3740 5810
598 517 800 593 Ann01423.
827 551 867 560 -
892 531 941 578 21.
965 516 1049 578 maii.

1400 539 1457 601 123

300 725 378 788 Item
403 727 546 788 seniores
569 725 691 808 judices
714 727 981 808 adjudicaverunt
998 749 1125 791 causam
1151 749 1209 812 pro
1233 731 1376 812 quodam
1395 729 1458 795 iru-

192 845 303 893 mento
328 832 502 894 anichilato
527 833 609 895 inter
633 833 813 895 iohannem
838 834 940 896 Ptauz
961 835 1085 916 pridem
1110 835 1249 916 judicem
1274 849 1305 898 et
1330 836 1453 918 Grego-

191 939 277 1000 rium
301 938 443 1001 habitam
472 959 512 1002 eo
543 939 654 1018 modo,
685 940 775 1022 quod
808 941 874 1024 ipse
900 939 1077 1022 Gregorius
1108 943 1167 1024 ipsi
1192 941 1330 1004 lohanoi
1355 943 1453 1024 judici

190 1045 295 1106 Prauz
308 1045 406 1106 hodie
419 1045 459 1107 ad
468 1059 542 1107 octo
555 1045 623 1106 dies
637 1045 732 1108 debet
745 1045 826 1108 duos
837 1048 972 1109 cubulos
990 1045 1141 1110 frumenti
1159 1049 1233 1111 dare
1252 1063 1283 1112 et
1297 1049 1458 1112 exhibere.

300 1151 378 1214 ltem
412 1152 554 1214 seniores
585 1151 707 1233 judices
738 1152 1003 1234 adjudicaverunt
1034 1173 1161 1216 causam
1193 1157 1275 1218 inter
1298 1157 1455 1218 Jacobum

190 1256 341 1318 Horuath
366 1257 561 1320 modernum
587 1258 726 1338 juratum
752 1272 783 1320 et
807 1258 993 1340 Dragchcch
1011 1259 1151 1322 habitam
1177 1280 1215 1322 eo
1240 1262 1351 1342 modo,
1368 1262 1458 1343 quod

191 1364 271 1444 quia
296 1363 483 1444 Dragchech
499 1365 683 1447 pecuniam,
706 1385 804 1446 quarn
829 1365 889 1448 ipsi
914 1366 1035 1428 lacobo
1053 1366 1195 1445 dederat,
1213 1366 1364 1448 perdidit,
1381 1369 1457 1450 quia

192 1470 382 1532 testimonio
407 1471 618 1554 comprobare
642 1491 707 1534 non
731 1472 845 1554 potuit.

302 1577 380 1639 Item
398 1577 515 1639 eodem
532 1576 582 1640 die
608 1578 759 1640 dominus
776 1578 888 1640 Petrus
904 1579 1062 1661 plebanus
1078 1591 1110 1641 et
1125 1579 1316 1642 Valentinus
1333 1581 1458 1663 pridem

189 1681 323 1761 juratus,
348 1703 406 1766 pro
432 1683 572 1766 quadam
596 1696 678 1746 terra
702 1704 760 1766 pro
785 1705 848 1767 qua
866 1683 1048 1747 habueruut
1064 1685 1146 1764 lites,
1171 1683 1316 1748 fecerunt
1335 1707 1458 1770 pacem.

284 1882 382 1957 Faria
411 1893 510 1959 sexta
537 1890 693 1977 proxima
720 1895 798 1978 post
826 1889 949 1960 testum
977 1887 1193 1962 decessionis
1221 1890 1362 1962 Domini.

732 2042 795 2120 (14.
819 2042 914 2120 mair).

298 2181 377 2243 ltem
413 2183 549 2244 Mranlto
584 2182 801 2264 jurameutum
833 2182 893 2244 sibi
926 2181 1145 2264 adjudicatum
1177 2183 1319 2245 secundo
1357 2203 1390 2246 se
1426 2185 1458 2246 in

188 2307 286 2350 causa
310 2289 476 2370 sauguinis
500 2301 531 2350 et
554 2290 724 2351 verberum
761 2289 910 2372 deposuit
934 2301 966 2350 et
989 2289 1125 2371 prestitit
1151 2302 1184 2351 ut
1209 2289 1325 2351 debuit
1349 2304 1458 2352 contra

190 2395 359 2456 Andream
383 2395 567 2478 Zwechyar.

299 2501 377 2563 ltem
403 2501 534 2563 Barthol
558 2499 644 2563 filius
661 2499 746 2562 lwan
763 2499 982 2583 juramentum
1000 2501 1060 2563 sibi
1077 2501 1297 2582 adjudicatum
1316 2502 1347 2564 in
1365 2521 1459 2564 causa

187 2627 359 2670 vaccarum
384 2621 494 2670 contra
519 2609 649 2670 Petrum
666 2607 919 2690 Plemenschyak
936 2623 967 2668 et
988 2608 1162 2670 Martinum
1184 2607 1287 2670 filium
1311 2608 1456 2670 eiusdem

188 2713 291 2776 tercio
315 2733 349 2775 se
374 2714 561 2776 concivibus
585 2713 721 2796 prestitit
747 2727 781 2776 ut
805 2713 926 2776 debuit.

299 2819 379 2882 ltem
403 2819 571 2902 Philippus
596 2819 743 2882 Frakulra
763 2820 877 2898 dictus,
909 2819 1123 2901 juramentum
1149 2819 1207 2882 sibi
1233 2819 1454 2901 adjudicatum

189 2942 302 2990 contra
317 2927 515 3009 Stephanum
532 2939 686 2989 sartorem
711 2925 789 2986 alias
806 2926 931 2988 Banum
955 2926 1087 3005 dictum,
1106 2929 1137 2987 in
1156 2925 1238 2988 lacto
1263 2927 1371 2988 tunice
1389 2947 1459 3009 pre-

188 3035 270 3096 stitit
294 3047 327 3094 et
350 3033 501 3116 deposuit
524 3045 559 3096 ut
582 3032 702 3094 debuit.

299 3140 379 3202 ltem
403 3139 478 3220 quia
503 3137 702 3220 Margaretha
727 3136 791 3200 filia
816 3137 953 3200 condam
979 3137 1132 3219 Stephani
1157 3137 1236 3200 labri
1262 3159 1353 3202 soror
1386 3153 1453 3201 ute·

189 3247 259 3307 rina
285 3246 375 3328 olym
401 3245 531 3307 Andree
555 3245 701 3306 similiter
725 3243 805 3306 fabri
838 3243 895 3306 lilii
919 3245 995 3306 dicti
1021 3243 1174 3326 Stephani
1208 3243 1299 3324 labri,
1325 3265 1458 3307 consors

189 3353 301 3433 itaque
327 3350 459 3433 Georgii
485 3351 602 3413 sutoris
626 3350 683 3414 filii
708 3351 806 3413 Blasii
831 3351 907 3412 dicti
933 3350 1089 3430 Forgach,
1114 3351 1255 3412 concivis
1280 3365 1398 3432 nostra,
1424 3351 1457 3413 id

189 3479 264 3520 cum
291 3457 433 3520 evidenti
457 3471 488 3520 et
511 3457 676 3538 fidedigno
701 3471 884 3519 nostrorum
906 3457 1088 3519 concivium
1113 3457 1299 3519 testimonio
1325 3457 1458 3520 insede

189 3580 300 3627 nostra
326 3563 490 3644 judiciaria
515 3565 598 3626 clare
623 3563 845 3645 comprobavit
876 3583 984 3624 coram
1018 3564 1120 3641 nobis,
1146 3578 1179 3625 ut
1211 3564 1289 3626 dum
1314 3561 1456 3646 prefatus

189 3673 339 3734 Andreas
364 3670 452 3732 faber
477 3671 508 3731 in
526 3673 675 3732 extremis
691 3671 876 3749 laborasset,
900 3683 976 3732 tunc
993 3670 1166 3751 quemdam
1192 3669 1346 3752 (h)ortum
1363 3690 1457 3732 suum

190 3799 266 3840 cum
294 3778 393 3839 domo
418 3778 450 3838 iu
475 3777 630 3838 suburbio
652 3777 787 3838 civitatis
809 3777 841 3837 in
872 3776 1021 3858 opposito
1053 3777 1185 3837 ecclesie
1218 3777 1303 3837 beati
1328 3776 1458 3838 Martini

188 3883 394 3963 confessoris,
419 3883 500 3946 inter
524 3883 658 3944 domum
685 3882 838 3964 Stephani
865 3883 1022 3963 Hungari,
1047 3881 1151 3963 jurati,
1177 3883 1319 3944 concivis
1344 3884 1456 3963 nostri,

188 4006 221 4053 et
245 3991 401 4073 (h)ortum
433 3989 565 4052 domine
590 3989 710 4051 Cecilie
732 3989 878 4050 habitum
905 4002 936 4050 et
968 3988 1166 4066 existentem,
1199 3988 1305 4050 eidem
1330 3990 1455 4070 Marga-

188 4098 282 4160 rethe
307 4096 442 4178 legasset
466 4111 497 4158 et
514 4095 686 4156 dimisisset
709 4109 865 4178 perpetuo
881 4094 1124 4176 possidendum,
1150 4094 1224 4156 ideo
1241 4114 1300 4156 nos
1317 4095 1457 4157 eundem

189 4203 348 4286 (h)ortum
373 4204 405 4264 in
429 4202 585 4264 suburbio
609 4202 693 4263 dicte
716 4201 862 4279 civitatis,
887 4215 921 4261 ut
937 4199 1093 4282 prefertur
1116 4201 1273 4279 habitum,
1298 4220 1372 4262 cum
1388 4202 1455 4262 suis

190 4309 387 4372 utilitatibus
411 4320 443 4370 et
472 4308 679 4390 pertinenciis
710 4307 868 4368 universis
899 4321 1076 4368 memorate
1109 4307 1308 4387 Margarethe
1337 4320 1368 4370 et
1391 4307 1457 4368 suis

189 4415 368 4478 heredibus
391 4413 561 4476 statuimus
584 4427 615 4475 et
639 4413 830 4494 reliquimus
846 4426 1001 4494 perpetuo
1027 4425 1058 4474 et
1083 4413 1334 4476 irrevocabiliter
1358 4414 1459 4496 possi-

189 4520 336 4582 dendum
362 4535 393 4582 et
416 4519 722 4602 quomodocumque
747 4519 885 4580 voluerit
910 4517 1158 4600 disponendum.

354 4685 453 4760 Feria
481 4697 578 4760 sexta
606 4689 759 4777 proxima
789 4695 866 4758 arte
895 4687 1019 4758 lestum
1047 4687 1293 4758 Penthecostes.

731 4837 796 4918 (21.
821 4839 923 4913 maii).

301 4981 382 5044 ltem
408 4982 484 5063 quia
510 4981 655 5043 Andreas
687 4980 771 5044 filius
795 4981 926 5064 Mathey
951 4981 990 5042 de
1014 4979 1215 5042 Letouanich
1240 4981 1271 5043 in
1297 4979 1460 5044 furticinio

192 5088 326 5174 publice
350 5088 383 5150 in
410 5087 572 5152 territorio
596 5099 706 5152 nostro
730 5099 776 5150 est
793 5087 1022 5170 deprehensus,
1047 5087 1120 5150 ideo
1137 5085 1231 5169 jurati
1256 5087 1461 5170 adjudicave-
