3734 5796
618 527 889 610 Ann01438.-
913 545 943 599 o.
967 534 1047 593 maii.
1411 535 1470 614 285

206 761 280 805 cum
304 741 475 805 sufficienti
509 743 705 808 documento
740 759 772 807 et
802 744 988 807 testimonio
1016 757 1176 806 certorum
1209 744 1390 808 concivium
1414 766 1473 808 no·

206 861 345 912 strorum
368 851 402 912 in
427 851 502 912 sede
526 866 633 913 nostra
651 851 817 934 judiciaria
842 851 925 913 clare
943 863 974 914 et
996 851 1114 912 seriose
1139 871 1248 914 coram
1272 852 1367 915 nobis
1384 873 1471 916 com·

207 957 365 1036 probavit,
389 970 425 1018 ut
448 957 526 1018 dum
557 959 625 1040 ipse
655 959 687 1020 in
719 960 868 1022 extremis
891 960 955 1022 vite
986 977 1043 1020 sue
1067 959 1254 1040 temporalis
1286 959 1471 1037 laborasset,

206 1074 283 1123 tunc
307 1060 448 1144 prelatus
482 1063 605 1146 Symon
637 1083 766 1126 mornar
795 1065 927 1128 totalem
960 1084 1052 1128 suam
1084 1065 1272 1147 porcionem
1305 1065 1472 1128 cuiusdam

207 1168 334 1248 domus,
359 1167 450 1231 fundi
475 1183 506 1232 et
529 1164 754 1233 hedificiorum
779 1171 908 1234 inviso
936 1171 1083 1234 exteriori
1115 1191 1171 1233 seu
1195 1171 1301 1254 platee
1324 1186 1470 1235 sutorum

207 1273 310 1337 lutosa
327 1275 446 1355 habite,
471 1295 569 1338 unum
593 1277 743 1340 videlicet
766 1291 913 1361 quartam
930 1291 961 1340 et
976 1293 1121 1340 octavam
1147 1278 1233 1341 curie
1258 1278 1290 1340 in
1314 1298 1348 1341 se
1372 1279 1472 1340 conti-

207 1395 348 1460 nentem,
364 1382 552 1464 porcionem
568 1382 719 1446 videlicet
734 1402 836 1463 suam,
853 1397 890 1447 ut
905 1384 1078 1468 predicitur
1102 1383 1134 1445 in
1158 1403 1192 1445 se
1209 1396 1355 1466 quartam
1375 1403 1473 1446 unam

209 1485 440 1566 continentem,
465 1507 538 1548 cum
562 1489 628 1550 suis
658 1488 866 1571 pertinenciis
896 1490 1025 1552 Andree
1049 1490 1149 1551 sutori
1182 1489 1289 1552 vicino
1313 1509 1372 1552 suo
1397 1509 1472 1552 con-

208 1593 298 1672 tiguo
322 1603 354 1654 et
381 1592 569 1672 inmediato,
587 1592 654 1656 lilio
671 1595 800 1657 Thorne
825 1608 934 1658 nostro
951 1595 1098 1658 similiter
1114 1595 1238 1658 concivi
1263 1615 1298 1658 ac
1322 1615 1379 1678 per
1396 1613 1471 1656 eum

206 1699 270 1759 suis
293 1698 467 1761 heredibus
489 1719 548 1782 pro
572 1720 689 1763 novem
714 1699 783 1763 flor.
808 1701 877 1764 auri
905 1701 1113 1781 vendidisset,
1137 1713 1168 1762 et
1191 1701 1396 1763 medietatem
1415 1721 1470 1783 pe·

207 1804 374 1866 cuniarum
406 1825 464 1887 pro
496 1807 613 1887 quibus
643 1807 810 1888 vendetur,
842 1806 962 1890 prefate
995 1805 1172 1890 Elyzabeth
1206 1806 1296 1868 uxori
1320 1826 1377 1868 sue
1410 1826 1469 1889 pro

207 1911 313 1972 anima
337 1931 394 1974 sua
411 1913 602 1994 expendere,
627 1914 723 1976 aliam
744 1927 852 1977 autem
869 1915 1074 1976 medietatem
1092 1915 1233 1997 ipsarum
1258 1913 1468 1996 pecuniarum

209 2016 314 2078 eidem
340 2019 517 2102 Elyzabeth
543 2021 633 2082 uxori
658 2040 714 2082 sue
739 2034 770 2084 et
794 2041 894 2104 puero
919 2041 977 2084 suo
994 2040 1053 2104 pro
1074 2021 1184 2083 usibus
1208 2039 1319 2084 eorum
1344 2040 1470 2082 conser-

211 2143 283 2184 vare
308 2143 364 2185 seu
381 2125 517 2188 retinere
534 2125 716 2207 dimisisset,
734 2127 874 2209 ideoque
891 2147 950 2189 nos
966 2126 1121 2210 prefatam
1139 2128 1326 2209 porcionem
1344 2128 1471 2208 domus,

211 2230 398 2312 porcionem
424 2233 545 2295 scilicet
568 2233 667 2315 ipsius
684 2233 846 2317 Symonis,
863 2253 960 2295 unam
979 2248 1013 2295 ut
1036 2233 1210 2315 predicitur
1222 2247 1367 2296 octavam
1386 2234 1472 2296 curie

208 2336 239 2397 in
265 2356 298 2398 se
322 2337 552 2418 continentem,
577 2359 649 2402 cum
673 2340 739 2402 suis
763 2340 968 2422 pertinenciis
990 2337 1113 2422 prelato
1134 2339 1263 2402 Andree
1287 2341 1387 2402 sutori
1410 2353 1472 2402 sta·

208 2443 329 2504 tuimus
352 2457 509 2527 perpetuo
541 2445 768 2527 possidendam
800 2447 860 2508 sibi
888 2465 924 2508 ac
948 2466 1004 2528 per
1036 2463 1110 2508 eum
1142 2447 1208 2506 suis
1238 2445 1411 2507 heredibus
1434 2465 1470 2508 ac

208 2551 517 2634 quomodocumque
540 2552 679 2614 voluerit
702 2551 936 2636 disponendam
969 2552 1056 2635 juxta
1081 2552 1307 2614 condicionem
1331 2552 1469 2614 civitatis

210 2671 375 2740 prenotate
400 2660 440 2720 ab
468 2659 602 2741 antiquo
624 2662 845 2742 approbatam.

315 2765 391 2826 ltem
418 2765 493 2847 quia
519 2764 700 2848 Stephanus
723 2779 824 2827 sartor
848 2765 950 2826 dictus
975 2765 1053 2843 Bao,
1082 2764 1224 2826 concivis
1247 2777 1365 2844 noster,
1389 2763 1472 2846 jura·

208 2883 353 2930 mentum
377 2889 472 2953 super
496 2891 535 2932 eo
559 2871 619 2933 sibi
649 2870 879 2953 adjudicatum,
904 2884 939 2932 ut
969 2869 1036 2952 ipse
1061 2871 1092 2931 in
1109 2870 1382 2932 concremacione
1416 2890 1471 2932 sue

209 2975 326 3037 domus
350 2991 381 3039 et
404 2976 629 3040 hedificiorum
646 2997 682 3040 ac
699 2990 887 3040 cunctarum
905 2997 1012 3039 rerum
1035 2997 1166 3038 suarum
1184 2976 1216 3038 in
1241 2977 1354 3038 eadem
1372 2977 1470 3038 domo

208 3096 239 3144 et
263 3081 419 3145 hedificiis
443 3083 508 3145 suis
523 3083 717 3163 habitarum,
739 3103 836 3166 quam
854 3083 1152 3146 concremacionem
1177 3102 1345 3166 perpessus
1369 3097 1415 3144 est
1431 3086 1471 3144 ab

210 3187 361 3250 incendio
386 3189 502 3254 domus
527 3189 665 3252 condam
688 3190 821 3272 Georgii
846 3188 960 3271 judicis
984 3209 1040 3272 per
1057 3189 1184 3272 culpam
1209 3189 1364 3267 eiusdem,
1388 3187 1472 3252 lecto

209 3293 242 3354 in
276 3294 363 3356 LXX
396 3294 465 3359 flor.
490 3296 558 3357 auri
591 3296 766 3378 dampnum
799 3295 912 3358 babuit
943 3309 974 3358 et
1004 3315 1114 3378 passus
1139 3309 1195 3375 est,
1227 3297 1363 3378 prestitit
1386 3296 1472 3358 idem

208 3399 424 3481 juramentum
450 3415 481 3464 et
504 3402 653 3485 deposuit
669 3415 704 3464 ut
720 3403 831 3464 debuit
855 3400 933 3464 feria
954 3417 1040 3464 serta
1064 3402 1210 3484 proxime
1235 3415 1308 3484 post
1324 3415 1470 3464 octavam

208 3505 306 3569 Pasce
331 3508 463 3570 Domini
494 3528 579 3570 nunc
612 3510 756 3591 proxime
788 3508 971 3591 preteritum
1002 3527 1097 3591 super
1128 3509 1247 3570 eisdem
1277 3509 1365 3571 Lxx
1401 3508 1472 3572 flor.

210 3614 290 3692 auri,
315 3614 453 3696 ideoque
474 3629 539 3678 tota
557 3616 772 3677 communitas
795 3616 862 3698 pari
888 3629 920 3678 et
942 3614 1086 3676 unanimi
1111 3615 1276 3678 voluntate
1293 3615 1467 3697 quamdam

138 3733 143 3744 ·
209 3717 344 3781 domum
369 3734 527 3782 muratam
553 3733 584 3783 et
607 3719 744 3783 fundum
765 3741 801 3783 ac
818 3721 965 3782 hedificia
989 3721 1088 3804 ipsius
1105 3719 1242 3782 condam
1267 3719 1400 3804 Georgii
1424 3721 1472 3803 ju-

210 3823 290 3886 dicis
314 3825 346 3887 in
371 3826 454 3888 dicta
478 3827 606 3891 civitate
631 3827 713 3889 inter
737 3827 852 3890 domos
885 3840 915 3888 ct
938 3825 1075 3888 fundum
1101 3825 1257 3888 iohannis
1288 3825 1403 3906 judicis
1435 3847 1471 3888 sc

211 3930 279 3992 vias
302 3951 358 3993 seu
382 3931 504 4014 plateas
527 3953 717 3996 communes
739 3933 893 4014 habitam,
917 3953 980 4015 que
1012 3933 1148 3995 condam
1174 3933 1284 3994 Jacobi
1309 3933 1397 4015 olym
1422 3952 1472 3994 ca·

211 4035 339 4099 stellani
364 4038 403 4098 de
428 4039 554 4102 Medwe
585 4039 757 4122 prefuerat,
789 4041 894 4123 ipsum
926 4039 1103 4121 Georgium
1128 4039 1266 4122 judicem
1298 4039 1472 4102 literatorie

210 4157 469 4225 concernentem,
486 4165 558 4207 cum
577 4146 642 4208 suis
665 4147 857 4208 utilitatibus
875 4159 905 4208 et
924 4145 1129 4229 pertinenciis
1145 4145 1301 4207 universis
1325 4145 1471 4227 predicto

211 4249 376 4332 Stephano
401 4250 492 4313 Bano
515 4253 627 4314 sartori
645 4251 872 4334 dampnificato
889 4271 948 4334 pro
964 4251 1113 4334 dampnis
1130 4265 1161 4312 et
1177 4252 1379 4313 nocumentis
1395 4251 1472 4330 suis,

208 4375 303 4439 super
326 4357 444 4438 quibus
468 4357 501 4420 in
535 4359 643 4421 valore
675 4359 763 4420 LXX
791 4359 859 4421 flor.
891 4359 960 4420 auri
991 4357 1106 4440 juravit
1137 4377 1174 4418 ex
1206 4371 1313 4420 accrto
1345 4357 1385 4419 ad
1418 4377 1471 4418 va·

209 4462 310 4524 lorem
344 4483 401 4526 seu
424 4483 483 4546 pro
514 4463 621 4526 valore
655 4464 843 4527 eorumdem
878 4464 965 4526 LXX
989 4462 1058 4526 flor.
1091 4464 1158 4525 auri
1183 4463 1293 4525 statuit
1323 4477 1354 4525 et
1385 4483 1471 4525 com·

210 4570 295 4632 misit
311 4569 379 4653 jure
396 4584 552 4654 perpetuo
566 4583 596 4632 et
609 4571 861 4633 irrevocabiliter
876 4569 1103 4652 possidendam
1117 4583 1148 4631 et
1161 4570 1470 4651 quomodocumque

208 4677 346 4740 voluerit
369 4678 604 4762 disponendam
626 4677 712 4760 juxta
737 4678 963 4740 condicionem
987 4676 1123 4738 civitatis
1155 4689 1320 4758 prenotate
1345 4678 1385 4738 ab
1411 4696 1467 4738 an-

207 4785 299 4868 tiquo
323 4787 544 4868 approbatam.

316 4892 393 4954 ltem
418 4893 494 4972 quia
520 4891 658 4953 Michael
683 4891 809 4952 institor
839 4887 924 4952 filius
956 4888 1100 4970 Georgii,
1124 4887 1265 4950 concivis
1297 4901 1415 4965 noster,
1439 4885 1470 4946 id

209 5019 282 5062 curn
307 4996 476 5061 sufficienti
501 5011 532 5060 et
548 4997 712 5079 fidedigno
737 5009 919 5059 nostrorum
937 4995 1118 5058 concivium
1135 4993 1321 5056 testimonio
1346 4991 1471 5054 insede
