3740 5810
564 553 764 630 Ana01421.
787 585 832 594 -
856 565 902 613 rr.
918 551 1070 627 januarii.
1405 567 1446 632 97

177 783 312 826 uxorem
337 765 437 847 ipsius
461 765 614 847 Stephani
640 765 795 827 innocens
811 775 893 826 esset
917 777 948 825 et
972 763 1114 825 inmunis
1138 763 1168 824 in
1198 762 1333 825 crimine
1357 761 1445 823 vide-

177 871 253 932 licet
282 871 414 952 quodad
446 871 548 953 ipsam
585 870 698 932 eadem
722 870 821 932 Elena
855 883 1033 932 accusasset
1056 881 1087 930 et
1118 869 1245 930 racione
1270 868 1361 931 cuius
1389 887 1447 950 per

177 977 446 1040 communitatem
470 978 600 1040 detenta
624 975 694 1056 luit,
719 976 792 1039 ideo
825 975 926 1059 ipsam
950 974 1173 1038 commisimus
1204 975 1386 1058 expeditam
1413 975 1445 1036 in

178 1081 264 1144 lacto
288 1095 470 1164 prenotato.

288 1208 366 1270 item
401 1208 516 1271 Gallus
545 1223 647 1272 sartor
678 1221 788 1272 contra
813 1208 992 1271 lohannem
1024 1222 1178 1270 sartorem
1203 1207 1308 1289 primo
1333 1205 1447 1269 citatus

178 1333 245 1376 non
271 1315 461 1396 comparuit.

287 1420 366 1482 ltem
391 1421 467 1502 quia
491 1419 609 1483 mulier
633 1421 720 1504 Lepa
744 1421 829 1484 dicta
850 1421 957 1503 sepius
973 1420 1097 1482 monita
1120 1420 1160 1482 ad
1182 1419 1374 1482 solvendum
1393 1417 1447 1482 de·

179 1527 244 1588 bita
269 1547 324 1588 sex
348 1525 556 1606 florenorum,
580 1528 698 1610 quibus
722 1527 897 1590 benedicto
921 1526 989 1590 filio
1013 1525 1139 1589 Nicolai
1162 1539 1298 1606 tenetur,
1322 1525 1447 1586 solvere

179 1631 315 1695 minime
349 1633 482 1712 curavit,
514 1633 588 1696 ideo
621 1653 681 1698 nos
711 1633 886 1716 quemdam
918 1632 1072 1716 (h)ortum
1104 1645 1190 1694 extra
1223 1651 1333 1694 muros
1365 1631 1448 1693 inter

179 1737 318 1820 (h)ortos
342 1738 473 1822 Gyuani
497 1753 528 1802 et
551 1740 677 1802 Nicolai
695 1731 841 1822 Lipouch
867 1739 1066 1819 existentem,
1084 1758 1143 1821 pro
1159 1738 1280 1801 eisdem
1304 1757 1358 1800 sex
1375 1735 1447 1799 flor.

180 1844 239 1926 ipsi
265 1845 441 1907 Benedicto
465 1859 623 1928 perpetuo
646 1847 815 1909 statuimus
838 1846 1080 1930 possidendum.

288 1969 367 2030 ltem
400 1969 431 2030 in
457 1989 551 2030 causa
576 1969 659 2031 inter
689 1969 832 2032 relictam
857 1981 888 2032 et
915 1968 1014 2032 filiam
1048 1967 1246 2050 Sigismundi
1270 1967 1364 2050 jurati
1389 1967 1444 2029 ad-

180 2072 376 2154 judicarunt,
400 2075 475 2156 quia
495 2075 526 2136 in
545 2073 658 2137 eadem
676 2095 769 2137 causa
786 2075 878 2138 litere
894 2087 1051 2138 venerunt
1075 2074 1172 2156 regie,
1189 2073 1264 2136 ideo
1281 2073 1313 2135 in
1330 2073 1444 2136 eadem

182 2182 266 2242 inter
289 2181 449 2263 predictas
473 2181 618 2244 relictam
643 2194 675 2244 et
697 2181 796 2244 filiam
826 2179 1024 2262 Sigismundi
1056 2182 1098 2242 ab
1121 2201 1184 2242 una
1208 2193 1240 2242 et
1263 2179 1443 2241 lohannem

182 2287 376 2350 modernum
402 2287 541 2369 judicem
566 2307 599 2350 se
623 2289 835 2352 intromittere
860 2307 925 2350 non
942 2287 1061 2349 vellent
1077 2299 1187 2349 contra
1212 2286 1320 2350 literas
1344 2285 1447 2366 regias

182 2395 362 2477 primarias,
394 2395 426 2455 in
459 2415 523 2477 qua
554 2415 648 2456 causa
670 2385 759 2456 idem
790 2393 952 2456 Johannes
982 2393 1111 2456 volebat
1143 2391 1320 2475 producere
1342 2403 1447 2470 testes,

180 2500 235 2560 sed
259 2501 319 2582 ipsi
344 2500 439 2582 jurati
463 2512 558 2562 testes
581 2501 693 2562 andire
717 2500 902 2562 noluerunt.

286 2624 365 2686 Item
402 2625 434 2686 in
467 2643 560 2686 causa
595 2625 677 2686 inter
707 2624 895 2706 magistrum
929 2622 1108 2685 Fabianum
1138 2636 1173 2684 ut
1205 2633 1446 2704 procuratorem

182 2730 361 2792 Clementis
385 2743 415 2793 et
446 2731 610 2794 Andream
641 2729 781 2812 judicem
817 2731 945 2792 racione
976 2729 1068 2791 bovis
1099 2741 1231 2807 motam,
1264 2727 1446 2810 judicarunt

180 2836 286 2918 jurati,
310 2836 399 2918 quod
425 2836 511 2899 idem
535 2837 680 2899 Andreas
704 2851 818 2899 octavo
852 2835 903 2898 die
927 2835 1089 2898 tenebitur
1120 2835 1260 2917 recipere
1284 2833 1324 2895 ad
1349 2832 1445 2897 fidem

181 2956 342 3025 quantum
368 2943 426 3004 bos
448 2943 559 3022 valuit,
584 2958 615 3006 et
637 2943 768 3006 tandem
799 2943 950 3026 magister
972 2941 1134 3004 Fabianus
1165 2941 1271 3024 ipsum
1302 2940 1445 3017 solvere3

184 3062 216 3110 et
240 3049 326 3111 idem
345 3049 506 3112 Fabianus
522 3049 562 3112 de
579 3049 699 3132 judicio
717 3069 829 3112 eorum
858 3069 922 3112 non
940 3061 1108 3111 contentus
1124 3047 1218 3110 traxit
1234 3047 1274 3109 ad
1291 3046 1443 3110 seniores.

288 3172 368 3235 ltem
394 3173 590 3236 Laurencius
620 3171 706 3236 filius
737 3172 870 3254 Georgii
902 3171 1124 3256 comprobavit
1155 3171 1341 3234 testimonio
1365 3169 1444 3233 fide·

182 3277 292 3360 digno,
317 3279 407 3360 quod
433 3280 543 3362 porcio
560 3281 652 3342 vinee
677 3279 717 3341 ab
742 3299 840 3343 uxore
857 3299 914 3344 sna
936 3278 1088 3342 remansit
1103 3277 1144 3340 ad
1168 3277 1286 3360 ipsum.

285 3517 432 3589 Sabbata
460 3521 614 3607 proximo
642 3524 721 3608 post
747 3518 872 3590 festum
899 3513 1162 3608 Epiphanlarum
1188 3515 1329 3587 Domini.

691 3690 752 3766 (tr.
766 3689 934 3766 januarii).

288 3843 366 3905 Item
391 3843 533 3906 seniores
556 3844 678 3926 judices
709 3846 742 3907 in
767 3865 860 3908 causa
891 3864 948 3929 per
972 3845 1134 3907 Thomam
1160 3857 1270 3906 contra
1299 3843 1444 3905 relictam

181 3949 321 4011 condam
346 3949 474 4012 Andree
500 3951 677 4014 Hemchich
702 3966 789 4014 mota
813 3965 844 4013 et
867 3969 924 4034 per
946 3951 1067 4032 juratos
1084 3951 1230 4033 superius
1253 3947 1445 4030 adjudicata,

181 4056 273 4118 acin
299 4057 498 4138 presenciam
522 4071 664 4120 nostram
696 4059 819 4120 scilicet
849 4057 1013 4120 seniorum
1046 4071 1182 4141 recepta,
1213 4077 1272 4119 nos
1303 4056 1445 4118 seniores

180 4163 225 4224 sic
241 4163 464 4246 judicavimus,
487 4165 563 4246 quia
580 4164 664 4226 idern
684 4164 829 4226 Thomas
846 4177 955 4228 contra
972 4163 1108 4226 eandem
1124 4163 1337 4246 proponebat,
1356 4161 1444 4245 quod

181 4269 248 4350 ipsa
272 4269 382 4331 relicta
418 4271 549 4332 nomine
574 4270 699 4333 Martha
728 4271 833 4332 eidem
867 4269 996 4333 Thome
1020 4270 1149 4352 triginta
1182 4269 1311 4332 florenis
1335 4281 1367 4332 et
1390 4289 1444 4332 sex

181 4373 312 4437 florenis
337 4375 405 4436 auri
430 4375 558 4438 debitor
581 4390 662 4438 esset
685 4389 716 4439 et
732 4377 952 4458 obligaretur;
976 4395 1041 4459 quo
1066 4376 1178 4438 audito
1203 4375 1316 4438 eadem
1333 4376 1444 4439 relicta

182 4480 348 4564 respondit
372 4501 410 4542 ex
437 4481 583 4562 adverso,
614 4482 704 4564 quod
736 4502 802 4545 non
833 4483 962 4564 triginta
987 4503 1041 4544 sex
1072 4481 1203 4544 florenis
1235 4482 1295 4544 sibi
1319 4481 1446 4544 debitor

183 4584 301 4667 luisset,
323 4586 379 4649 sed
396 4587 502 4650 solum
519 4588 643 4668 decem,
669 4608 751 4670 quos
774 4589 881 4651 eidem
897 4588 1119 4671 persolvisset;
1144 4607 1161 4650 e
1185 4607 1341 4651 converso
1358 4587 1444 4649 idem

183 4691 326 4755 Thomas
342 4693 513 4776 allegabat,
538 4695 627 4776 quod
645 4713 710 4756 non
727 4694 866 4757 dedisset
883 4695 989 4756 eidem
1012 4713 1070 4757 nec
1086 4693 1310 4777 persolvisset;
1329 4693 1445 4754 ultimo

183 4799 293 4860 eadem
318 4799 426 4861 relicta
449 4797 645 4862 sufficienter
668 4801 900 4884 comprobavit,
930 4801 1018 4882 quod
1042 4820 1079 4862 ex
1105 4799 1225 4862 eisdem
1250 4798 1362 4860 decem
1387 4797 1445 4860 flo-

184 4905 264 4966 renis
288 4917 428 4988 quatuor
452 4906 512 4968 sibi
536 4907 753 4989 persolvisset,
776 4927 835 4989 pro
868 4907 1001 4988 reliquis
1024 4925 1100 4968 vero
1133 4905 1283 4967 videlicet
1306 4924 1359 4966 sex
1384 4903 1443 4966 llo-

185 5011 264 5072 reuis
286 5013 356 5074 auri
380 5012 468 5074 idem
491 5011 638 5076 Thomas
668 5027 782 5076 octavo
817 5013 869 5075 die
899 5014 999 5078 tercio
1023 5033 1058 5076 se
1087 5012 1303 5094 juramentum
1329 5010 1446 5073 debeat

1320 5121 1339 5184 7
