3740 5810
392 531 433 595 72
705 575 710 588 ,
805 517 891 573 Anno
917 529 1008 594 1419.
1031 551 1075 560 -
1100 512 1150 576 18.
1167 513 1252 592 julii.

392 725 582 789 Dominicus
598 747 656 810 pro
680 728 831 811 predictis
850 727 916 790 suis
933 725 1130 790 facinoribus
1154 741 1186 790 et
1209 728 1391 790 excessibus
1413 727 1500 811 juxts
1525 746 1649 789 consve-

392 834 586 896 tudinarism
609 835 714 916 legem
745 835 882 898 civitatis
912 836 971 896 sub
1003 835 1115 898 eculeo
1139 834 1213 897 duci
1237 848 1269 898 et
1299 855 1357 918 per
1379 848 1527 918 parentes
1550 834 1645 917 ipsius

392 941 499 1024 puelle
523 940 687 1004 interfecte
717 962 775 1005 seu
795 941 1052 1023 consanguineos
1081 941 1235 1004 decollari
1268 942 1392 1022 debeat,
1422 954 1540 1004 tractus
1563 940 1647 1023 prius

392 1049 424 1110 in
449 1046 551 1111 cauda
574 1049 649 1130 equi
666 1068 722 1131 per
738 1049 860 1131 plateas
877 1048 1013 1110 civitatis
1036 1060 1066 1110 et
1083 1047 1156 1109 talis
1172 1048 1312 1111 vindicta
1326 1061 1527 1128 sumpmatur
1542 1046 1582 1108 de
1598 1066 1645 1108 eo.

419 1265 515 1342 Ferit
542 1276 641 1342 sexta
669 1272 823 1360 proxima
851 1277 927 1360 post
954 1269 1079 1342 festam
1110 1271 1206 1341 bente
1234 1267 1448 1358 Margaretbe
1482 1267 1625 1356 rriginis

911 1401 945 1466 et
971 1395 1137 1466 martiris.

930 1547 992 1625 (14.
1010 1547 1108 1622 siclis).

500 1687 578 1749 item
604 1685 696 1768 jurati
727 1685 963 1766 adjudicarunt,
995 1685 1083 1768 quod
1115 1685 1190 1766 quia
1215 1684 1375 1766 Georgius
1405 1683 1446 1746 de
1469 1683 1542 1745 vico
1568 1683 1652 1745 Lati·

394 1813 511 1856 norum
535 1793 620 1875 apud
646 1791 848 1855 Clementem
873 1811 971 1854 unam
1004 1810 1121 1873 equam
1146 1792 1279 1854 nomine
1310 1789 1463 1853 lurticinii
1487 1803 1656 1872 repererat,

393 1919 489 1982 super
512 1900 614 1982 ipsam
639 1917 728 1960 more
752 1898 847 1960 solito
883 1897 1097 1980 juramentum
1130 1911 1270 1980 prestare
1302 1896 1462 1959 tenebitur
1487 1895 1575 1978 quod
1599 1913 1655 1956 suu

395 2005 506 2068 luisset
530 2019 561 2066 et
585 2006 625 2067 ab
657 2005 726 2086 ipso
759 2001 860 2065 furata
891 2017 983 2082 esset,
1007 2017 1038 2066 et
1069 2004 1200 2066 tandem
1224 2001 1365 2086 prefatus
1396 2002 1548 2065 Clemens
1578 1999 1656 2062 feria

393 2111 489 2174 tercia
528 2111 674 2192 sequenti
706 2110 866 2172 tenebitur
896 2123 1037 2192 prestare
1069 2111 1101 2172 in
1139 2130 1178 2173 eo
1209 2111 1438 2194 juramentum,
1469 2109 1557 2192 quod
1590 2109 1657 2191 ipse

395 2219 531 2281 eandem
564 2237 622 2300 pro
654 2217 749 2279 rebus
780 2217 846 2278 suis
877 2217 1005 2280 emisset
1036 2237 1094 2280 nec
1126 2237 1196 2278 eam
1228 2215 1367 2278 furatam
1398 2216 1556 2292 scivisset;
1590 2235 1656 2297 quo

394 2337 524 2408 peracto
549 2323 634 2386 idem
659 2321 820 2405 Georgius
842 2337 952 2386 contra
986 2323 1188 2387 Clementem
1220 2323 1253 2385 in
1286 2323 1395 2385 medio
1419 2321 1595 2405 (hlomsgio
1619 2341 1658 2384 ex

395 2451 434 2493 eo
459 2431 676 2510 convincetur,
700 2429 775 2510 quia
800 2429 940 2492 eundem
964 2430 997 2491 in
1021 2442 1117 2512 caput
1139 2449 1232 2492 suum
1251 2442 1379 2512 ceperat
1399 2442 1429 2492 et
1446 2428 1562 2491 ultimo
1579 2447 1659 2491 con-

395 2537 504 2599 venire
529 2536 644 2598 renuit.

503 2642 582 2704 ltem
607 2641 693 2704 idem
718 2639 878 2722 Georgius
898 2655 1042 2724 repertus
1065 2655 1112 2705 est
1135 2643 1166 2704 in
1184 2641 1347 2706 furticinio
1372 2643 1519 2722 calcium,
1543 2641 1598 2723 qui
1623 2661 1659 2704 se

397 2748 436 2810 de
461 2748 594 2810 Poliana
618 2767 686 2809 esse
709 2748 879 2826 asserebat,
904 2761 935 2810 et
958 2761 1088 2830 propter
1111 2748 1173 2810 hoc
1197 2748 1311 2811 ductus
1336 2760 1383 2811 est
1408 2749 1467 2810 sub
1492 2748 1602 2810 eculeo
1626 2761 1660 2810 et

397 2854 512 2916 ultimo
536 2854 671 2936 turpiter
702 2854 821 2916 eiectus
852 2853 892 2914 de
923 2853 1061 2934 civitate,
1092 2874 1151 2917 nec
1175 2855 1258 2918 ultra
1289 2854 1485 2918 territorium
1510 2867 1657 2916 nostrum

397 2960 511 3024 debeat
538 2961 679 3025 introire.

434 3176 531 3252 leriu
560 3183 666 3252 tercia
694 3183 850 3270 proxima
878 3189 955 3270 post
983 3182 1107 3253 sestam
1134 3181 1231 3253 beate
1258 3181 1470 3271 Margaretbe
1497 3183 1640 3270 virginis

903 3312 937 3378 et
964 3307 1129 3377 martiris.

936 3455 1003 3538 (18.
1019 3457 1119 3539 sulti).

502 3595 580 3656 ltem
597 3593 731 3677 quidam
750 3594 862 3658 Gallus
876 3597 915 3660 de
932 3598 1080 3681 Zawrsys
1096 3611 1240 3680 repertus
1257 3611 1303 3660 est
1326 3598 1358 3659 in
1376 3596 1538 3660 furticinio
1554 3596 1659 3679 prima

394 3701 474 3780 vice,
499 3720 556 3783 pro
580 3720 645 3782 quo
670 3701 763 3783 jurati
787 3702 1060 3784 adjudicaverunt,
1085 3705 1190 3786 ipsum
1207 3705 1240 3766 in
1265 3704 1377 3767 eculeo
1395 3704 1464 3766 ovis
1486 3704 1607 3786 percuti
1625 3717 1660 3765 et

396 3808 526 3868 demum
552 3819 637 3869 extra
665 3808 825 3871 civitatem
852 3810 973 3871 baculis
989 3810 1058 3872 cedi
1083 3811 1139 3872 tali
1164 3831 1238 3872 cum
1254 3810 1456 3889 condicione,
1482 3809 1569 3893 quod
1588 3829 1656 3871 am·

396 3913 481 3995 plius
505 3913 665 3976 civitatem
682 3934 741 3977 nec
766 3915 835 3977 eius
851 3915 1063 3997 pertinencias
1080 3917 1175 3979 debet
1191 3919 1320 3997 intrare,
1344 3917 1370 3978 si
1387 3929 1496 3980 sutem
1514 3929 1658 3999 repertus

396 4019 501 4098 fuerit,
526 4019 581 4082 fiet
604 4020 644 4081 de
669 4039 707 4082 eo
732 4020 855 4102 justicia
880 4021 1057 4083 secundum
1082 4023 1179 4084 ritum
1203 4023 1349 4085 civitatis.

503 4125 581 4187 Item
606 4126 694 4208 quod
720 4125 873 4189 Clemens
900 4127 940 4188 de
964 4127 1144 4208 juramento
1176 4129 1237 4190 sibi
1261 4128 1445 4211 adjudicato
1477 4148 1535 4211 pto
1567 4126 1659 4190 furti·

396 4231 480 4293 cinio
506 4231 672 4294 cuiusdam
697 4252 779 4313 eque
804 4246 914 4295 contra
939 4232 1117 4314 Georgium
1151 4233 1191 4296 de
1223 4235 1294 4297 vico
1320 4235 1509 4298 Latinorum
1534 4248 1581 4296 est
1605 4255 1659 4297 ex-

397 4337 524 4420 peditus
547 4359 604 4421 per
627 4337 788 4401 sufficiens
811 4339 1033 4401 testimonium
1058 4354 1088 4402 et
1105 4340 1320 4422 juramentum
1342 4342 1402 4403 sibi
1426 4341 1658 4423 adjudicatum.

501 4445 580 4506 Item
604 4445 788 4507 Anthonius
811 4444 936 4527 pridem
960 4445 1056 4528 judex
1088 4448 1248 4510 commisit
1272 4447 1456 4530 expeditum
1483 4448 1659 4510 Martinam

398 4550 641 4614 Plemenschisk
664 4571 759 4634 super
782 4551 962 4634 juramento
987 4553 1047 4615 sibi
1071 4553 1254 4634 adjudicato
1278 4568 1388 4618 contra
1412 4555 1528 4638 ipsum.

504 4657 582 4719 ltem
607 4657 700 4738 jurati
717 4657 982 4738 adjudicaverunt
998 4659 1086 4741 quod
1104 4661 1222 4722 Paulus
1239 4659 1323 4722 lilius
1342 4660 1474 4742 Georgii
1492 4659 1531 4721 de
1550 4661 1660 4722 Noua·

398 4763 502 4826 kouch
528 4763 647 4826 furtum
672 4763 789 4826 fecerat
805 4777 836 4826 et
860 4765 975 4828 debeat
998 4766 1075 4848 poni
1099 4767 1138 4827 ad
1156 4767 1303 4828 eculeum
1328 4780 1359 4828 et
1383 4781 1469 4828 extra
1494 4765 1657 4828 civitatem

398 4870 521 4932 baculis
545 4871 665 4952 percuti
691 4871 883 4954 etamplius
907 4872 947 4933 ad
972 4872 1133 4934 civitatem
1158 4893 1215 4934 nec
1233 4874 1273 4935 ad
1297 4873 1493 4935 territorium
1519 4873 1657 4934 civitatis

397 4976 488 5038 nullo
513 4977 612 5038 modo
637 4978 763 5040 intrare.
