3876 5798
386 518 449 598 360
776 521 977 599 Ann01442.
1001 556 1045 566 —
1068 537 1116 599 13.
1140 525 1254 597 aprilis.

754 731 833 794 Item
858 733 1021 794 Fabianus
1044 747 1155 796 sartor.

753 837 832 900 Item
857 839 1048 902 Valentinus
1071 841 1269 903 tributarius.

752 945 831 1006 Item
856 946 978 1009 Petrus.

753 1051 831 1114 Item
856 1052 1114 1116 Bartholomeus.

752 1159 832 1220 Item
857 1159 1003 1222 Thomas
1030 1159 1181 1243 frenipar.

753 1265 831 1327 Item
857 1267 1055 1330 Leonardus.

753 1371 830 1432 Item
855 1373 1013 1436 Vrbanus.

753 1477 831 1540 Item
856 1476 1032 1560 Gregorius
1053 1479 1152 1546 faber.

752 1585 831 1646 Item
855 1585 1046 1648 Valentiam
1075 1587 1174 1651 faber.

752 1691 830 1754 Item
856 1693 1013 1754 Martinus
1037 1693 1136 1756 Iaber.

752 1797 830 1860 Item
855 1797 1018 1862 Iohannes
1042 1817 1153 1864 sartor.

752 1903 830 1966 Item
855 1905 1017 1967 Iohannes
1040 1927 1202 1970 successor
1227 1911 1317 1976 Beni.

752 2011 830 2072 Item
853 2011 964 2074 Petrus
987 2011 1181 2096 lucifigulus.

751 2117 830 2180 Item
856 2116 1032 2200 Gregorius
1060 2121 1235 2185 Valentini.

752 2225 830 2286 Item
855 2224 1017 2306 Georgius
1040 2223 1140 2289 faber.

752 2333 829 2394 Item
855 2331 1016 2412 Georqus
1040 2331 1151 2396 cliens.

490 2584 567 2645 Item
601 2581 742 2664 prelatus
772 2579 926 2642 Nicolaus
956 2580 1052 2662 judex
1084 2599 1222 2642 unacum
1253 2581 1363 2664 juratis
1395 2597 1426 2645 et
1457 2585 1652 2648 consiliariis

385 2689 576 2774 supradictis
600 2709 673 2751 cum
697 2707 855 2750 consensu
879 2699 910 2748 et
934 2686 1079 2748 unanimi
1099 2687 1264 2749 voluntate
1282 2690 1385 2751 tocius
1407 2693 1650 2755 communitatis

384 2796 495 2859 omnia
519 2809 634 2857 statuta
658 2808 689 2857 et
712 2794 838 2856 decreta
861 2805 927 2854 tam
952 2792 984 2853 in
1002 2793 1142 2874 antiquis
1166 2813 1264 2876 quam
1289 2795 1321 2856 in
1345 2797 1484 2879 presenti
1510 2800 1651 2861 laternis

385 2902 564 2984 conscripta
595 2915 626 2962 et
658 2901 843 2981 consIgnata
875 2899 915 2960 ad
947 2917 1060 2960 omnes
1092 2900 1261 2980 clausulas,
1293 2916 1410 2984 puncta
1435 2917 1466 2965 et
1496 2907 1650 2968 articulos

383 3011 527 3092 ipsorum
551 3021 708 3091 perpetuo
740 3021 771 3068 et
802 3005 1054 3068 irrevocabiliter
1084 3006 1220 3069 valitura
1245 3021 1276 3070 et
1308 3011 1508 3073 observanda
1534 3011 1649 3074 confir·

383 3128 521 3177 marunt.

462 3369 558 3444 terta
586 3377 685 3444 sexta
714 3372 868 3460 proxima
896 3377 972 3460 post
1000 3376 1156 3442 octavam
1185 3372 1263 3442 Iesti
1293 3372 1396 3444 Pasce
1424 3373 1565 3446 Domini.

902 3545 967 3622 (13.
991 3541 1127 3623 aprilis).

490 3700 569 3762 Item
602 3701 676 3782 quia
702 3699 849 3782 Mathyas
880 3699 1098 3781 carpentarius
1129 3698 1213 3761 filius
1234 3701 1354 3763 Vrbani
1386 3701 1546 3764 habitator
1570 3703 1648 3765 civi-

381 3806 457 3869 tatis
481 3805 622 3888 predicte
648 3806 679 3867 id
705 3826 778 3867 cum
802 3804 972 3868 suificIenti
997 3819 1028 3868 et
1056 3804 1220 3888 fidedigno
1253 3806 1438 3868 testimonio
1463 3808 1647 3870 concivium

382 3927 570 3975 nostrorum
596 3913 680 3974 clare
703 3927 734 3974 et
766 3913 884 3974 seriose
916 3912 1140 3994 comprobavit
1170 3932 1278 3975 coram
1302 3913 1407 3991 nobis,
1439 3927 1474 3976 ut
1498 3914 1576 3976 dum
1600 3915 1649 3976 vir

385 4018 523 4081 condam
549 4018 704 4099 providus
728 4019 894 4080 Emericus
917 4031 1018 4080 sartor
1049 4017 1132 4080 filius
1157 4019 1243 4079 Luce
1268 4019 1300 4079 in
1332 4021 1481 4080 extremis
1504 4020 1568 4082 vite
1591 4041 1647 4082 sue

382 4125 571 4207 temporalis
589 4125 775 4204 laborasset,
798 4139 875 4187 tunc
898 4125 966 4207 ipse
991 4125 1164 4206 quemdam
1182 4125 1318 4187 fundum
1343 4146 1436 4187 suum
1462 4127 1589 4189 civilem
1615 4128 1646 4188 in

388 4231 544 4293 suburbio
569 4231 704 4293 civitatis
727 4231 869 4312 predicte
893 4231 1049 4310 habiturn,
1075 4231 1180 4313 ipsum
1198 4232 1371 4293 literatorie
1388 4247 1647 4310 concernentem,

385 4359 458 4400 cum
483 4339 531 4400 sui
555 4339 761 4420 pertinenciis
785 4337 908 4421 prelato
934 4337 1065 4421 Mathye
1081 4340 1281 4419 carpentario
1305 4339 1475 4420 legavisset
1498 4353 1529 4401 et
1552 4338 1647 4400 dimi·

384 4445 476 4505 sisset
500 4459 656 4527 perpetuo
674 4445 918 4527 possidendum,
934 4444 1073 4526 ideoque
1090 4463 1148 4506 nos
1165 4445 1342 4527 predictum
1361 4443 1499 4506 fundum
1519 4445 1647 4506 civilem

384 4551 484 4633 ipsius
509 4551 647 4612 Emerici
673 4551 801 4612 sartoris
825 4571 898 4613 cum
916 4552 981 4612 suis
1004 4551 1209 4633 pertinenciis
1225 4565 1256 4612 et
1274 4551 1464 4613 utilitatibus
1488 4551 1647 4613 universis

387 4656 532 4739 predicto
558 4657 687 4740 Mathye
705 4657 905 4739 carpentario
922 4669 957 4718 ut
980 4657 1043 4740 jam
1061 4675 1147 4718 novo
1164 4656 1287 4718 concIvi
1307 4667 1415 4718 nostro
1439 4676 1477 4717 ac
1499 4675 1647 4737 pereum

381 4763 448 4824 suis
472 4761 644 4824 heredibus
668 4764 836 4825 statuImus
856 4777 1012 4846 perpetuo
1029 4762 1260 4846 possidendum
1285 4776 1316 4823 et
1339 4761 1648 4844 quomodocumque

382 4869 521 4931 voluerit
546 4870 785 4950 disponendum
811 4869 897 4950 juxta
922 4869 1146 4932 condicionem
1179 4868 1314 4930 civitatis
1338 4881 1502 4952 prenotate
1527 4871 1567 4931 ab
1591 4889 1647 4930 an-

381 4977 472 5060 tiquo
497 4977 717 5060 approbatam.
