3678 5800
446 565 507 608 222
838 554 924 610 Anno
946 566 1034 630 1435.
1060 587 1104 597 -
1127 569 1174 615 11.
1197 554 1312 616 martii.

603 759 680 823 ltem
705 761 852 824 Thomas
880 761 975 826 frater
1001 763 1164 846 Stephani.

602 868 678 930 Item
704 870 887 932 Anthonius
910 891 1053 954 arcupar.

602 975 679 1036 ltem
704 975 857 1038 Nicolaus
879 996 978 1058 gener
1003 976 1191 1058 Gregurich.
1237 1001 1249 1084 p
1303 980 1435 1061 Lingwa
1461 981 1641 1061 hungarica.

602 1081 679 1143 ltem
703 1082 892 1144 Valentinus
916 1102 1060 1165 arcupar.
1233 1085 1244 1226 Ι

602 1187 679 1250 Item
704 1188 857 1250 Nicolaus
888 1187 1018 1270 juratus.

601 1436 680 1498 Item
706 1435 887 1519 Stephanus
912 1435 1018 1518 judex.

601 1542 679 1604 ltem
704 1543 842 1605 lacobus
865 1541 951 1604 filius
975 1543 1086 1626 Bolye.

600 1647 679 1709 ltem
705 1649 878 1712 Balthasar.
1198 1650 1331 1731 Lingwa
1355 1652 1549 1714 theutonica.

600 1755 678 1817 Item
703 1756 865 1818 lohannes
889 1755 1037 1838 lapicida.
1136 1677 1150 1897 Ι

601 1862 678 1924 ltem
705 1863 860 1924 Martinus
887 1861 1018 1943 juratus.

599 2111 676 2173 ltem
703 2110 846 2172 Marinus
870 2109 1002 2190 juratus.

600 2218 677 2280 ltem
703 2217 895 2278 Benedictus
920 2215 1057 2298 Gywan.

599 2325 676 2385 ltem
702 2323 899 2386 Leonardus.
1193 2323 1327 2400 Lingwa
1352 2323 1469 2384 italica.

599 2431 676 2493 ltem
702 2430 813 2492 Petrus
837 2429 965 2490 Barber.

599 2538 677 2599 ltem
702 2536 840 2597 lacobus
863 2535 1016 2596 medicus.

545 2767 622 2828 ltem
647 2763 787 2847 prelatus
812 2764 964 2825 Nicolaus
980 2763 1076 2844 judex
1101 2777 1131 2826 et
1155 2764 1223 2825 eius
1241 2763 1333 2845 jurati
1351 2785 1387 2825 ac
1404 2765 1576 2827 consiliarii
1588 2782 1682 2845 supra-

440 2873 515 2935 dicti
555 2874 663 2934 omnia
689 2885 803 2934 statuta
828 2885 859 2930 et
886 2871 1023 2948 decreta,
1047 2885 1111 2931 tam
1142 2870 1173 2930 in
1206 2871 1346 2951 antiquis
1379 2891 1477 2952 quam
1507 2872 1539 2932 in
1562 2868 1681 2952 presenti

441 2979 580 3041 lraternis
611 2978 782 3060 consripta,
810 2977 850 3038 ad
879 2977 1045 3038 universos
1073 2991 1219 3058 punctos,
1244 2975 1277 3060 (l)
1302 2979 1462 3039 clausulas
1494 2992 1525 3040 et
1551 2977 1681 3038 articulos

439 3105 551 3147 eorum
575 3098 731 3167 perpetuo
755 3097 786 3145 et
810 3083 1038 3144 inviolabiliter
1062 3083 1213 3145 valituras
1237 3083 1467 3145 confirmarunt
1491 3081 1681 3145 observanda.

545 3210 624 3271 ltem
649 3210 724 3290 quia
748 3207 901 3290 providus
925 3207 973 3268 vir
998 3207 1144 3290 Mathyas
1167 3209 1299 3289 juratus,
1315 3223 1427 3286 sartor,
1452 3207 1535 3270 lilius
1559 3207 1680 3288 Mathye,

439 3317 580 3378 concivis
604 3329 721 3392 noster,
746 3315 778 3374 id
796 3334 869 3375 curn
894 3313 1063 3375 sufficienti
1082 3328 1113 3375 et
1132 3313 1297 3395 fidedigno
1314 3329 1497 3377 nostrorum
1516 3313 1677 3376 concivium

438 3423 624 3483 testimonio
636 3422 668 3482 in
685 3421 759 3481 sede
773 3433 879 3482 nostra
893 3419 1058 3500 judiciaria
1076 3421 1160 3482 clare
1174 3433 1205 3482 et
1216 3422 1335 3483 seriose
1351 3422 1572 3504 comprobavit
1583 3436 1676 3481 coram

439 3528 543 3607 nobis,
567 3541 602 3588 ut
626 3528 702 3588 dum
720 3526 854 3608 provida
878 3527 1008 3587 domina
1027 3527 1126 3588 Elena
1145 3541 1267 3606 vocata,
1292 3529 1401 3590 relicta
1419 3528 1555 3589 condam
1572 3524 1678 3605 Gaspar

437 3635 563 3712 literati,
588 3653 718 3696 consors
742 3633 898 3713 legittima
924 3633 1022 3714 ipsius
1047 3632 1188 3716 Mathye,
1212 3635 1244 3695 in
1277 3635 1425 3696 extremis
1449 3635 1513 3696 vite
1536 3653 1585 3694 sue
1608 3643 1676 3691 tem·

437 3741 557 3823 poralis
583 3741 766 3817 laborasset,
791 3753 867 3802 tunc
892 3740 958 3820 ipsa
983 3738 1115 3800 totalem
1147 3759 1238 3801 suam
1270 3741 1458 3823 porcionem
1483 3739 1678 3821 possessiona-

437 3847 528 3924 riam,
553 3847 653 3928 ipsam
686 3847 718 3906 in
751 3845 907 3906 universis
939 3846 1192 3926 possessionibus
1225 3859 1255 3907 et
1286 3847 1493 3927 porcionibus
1526 3843 1676 3927 possessio·

437 3953 533 4014 nariis
557 3951 669 4034 prelati
696 3952 818 4034 Gaspar
843 3953 958 4013 literati
983 3953 1014 4012 in
1040 3953 1123 4014 dicta
1148 3953 1274 4014 civitate
1307 3965 1338 4015 et
1361 3954 1430 4014 eius
1454 3951 1605 4015 territorio
1628 3949 1673 4008 ha·

437 4060 510 4120 bitis
545 4059 612 4140 jure
647 4059 796 4139 legaticio
829 4073 1087 4138 conternantem,
1120 4078 1192 4120 cum
1217 4061 1281 4120 suis
1314 4060 1521 4142 pertinenciis
1551 4056 1675 4140 predicto

438 4165 566 4247 Mathye
591 4167 706 4226 marito
730 4185 788 4226 suo
813 4165 971 4244 legittimo
995 4177 1026 4226 et
1050 4165 1151 4226 Paulo
1171 4164 1239 4226 filio
1264 4180 1295 4227 et
1320 4166 1494 4228 Katherine
1519 4165 1587 4242 filie,
1609 4161 1673 4237 suis,

437 4273 607 4353 legavisset
631 4272 699 4352 jure
714 4271 903 4354 perhennali
922 4271 1159 4352 possidendam,
1176 4272 1315 4352 ideoque
1333 4292 1392 4332 nos
1413 4273 1545 4333 eandem
1561 4268 1674 4329 totalem

435 4399 525 4440 suam
551 4379 738 4460 porcionem
762 4379 1044 4458 possessionariam
1069 4397 1141 4439 cum
1170 4380 1322 4439 omnibus
1353 4379 1418 4439 suis
1450 4376 1629 4440 utilitatibus
1649 4384 1675 4432 et

435 4485 640 4566 pertinenciis
657 4484 813 4544 universis
831 4484 1015 4544 memoratis
1032 4483 1160 4566 Mathye
1177 4485 1289 4544 sartori
1314 4485 1434 4550 marito¹
1455 4497 1486 4545 et
1510 4480 1601 4544 Paulo
1616 4477 1673 4539 filio

436 4605 466 4651 et
484 4590 657 4652 Katherine
675 4589 750 4667 filie,
768 4589 842 4667 suis,
867 4610 902 4650 ac
924 4610 980 4671 per
996 4610 1051 4650 eos
1076 4591 1218 4671 ipsorum
1242 4589 1414 4652 heredibus
1436 4590 1594 4651 statuimus
1615 4603 1673 4665 per·

435 4711 531 4777 petuo
549 4695 774 4777 possidendam
793 4709 823 4757 et
848 4695 1154 4776 quomodocumque
1179 4697 1340 4758 voluerint
1357 4697 1582 4779 disponendam
1599 4691 1671 4773 juxta

435 4803 658 4863 condicionem
683 4803 818 4863 civitatis
842 4815 1005 4884 prenotate
1029 4805 1068 4864 ab
1093 4804 1225 4884 antiquo
1250 4805 1471 4886 approbatam.

541 4925 618 4986 ltem
645 4925 804 5006 Georgius
829 4925 970 4988 Croacus
995 4925 1114 5007 juratus
1138 4941 1246 4988 contra
1267 4928 1428 5010 Mathyam
1456 4929 1564 4990 Farlras
1580 4922 1670 5004 primo

435 5031 548 5090 citatus
570 5051 634 5092 non
661 5033 850 5113 comparuit.
