3852 5820
819 573 906 630 Anno
928 585 1018 650 1414.
1042 604 1086 614 —
1108 581 1156 646 17.
1180 571 1307 644 augusti.

550 789 647 865 Feria
674 799 774 864 sexta
800 793 956 882 proxima
983 797 1060 879 post
1088 788 1209 860 festum
1237 789 1334 860 beate
1361 786 1584 876 Margarethe.

981 943 1047 1020 (20.
1063 941 1151 1018 julie)

541 1086 619 1148 Item
644 1085 719 1166 quia
744 1083 888 1145 Andreas
911 1081 997 1144 filius
1021 1081 1152 1164 Georgii
1185 1081 1351 1164 piscatoris
1375 1080 1413 1141 de
1438 1079 1514 1140 villa
1538 1077 1698 1159 Pobresya

435 1192 467 1253 in
493 1191 664 1253 manifesto
688 1191 851 1252 lurticinio
876 1203 907 1251 et
930 1189 1030 1251 eciam
1057 1189 1202 1271 pluribus
1218 1186 1383 1250 maleficiis
1404 1184 1622 1268 deprehensus
1645 1203 1697 1245 ex-

434 1298 508 1377 titit,
532 1299 729 1380 proprioque
753 1316 807 1358 ore
831 1316 890 1358 suo
914 1294 947 1356 id
979 1294 1080 1357 fassus
1102 1293 1172 1374 fuit,
1193 1309 1228 1356 ut
1245 1313 1330 1358 nunc
1354 1292 1395 1356 de
1418 1292 1558 1375 presenti
1582 1292 1697 1352 bovem

435 1403 526 1465 Pauli
551 1404 627 1466 dicti
654 1403 776 1487 Vasych
800 1403 840 1466 de
856 1401 969 1466 eadem
997 1402 1074 1464 villa
1097 1401 1261 1480 subtraxit,
1289 1400 1362 1462 ideo
1386 1399 1479 1482 jurati
1504 1397 1696 1480 judicarunt,

435 1523 470 1572 ut
487 1510 553 1592 ipse
578 1509 697 1571 Paulus
720 1509 820 1572 tercio
844 1529 877 1570 se
900 1507 1045 1592 personis
1069 1527 1164 1589 super
1188 1525 1262 1568 eum
1286 1505 1500 1586 juramentum
1525 1514 1643 1586 prestet
1668 1513 1699 1562 et

436 1617 481 1678 sic
504 1616 545 1677 ad
568 1616 747 1699 patibulum
773 1615 925 1698 suspendi
949 1615 1073 1678 debeat.

542 1723 622 1786 ltem
645 1723 722 1804 quia
747 1721 928 1804 Stephanus
944 1721 1047 1785 dictus
1067 1722 1218 1784 Jechmen
1237 1720 1321 1783 filius
1346 1720 1476 1782 Paulete
1493 1716 1641 1802 preconis
1665 1715 1697 1776 in

438 1830 584 1913 predicto
608 1827 767 1892 maleficio
792 1841 823 1890 et
847 1828 1010 1891 furticinio
1038 1829 1113 1890 villa
1145 1828 1185 1890 de
1210 1828 1321 1889 eadem
1356 1826 1573 1910 deprehensus
1596 1821 1699 1885 extitit

437 1949 468 1998 et
491 1935 622 2019 proprio
647 1954 702 1997 ore
726 1933 826 1996 fassus
844 1933 913 2014 luit,
930 1935 1004 1996 ideo
1017 1934 1111 2016 jurati
1128 1934 1362 2015 adjudicarunt,
1387 1945 1422 1994 ut
1439 1931 1557 1993 Paulus
1573 1926 1697 2010 Vasych

435 2054 621 2124 prenotatus
644 2041 743 2102 tercio
767 2061 800 2102 se
824 2042 969 2124 personis
993 2039 1234 2124 (juramentum)
1265 2059 1360 2122 super
1384 2058 1423 2100 eo
1448 2049 1575 2121 prestet,
1599 2047 1631 2096 et
1655 2033 1699 2094 sic

436 2146 588 2230 suspendi
610 2160 766 2210 teneatur.

542 2253 620 2314 Item
640 2253 716 2335 quia
732 2253 947 2335 prenominati
964 2253 1110 2315 Andreas
1127 2267 1158 2314 et
1175 2252 1355 2336 Stephanus
1371 2271 1466 2334 super
1483 2250 1698 2325 Clementem,

437 2359 513 2420 Sere
537 2359 731 2441 pronomine
755 2374 915 2438 vocatum,
939 2358 1043 2422 filium
1067 2359 1222 2438 Poznani,
1253 2358 1474 2435 fistulatorem,
1499 2365 1697 2431 attestarunt,

437 2478 473 2528 ut
496 2466 564 2548 ipse
588 2466 619 2527 in
644 2466 789 2548 predicto
813 2464 975 2528 lurticinio
993 2465 1137 2529 interfuit
1160 2479 1191 2526 et
1207 2465 1328 2546 effugit,
1353 2464 1427 2526 ideo
1450 2464 1475 2524 si
1501 2481 1645 2544 unquam
1663 2461 1694 2521 in

438 2571 598 2633 territorio
629 2573 765 2634 civitatis
797 2571 1071 2650 deprehendetur,
1102 2585 1177 2633 tunc
1209 2591 1292 2654 pena
1324 2570 1437 2632 similis
1467 2582 1502 2630 ut
1533 2589 1626 2651 supra
1659 2568 1699 2628 de

439 2677 554 2739 eodem
578 2691 789 2760 sumpmatur.

438 2911 537 2986 Beria
564 2923 665 2986 sexta
692 2916 847 3004 proxima
874 2923 952 3004 post
979 2915 1102 2987 festum
1129 2913 1384 3005 Assumpcionis
1411 2917 1555 3004 virginis
1583 2915 1698 2986 llarie.

954 3033 1015 3146 (r7.
1038 3071 1180 3144 augusti).

540 3206 619 3268 ltem
643 3207 783 3269 loannes
808 3207 949 3270 Kunsich
982 3221 1092 3270 contra
1116 3207 1319 3269 Anthonium
1342 3227 1499 3288 generum
1523 3206 1698 3287 Ozmonog

435 3312 540 3394 primo
565 3313 678 3373 citatus
702 3332 768 3374 non
797 3315 986 3396 comparuit.

541 3417 618 3480 Item
645 3419 723 3500 quia
748 3419 833 3481 lwan
859 3420 968 3501 Herga
992 3420 1025 3481 id
1049 3439 1122 3481 cum
1148 3418 1319 3500 fidedignis
1350 3419 1494 3498 testibus,
1527 3419 1699 3498 judicibus,

435 3523 559 3585 civibus
583 3543 690 3586 coram
724 3525 818 3586 nobis
849 3526 881 3587 in
912 3526 986 3587 sede
1017 3526 1249 3607 comprobavit,
1281 3526 1369 3607 quod
1401 3525 1479 3587 dum
1504 3525 1698 3587 Benedictus

435 3628 521 3690 filius
545 3630 681 3692 condam
707 3631 803 3692 Blasii
827 3631 943 3693 literati
968 3633 1008 3692 ab
1032 3631 1090 3692 hac
1115 3631 1241 3692 civitate
1270 3630 1382 3693 fuisset
1405 3651 1596 3710 recessurus,
1620 3644 1697 3694 tunc

436 3735 601 3817 quandam
632 3737 775 3815 vineam,
807 3757 905 3818 quam
939 3737 1063 3799 Hemlre
1095 3737 1223 3799 mulieri
1255 3738 1459 3817 vendiderat,
1494 3738 1580 3800 dicto
1611 3737 1699 3798 lwan

436 3841 544 3921 Herga
568 3841 711 3924 precium
737 3843 881 3924 quinque
913 3844 1062 3905 videlicet
1093 3843 1232 3905 florenos
1264 3844 1338 3905 dare
1371 3844 1599 3920 commisisset;
1624 3843 1698 3904 ideo

434 3947 541 4011 eidem
566 3947 651 4010 lwan
676 3945 810 4010 fecimus
834 3949 997 4030 assignari.

540 4071 619 4134 ltem
644 4069 803 4152 Georgius
835 4071 1057 4156 Opprasnicha
1089 4087 1198 4135 contra
1230 4072 1394 4135 Andream
1419 4073 1558 4156 juratum
1592 4075 1697 4157 primo

435 4177 548 4240 citatus
572 4199 638 4241 non
663 4179 852 4261 comparuit.

540 4284 619 4347 Item
643 4285 800 4348 Martinus
824 4285 951 4369 sagipar
974 4299 1083 4349 contra
1109 4287 1265 4348 loannem
1294 4307 1485 4370 arcuparum
1509 4302 1541 4351 et
1565 4286 1696 4370 Gyutek

437 4391 544 4474 ptimo
576 4392 688 4453 citatus
718 4411 784 4454 non
809 4393 998 4476 comparuit.

542 4495 620 4558 ltem
644 4497 836 4561 Benedictus
860 4503 1003 4582 Ansetyn
1027 4511 1137 4561 contra
1162 4499 1327 4562 Vrbanunt
1352 4505 1496 4584 Ansetyn
1520 4501 1626 4584 primo
1654 4501 1697 4564 ci·

436 4615 521 4664 tatus
545 4622 610 4664 non
634 4605 823 4685 comparuit.

540 4709 618 4771 ltem
642 4709 795 4772 Nicolaus
820 4712 935 4795 Ztrych
960 4726 1069 4776 contra
1088 4712 1266 4796 Georgium
1290 4727 1444 4776 sartorem
1461 4714 1566 4797 ptimo
1584 4714 1697 4776 citatus

437 4835 501 4876 non
528 4815 717 4898 comparuit.

540 4919 617 4982 ltem
648 4920 779 5004 Gyurek
812 4938 921 4986 contra
953 4925 1140 5008 Philippum
1171 4939 1324 4989 sartorem
1355 4928 1461 5010 primo
1485 4927 1598 4990 citatus
1630 4947 1697 4990 non

434 5027 623 5108 comparuit.
