3876 5798
668 563 754 620 Anno
773 576 866 641 1444.
890 596 934 606 —
954 577 1004 640 23.
1028 554 1159 626 octobris.
1474 583 1536 647 403

379 773 458 836 Item
490 773 565 854 quia
590 773 738 856 Mathyas
770 773 855 836 lilius
886 772 1016 857 Mathye
1048 774 1123 837 dicti
1148 774 1305 839 Buhweth
1337 777 1369 838 in
1394 775 1480 838 furtu
1506 790 1537 840 et

275 878 353 941 ludo
377 879 560 942 taxillorum
593 893 624 942 et
652 880 788 943 aliarum
820 881 1020 942 maliciarum
1050 894 1096 942 est
1127 882 1286 961 inventus,
1319 897 1350 945 et
1373 883 1447 944 licet
1480 903 1538 964 pro

275 984 461 1048 huiusmodi
485 986 551 1049 suia
573 987 806 1070 suppliciorum
831 1002 862 1049 et
885 986 1116 1049 maleficiorum
1149 988 1313 1050 demeritis
1336 1008 1454 1071 penam
1483 1009 1537 1072 pa·

278 1091 370 1154 tibuli
395 1093 502 1155 subire
527 1092 698 1172 debuisset,
722 1107 829 1156 tamen
846 1093 1066 1156 misericordia
1083 1094 1161 1155 moti
1179 1093 1303 1156 domini
1328 1095 1427 1157 nostri
1444 1094 1537 1157 lhesu

276 1197 395 1261 Christi
420 1212 451 1260 et
474 1199 689 1281 peticionibus
712 1199 876 1262 seniorum
900 1214 1083 1262 nostrorum
1108 1200 1251 1262 inclinati
1276 1201 1382 1263 eidem
1407 1201 1537 1284 Mathye

276 1303 488 1388 Bubnethych
504 1305 646 1387 graciam
663 1319 695 1368 et
710 1305 963 1368 misericordiam
980 1305 1114 1369 fecimus
1137 1306 1309 1388 specialem
1327 1307 1359 1368 in
1384 1307 1487 1390 capite
1504 1319 1534 1368 et

276 1410 308 1472 in
332 1431 469 1494 persona
492 1413 559 1473 suis
583 1412 636 1492 ita,
660 1427 695 1474 ut
717 1413 757 1474 de
774 1427 880 1475 cetero
901 1413 1018 1474 similia
1043 1426 1074 1475 et
1089 1412 1269 1495 specialiter
1293 1413 1398 1495 ipsum
1422 1413 1537 1474 ludum

274 1517 458 1579 taxillorum
485 1537 549 1580 non
575 1532 744 1601 perpetret,
777 1519 881 1601 quisi
915 1520 1019 1600 ipsum
1051 1518 1165 1580 ludum
1197 1518 1381 1580 taxillorum
1406 1519 1539 1581 ulterius

276 1623 475 1684 commiserit
498 1643 630 1686 manum
654 1626 790 1704 amittet,
814 1625 840 1686 si
864 1645 940 1687 vero
958 1623 1078 1686 furtum
1096 1624 1293 1686 commiserit
1315 1638 1391 1686 tunc
1407 1643 1537 1707 suspen-

274 1727 377 1808 detur,
401 1729 441 1791 ad
466 1749 529 1812 que
554 1731 640 1793 idem
666 1731 813 1814 Mathyas
837 1732 988 1795 benivole
1011 1751 1044 1794 se
1068 1730 1233 1813 obligavit.

291 1963 386 2038 Feria
415 1976 514 2040 sexta
544 1972 698 2059 proxima
736 1977 811 2060 post
840 1970 960 2042 lestum
989 1969 1145 2042 Undeelm
1182 1969 1325 2042 millium
1352 1973 1520 2060 virginum

697 2101 731 2166 et
759 2096 940 2166 martirum
969 2092 1104 2166 Christi.

790 2249 852 2325 (23.
876 2245 1019 2323 octobn's).

380 2385 458 2447 ltem
478 2386 553 2467 quia
578 2387 625 2447 vir
641 2387 795 2469 providus
817 2401 847 2449 et
864 2386 1017 2449 honestus
1033 2385 1195 2448 lohannes
1212 2385 1296 2448 filius
1313 2387 1394 2448 Pero
1412 2387 1537 2470 pridem

273 2489 380 2572 judex,
405 2492 610 2574 concivisque
633 2507 740 2555 noster
774 2506 805 2556 et
833 2493 967 2576 provida
988 2511 1024 2554 ac
1047 2492 1180 2554 honesta
1211 2493 1327 2554 mulier
1350 2497 1458 2574 Agnes
1482 2513 1537 2556 vo-

273 2611 352 2676 cata,
378 2597 485 2660 relicta
510 2599 569 2660 viri
595 2599 732 2662 condam
758 2599 884 2682 providi
910 2599 1002 2660 Pauli
1026 2597 1082 2660 filii
1109 2599 1271 2660 Dominici
1295 2598 1371 2660 dicti
1404 2598 1533 2682 Gyulre·

272 2702 350 2786 thyn
375 2703 414 2764 de
439 2704 724 2788 Wyrowythycza,
747 2704 805 2767 filii
829 2704 980 2766 videlicet
1004 2702 1107 2766 fratris
1130 2709 1177 2765 sui
1207 2704 1342 2766 carnalis
1366 2705 1449 2766 Petri
1474 2704 1531 2768 filii

272 2809 385 2871 Briccii
403 2810 478 2872 dicti
495 2811 607 2874 Banlro
634 2812 796 2874 servitoris
819 2811 956 2873 condam
976 2810 1089 2872 Briccii
1106 2809 1220 2891 judicis
1237 2811 1326 2894 olym
1343 2823 1374 2873 et
1390 2812 1531 2874 concivis

273 2917 372 2978 nostri
398 2915 454 2979 lilii
472 2917 648 2998 Benedicti,
673 2917 842 2981 habitatrix
866 2918 950 2980 dicte
966 2918 1101 2980 civitatis
1125 2917 1408 3001 Wyrowythycza,
1426 2939 1533 2981 coram

272 3023 366 3084 nobis
390 3025 600 3105 personaliter
623 3039 855 3108 comparentes,
880 3025 912 3086 id
937 3045 1009 3086 cum
1038 3022 1209 3086 sufficienti
1234 3037 1264 3086 et
1288 3023 1452 3106 fidedigno
1476 3045 1535 3087 no·

272 3142 409 3191 strorum
434 3131 617 3193 concivium
641 3132 827 3194 testimonio
853 3132 884 3193 in
910 3131 984 3192 sede
1017 3143 1123 3192 nostra
1155 3129 1320 3211 judiciaria
1344 3131 1427 3192 clare
1450 3151 1538 3194 com·

272 3239 449 3319 probarunt
466 3257 574 3300 coram
588 3239 692 3318 nobis,
709 3251 744 3300 ut
760 3238 838 3300 dum
853 3236 994 3320 prelatus
1007 3237 1118 3298 Petrus
1130 3237 1264 3298 servitor
1281 3237 1381 3319 ipsius
1397 3237 1536 3299 condam

274 3343 386 3406 Briccii
411 3344 525 3426 judicis
548 3345 581 3406 in
606 3345 755 3407 extremis
779 3345 842 3406 vite
866 3364 922 3406 sue
945 3343 1133 3424 temporalis
1157 3343 1343 3422 laborasset,
1367 3355 1442 3405 tunc
1467 3343 1534 3426 ipse

273 3469 370 3512 unam
395 3451 600 3514 medietatem
619 3449 785 3513 cuiusdam
803 3450 919 3513 domus
943 3463 1066 3512 murate
1091 3461 1122 3510 et
1138 3447 1229 3511 fundi
1252 3469 1288 3511 ac
1313 3449 1537 3512 hedificiorum

272 3575 405 3618 suorum
430 3557 462 3619 in
495 3557 578 3620 dicta
610 3557 736 3620 civitate
766 3557 848 3619 inter
879 3557 994 3618 domos
1018 3555 1165 3618 similiter
1196 3569 1335 3618 muratas
1364 3569 1394 3618 et
1419 3554 1538 3618 fundos

272 3663 413 3724 virorum
439 3663 647 3745 providorum
664 3677 696 3726 et
719 3663 930 3725 honestorum
955 3662 1052 3724 Blasii
1070 3661 1194 3744 pridem
1210 3661 1304 3743 jurati
1327 3661 1536 3743 concivisque

273 3771 373 3832 nostri
397 3769 454 3831 filii
481 3770 634 3853 Stephani
666 3771 706 3832 ab
738 3791 802 3832 una
834 3783 933 3852 parte,
965 3771 1006 3831 ab
1030 3769 1128 3830 altera
1160 3787 1236 3829 vero
1267 3780 1356 3850 parte
1382 3767 1537 3830 Johannis

273 3875 397 3959 pridem
422 3875 537 3957 judicis
554 3877 759 3959 concivisque
776 3877 875 3939 nostri
893 3875 949 3938 filii
968 3876 1060 3954 Per0,
1084 3895 1120 3938 ac
1145 3876 1226 3937 inter
1243 3873 1380 3936 fundum
1398 3894 1536 3937 vacuum

273 3980 492 4064 hedificiisque
517 3985 644 4065 penitus
670 3983 856 4046 destitutum
882 3983 1057 4045 liberorum
1078 4002 1135 4043 seu
1158 4001 1375 4044 successorum
1399 3981 1536 4044 condam

273 4087 429 4149 lobannis
453 4089 529 4152 dicti
554 4089 716 4153 Aztolnok
740 4090 780 4151 ab
805 4090 955 4152 anteriori
981 4101 1069 4171 parte
1093 4108 1151 4150 seu
1176 4108 1193 4149 a
1217 4089 1268 4150 via
1292 4089 1456 4150 communi
1482 4089 1536 4151 ha·

273 4193 337 4254 bite
361 4207 392 4256 et
416 4195 588 4274 existentis,
613 4195 753 4257 mediam
779 4195 929 4256 videlicet
954 4195 1074 4257 curiam
1113 4193 1152 4255 ad
1177 4213 1270 4255 usum
1296 4193 1377 4255 dicte
1402 4195 1537 4256 civitatis

273 4300 304 4361 in
330 4321 362 4362 se
387 4301 617 4382 continentem,
642 4303 701 4385 ipsi
734 4302 884 4363 videlieet
907 4301 1002 4363 Petro
1034 4321 1092 4383 pro
1115 4299 1257 4362 serviciis
1289 4300 1354 4361 suis
1378 4320 1433 4382 per
1466 4321 1537 4384 pre-

273 4405 373 4468 latum
399 4408 558 4470 Briccium
584 4408 723 4490 judicem
756 4408 1019 4470 testamentaliter
1050 4407 1229 4488 legatorum
1263 4419 1294 4468 et
1317 4405 1535 4487 dimissorum,

273 4513 477 4576 medietatem
504 4529 538 4576 ut
571 4515 745 4597 predicitur
776 4535 871 4576 unam
903 4515 1002 4597 ipsius
1031 4514 1147 4576 domus
1179 4526 1303 4576 mutate
1327 4529 1358 4576 et
1382 4512 1474 4575 fundi
1498 4534 1534 4576 ac

272 4618 494 4682 hedificiorum
519 4641 663 4701 suorum,
688 4641 785 4682 unam
811 4619 961 4682 videlicet
977 4619 1203 4683 tantummodo
1229 4633 1373 4701 quartam
1401 4620 1486 4681 curie
1503 4621 1535 4682 in

271 4747 303 4788 se
328 4727 513 4805 habentem,
530 4728 615 4790 dicto
632 4728 733 4790 Paulo
757 4727 824 4790 filio
839 4728 1002 4789 Dominici
1020 4726 1124 4789 fratris
1143 4727 1191 4788 sui
1209 4725 1344 4788 carnalis
1367 4727 1537 4808 legavisset

272 4835 339 4916 jure
353 4847 506 4917 perpetuo
521 4833 748 4916 possidendam
768 4847 798 4894 et
812 4833 1120 4915 quomodocumque
1135 4832 1273 4894 voluerit
1285 4832 1535 4914 disponendam

271 4923 367 4984 aliam
393 4943 468 4985 vero
494 4923 699 4985 medietatem
725 4923 869 4984 eiusdem
895 4923 1011 4983 domus
1036 4935 1159 4983 murate
1188 4935 1218 4983 et
1244 4919 1345 5000 fundi,
1370 4920 1534 4983 hedificio-

272 5049 406 5111 rumque
438 5049 581 5110 suorum,
614 5049 711 5092 unam
744 5029 891 5091 similiter
923 5041 1070 5111 quartam
1102 5027 1188 5089 curie
1221 5027 1253 5088 in
1277 5047 1310 5090 se
1335 5027 1535 5108 retinentem,
