3678 5800
580 534 667 592 Anno
690 531 781 612 1436.
806 568 850 578 -
873 549 903 596 2.
925 535 1041 598 martii.

328 743 409 806 Item
434 744 566 806 Jaxinus
595 744 706 828 Eolye.

328 850 407 912 Item
432 850 590 912 Martinus
620 850 855 934 Zytharichew.

327 955 407 1018 Item
431 957 547 1019 Janselt
571 955 722 1020 carnifex.
957 959 1091 1040 Lingwa
1115 959 1332 1026 theuthonica.

328 1064 406 1127 Item
431 1065 562 1127 larinus
585 1063 681 1128 Petri.
901 987 917 1208 Ι

329 1171 407 1235 Item
432 1170 607 1234 Belthasar.

328 1383 405 1446 Item
430 1383 593 1446 Iohannes
618 1382 725 1464 judex.

328 1490 405 1554 Item
431 1489 618 1552 leonardus
642 1489 779 1554 Italicus.

328 1596 405 1659 Item
430 1597 542 1658 Petrus
567 1596 695 1660 barber.
924 1597 1059 1676 Lingwa
1084 1596 1200 1660 italica.

328 1703 406 1765 ltenr
431 1702 577 1765 Thomas
601 1701 719 1764 Choni.
855 1624 870 1843 J

329 1810 408 1872 Item
433 1808 627 1871 Benedictus
651 1807 800 1890 Gywani.

328 2021 405 2083 Item
430 2021 554 2082 Blasius
578 2019 673 2083 irater
697 2020 822 2082 domini
847 2021 1013 2086 Anthonii.

327 2127 404 2190 Item
429 2127 585 2190 Martinus
607 2141 717 2189 sartor.
1052 2035 1064 2250 Ι

327 2236 405 2299 Item
430 2235 629 2316 Augustinus
655 2234 775 2296 Kusne.
1106 2236 1238 2317 Lingwa
1262 2235 1435 2301 slavonica.

327 2342 407 2406 Item
431 2341 607 2422 Gregorius
630 2359 729 2421 gener
754 2339 973 2404 Wrecharicb.
1050 2261 1065 2481 Ι

329 2449 406 2510 Item
431 2447 597 2510 Emeritos
622 2446 851 2530 Barbericbyn.

279 2678 357 2740 Item
375 2676 516 2760 prefatus
532 2677 644 2739 Petrus
659 2675 755 2760 judex
780 2697 919 2740 unacum
936 2677 1047 2760 juratis
1070 2691 1102 2741 et
1118 2679 1308 2740 consiliariis
1324 2699 1434 2762 supra-

170 2784 265 2846 dictis
289 2784 399 2846 omnia
430 2797 545 2846 statuta
570 2797 602 2847 et
633 2784 759 2846 decreta
788 2799 854 2846 tarn
886 2785 918 2846 in
943 2785 1084 2868 antiquis
1115 2805 1212 2867 quam
1237 2787 1269 2848 in
1293 2787 1433 2869 presenti

170 2891 333 2953 kathernis
357 2892 533 2974 conscripta
568 2905 598 2953 et
629 2892 815 2974 consIgnata
848 2891 888 2954 ad
917 2911 1029 2954 omnes
1060 2893 1230 2972 clausulas,
1254 2907 1371 2974 puncta
1402 2905 1434 2955 et

169 2999 322 3060 articulos
346 2999 489 3080 ipsorum
514 3011 671 3081 perpetuo
696 3011 727 3060 et
759 2998 987 3060 inviolabiliter
1018 2999 1153 3061 valitura
1177 3011 1209 3061 et
1232 2998 1431 3060 observanda

167 3103 407 3168 confirmarunt.

275 3210 353 3272 Item
379 3209 495 3294 Gyuan
521 3209 672 3292 antiquus
703 3223 734 3272 et
764 3209 959 3292 hospiciator
991 3226 1100 3273 contra
1125 3211 1252 3273 Petrum
1286 3209 1431 3274 Italicum

169 3316 275 3398 primo
307 3317 421 3379 citatus
444 3336 509 3379 non
535 3317 724 3399 comperuit.

277 3423 354 3485 Item
379 3423 454 3506 quia
481 3423 580 3485 Elena
605 3423 712 3484 relicta
737 3437 768 3486 et
792 3423 905 3486 Vrsula
937 3437 968 3487 et
992 3424 1094 3486 Elena
1117 3423 1181 3486 filie
1206 3425 1343 3486 condam
1368 3425 1431 3488 Va·

169 3531 284 3593 lentini
310 3529 386 3592 dicti
416 3529 586 3592 Zzelcbich
618 3529 651 3591 id
683 3550 755 3592 curn
787 3527 957 3593 sufficienti
989 3545 1020 3591 et
1050 3529 1215 3611 fidedigno
1246 3531 1431 3593 testimonio

166 3650 230 3699 tam
256 3636 375 3699 civium
400 3655 498 3718 quarn
515 3636 733 3698 habitatorum
750 3635 834 3699 dicte
854 3637 992 3699 civitatis
1008 3656 1115 3700 coram
1134 3638 1227 3698 nobis
1252 3637 1283 3697 in
1308 3636 1430 3718 judicio

168 3744 250 3805 clare
273 3744 536 3825 comprobarunt,
560 3756 595 3805 ut
618 3743 696 3804 dum
724 3743 886 3825 predictus
910 3743 1101 3806 Valentinus
1125 3741 1293 3805 ZzeIchich
1319 3743 1351 3804 in
1376 3763 1428 3804 ex·

167 3851 275 3912 tremis
299 3850 363 3912 vite
389 3869 444 3912 sue
468 3849 655 3932 temporalis
686 3849 870 3928 laborasset,
901 3863 977 3912 tunc
1002 3851 1069 3932 ipse
1101 3849 1275 3930 quamdam
1301 3850 1429 3912 vineam

167 3977 256 4019 suam
282 3955 539 4018 condicionalem
566 3955 596 4018 in
622 3955 782 4017 territorio
811 3957 946 4018 civitatis
978 3957 1119 4039 predicte
1143 3956 1296 4034 habitam,
1322 3957 1427 4038 ipsum

167 4063 341 4126 literatorie
366 4076 622 4142 concernentem,
648 4082 720 4124 curn
745 4063 810 4124 suis
842 4063 1032 4126 utilitatibus
1056 4076 1087 4124 et
1118 4063 1324 4145 pertinenciis
1356 4063 1426 4124 uni·

168 4169 265 4232 versis
286 4189 323 4231 ac
348 4169 539 4231 condiclone
565 4169 641 4253 ipsis
673 4170 739 4232 suis
763 4169 934 4231 heredibus
965 4169 1104 4232 vendere
1136 4183 1166 4230 et
1190 4171 1294 4252 primo
1319 4169 1427 4232 debite

167 4295 222 4338 sua
246 4276 429 4359 persolvere
453 4296 491 4338 ac
513 4295 572 4359 pro
596 4277 703 4337 anima
728 4277 828 4358 ipsius
852 4277 1015 4338 residuum
1044 4276 1222 4359 expendere
1248 4277 1428 4358 legavisset,

168 4381 307 4464 ideoque
331 4401 390 4443 nos
413 4383 588 4466 predictam
613 4382 740 4444 vineam
757 4383 1013 4444 condicionalem
1033 4383 1131 4464 ipsius
1155 4382 1317 4445 ValentIni
1336 4383 1428 4445 Zzel·

168 4487 256 4550 chich
282 4507 354 4550 cum
380 4487 530 4550 omnibus
553 4489 618 4550 suis
646 4489 846 4567 utilitatibus,
879 4490 1135 4571 condicloneque
1168 4505 1199 4552 et
1223 4491 1429 4572 pertinenciis

168 4594 323 4654 universis
347 4594 487 4675 predicte
512 4594 613 4657 Elene
636 4595 744 4657 relicte
776 4609 806 4658 er
831 4595 945 4658 Vrsule
976 4616 1011 4658 ac
1035 4597 1135 4658 Elene
1160 4596 1285 4659 filiabus
1309 4597 1425 4680 prelati

169 4699 329 4762 ValentIni
354 4699 521 4762 ZzeIchich
546 4701 714 4763 statuimus
737 4701 939 4764 vendendam
958 4715 988 4764 et
1013 4702 1112 4765 tnodo
1136 4704 1293 4785 premisso
1320 4705 1428 4788 dispo-

171 4806 318 4868 nendam.

273 4911 351 4973 Item
376 4911 451 4993 quia
481 4911 582 4974 Elena
614 4913 722 4974 relicta
752 4926 784 4976 et
808 4913 922 4976 Gallus
952 4933 988 4976 ac
1018 4913 1177 4996 Georgius
1208 4929 1239 4976 et
1272 4917 1428 4979 Martinus

171 5013 224 5079 filii
248 5018 385 5081 condam
404 5017 558 5082 Anthonii
576 5019 614 5081 de
639 5019 805 5106 Zawersya
823 5019 854 5081 id
875 5018 1069 5084 sufficienter
1085 5035 1116 5082 et
1140 5021 1301 5106 fidedigne
1319 5043 1425 5088 coram
