3734 5796
600 561 802 638 Anno1441.
826 574 943 620 —10.
959 559 1113 637 ]”αηκαη“ι“.
1434 581 1495 645 337

173 802 177 808 ·
229 772 354 833 sionem
379 772 546 854 sanguinis
570 772 602 833 In
620 791 719 834 manu
742 793 798 834 sua
823 785 937 834 octavo
961 773 1013 834 die
1041 793 1136 855 super
1152 793 1240 835 aram
1264 787 1373 836 contra
1391 774 1493 836 Bene-

230 877 353 940 dictum
380 877 483 941 hlium
509 877 677 940 Michaelis
702 878 880 940 Sebastinni
905 890 935 940 et
966 891 1075 940 contre
1100 880 1257 942 Iacobum
1280 878 1383 942 filium
1409 880 1493 942 Petri

232 983 357 1066 Saphar
381 997 413 1046 et
436 996 545 1046 contra
569 983 650 1045 Pero
677 982 780 1046 filium
798 983 940 1046 eIusdem
958 984 1042 1046 Petri
1061 984 1183 1067 Saphar
1198 1005 1293 1068 super
1310 1005 1361 1066 eo,
1385 999 1420 1047 ut
1436 987 1495 1068 ipsi

231 1089 425 1152 Benedictus
449 1103 481 1152 et
504 1091 642 1152 Iacobus
659 1090 763 1171 Ipsum
788 1089 989 1152 Anthonium
1007 1110 1102 1173 super
1118 1111 1249 1152 manum
1274 1111 1366 1154 suam
1382 1091 1494 1154 vulne·

230 1209 379 1258 taverunt
403 1209 434 1258 et
457 1197 618 1279 predIctus
641 1197 723 1259 Pero
747 1197 852 1279 ipsum
877 1216 950 1258 cum
973 1197 1062 1258 clava
1087 1195 1187 1259 ferrea
1212 1199 1377 1279 percussit.

337 1303 416 1365 Item
442 1301 619 1384 Gregorius
650 1301 736 1364 filius
759 1303 921 1365 Valentini
952 1303 1050 1366 hodie
1073 1323 1168 1386 super
1200 1323 1239 1367 eo
1262 1303 1379 1387 juravit
1401 1323 1496 1387 super

232 1429 331 1488 aram,
355 1423 391 1472 ut
414 1409 462 1471 ilii
487 1421 626 1491 quatuor
649 1408 718 1473 flor.
743 1410 812 1471 auri
837 1421 869 1472 et
899 1409 961 1471 alie
985 1429 1098 1472 omnes
1129 1411 1265 1492 pecunie
1290 1423 1321 1472 et
1345 1429 1394 1472 res
1416 1429 1496 1492 quas

231 1516 381 1578 homines
406 1530 438 1579 et
462 1516 632 1578 servitores
655 1516 811 1598 capitanei
836 1517 927 1578 castri
952 1516 992 1578 de
1017 1516 1143 1578 Medwe
1175 1519 1214 1578 ab
1239 1517 1309 1599 ipso
1338 1515 1496 1598 Gregorio

233 1623 265 1685 in
290 1623 384 1684 vinea
411 1635 611 1705 receperunt,
635 1621 764 1684 fuerunt
790 1641 857 1703 sue,
888 1621 1038 1685 videlicet
1071 1623 1170 1705 ipsius
1195 1621 1344 1704 Gregorii
1368 1642 1443 1684 vere
1465 1633 1496 1683 et

231 1728 311 1812 juste
337 1729 483 1812 pecunie.

338 1836 417 1897 Item
441 1834 559 1916 jurabit
576 1834 735 1916 Georgius
751 1833 836 1896 filius
853 1833 1031 1897 Clementis
1053 1834 1092 1895 de
1110 1835 1335 1916 Prepustowcz
1351 1833 1493 1896 secundo

230 1963 263 2004 se
289 1962 388 2024 penes
411 1941 528 2004 vulnus
550 1961 643 2004 sunm
668 1958 764 2023 super
780 1954 876 2024 caput
898 1961 993 2003 suum
1009 1940 1166 2020 habitum,
1190 1953 1304 2004 octavo
1329 1941 1380 2003 die
1397 1961 1492 2023 super

231 2068 318 2110 aram
336 2067 432 2130 super
455 2068 494 2110 eo
512 2061 621 2110 contra
639 2047 803 2132 Mathyam
820 2047 999 2127 Zrakorich,
1024 2061 1059 2108 ut
1075 2049 1143 2130 Ipse
1160 2048 1296 2109 Mathias
1313 2047 1494 2129 Ztakorych

232 2155 335 2236 ipsum
350 2155 468 2216 vulnus
481 2174 576 2237 super
589 2169 683 2236 capnt
692 2154 791 2236 ipsIus
805 2152 935 2235 Georgii
947 2154 1140 2236 perpetravit
1152 2165 1183 2214 et
1192 2154 1296 2235 ipsum
1306 2153 1495 2214 vulneravit.

336 2261 414 2322 Item
432 2261 549 2342 jurabit
566 2259 749 2321 Anthonius
767 2259 904 2341 lapicida
922 2259 1064 2321 secundo
1082 2279 1116 2320 se
1132 2259 1277 2342 personis
1294 2279 1391 2340 penes
1415 2259 1496 2320 cica-

230 2367 340 2428 tricem
365 2379 396 2428 et
420 2365 614 2428 fraccionem
639 2366 735 2427 unius
759 2379 845 2427 coste
869 2385 925 2427 sue
950 2366 981 2426 in
999 2379 1127 2448 pectore
1151 2386 1210 2426 suo
1233 2365 1351 2445 habite,
1376 2378 1490 2427 octavo

230 2472 281 2534 die
306 2492 401 2555 super
426 2493 512 2534 aram
537 2492 633 2554 super
650 2492 699 2551 en,
724 2485 758 2533 ut
782 2472 943 2534 Fabianus
960 2471 1081 2552 juratus
1101 2471 1186 2534 filius
1210 2471 1365 2536 Iohannis
1389 2473 1490 2554 ipsam

229 2579 409 2640 cicatricem
434 2593 465 2640 et
489 2579 607 2640 dictam
631 2577 825 2639 francionem
842 2591 929 2640 coste
944 2597 1040 2660 super
1063 2579 1168 2660 ipsum
1187 2577 1388 2640 Anthonium
1411 2579 1492 2661 lapi·

229 2685 334 2746 eidam
359 2685 564 2767 perpetravit.

336 2808 415 2870 Item
447 2808 565 2890 jurabit
597 2807 778 2890 Stephanus
809 2809 918 2891 Zayko
950 2808 1037 2869 solus
1069 2827 1125 2869 sua
1157 2809 1190 2869 In
1222 2827 1356 2890 persona
1382 2823 1492 2872 contra

230 2913 395 2997 Mathyam
422 2915 591 2977 ZtaIrorich
615 2934 772 2997 supereo
795 2927 909 2976 octavo
940 2914 992 2975 dIe
1016 2933 1112 2996 super
1142 2933 1240 2992 aram,
1275 2926 1310 2975 ut
1333 2914 1493 2996 quidquid

230 3020 298 3102 Ipse
323 3022 392 3099 bos,
416 3040 513 3102 quern
542 3040 638 3103 super
671 3021 741 3102 ipso
773 3020 902 3103 Mathya
933 3021 1185 3102 prosequebatur
1214 3020 1333 3082 valoris
1362 3019 1433 3100 fuit,
1457 3021 1489 3082 id

232 3125 298 3207 ipse
324 3127 471 3210 Mathyas
495 3127 554 3209 ipsi
581 3125 745 3208 Stephano
769 3125 907 3188 carnifici
932 3126 1113 3207 persolvere
1136 3126 1306 3188 tenebitur.

295 3361 393 3436 Ietta
422 3367 529 3436 tercia
557 3369 712 3454 proxima
741 3371 818 3454 post
845 3365 967 3436 festum
996 3361 1258 3454 Epiphaniamm
1285 3363 1426 3436 homiui.

641 3515 707 3597 (10.
730 3515 884 3594 januani',
908 3535 978 3577 ann.
1003 3519 1107 3594 1441).

337 3655 414 3719 Item
441 3657 603 3718 Fabianus
627 3655 712 3719 fihus
735 3656 869 3719 Adriani
893 3669 994 3718 sartor
1015 3670 1124 3718 contra
1149 3655 1328 3717 Iohannem
1353 3655 1494 3736 judicem

229 3762 372 3824 secundo
398 3762 512 3824 citatus
535 3783 601 3824 non
625 3765 814 3845 comparuit.

335 3867 413 3931 Item
447 3870 522 3951 quia
555 3868 716 3950 Georgius
754 3869 839 3931 filius
870 3869 1048 3932 Clementis
1083 3869 1123 3930 de
1155 3869 1379 3951 Prepustowcz
1411 3867 1494 3950 jura·
1591 3930 1605 3946 .

236 3987 380 4036 mentum
404 3975 465 4037 sibi
490 3975 522 4036 In
548 3973 631 4036 facto
656 3975 893 4037 vulneracionis
922 3995 978 4037 sue
1010 3994 1066 4057 per
1090 3973 1252 4057 Mathyam
1278 3975 1399 4035 dictum
1424 3975 1495 4036 Zta·

231 4079 342 4141 horich
370 4101 466 4163 super
490 4081 594 4163 ipsum
631 4094 810 4163 perpetrate
834 4093 944 4142 contra
969 4080 1108 4143 eundem
1137 4079 1301 4163 Mathyam
1326 4079 1494 4141 Ztahorich

229 4205 286 4268 per
313 4185 592 4268 adjudicacionem
622 4187 798 4268 juratorum
831 4186 1061 4268 adjudicatum,
1093 4199 1207 4248 octavo
1232 4185 1284 4246 die
1309 4184 1386 4246 ferie
1409 4197 1494 4246 sexte

229 4293 375 4375 proxIme
403 4305 476 4376 post
500 4292 616 4354 festum
650 4295 741 4355 beate
774 4293 872 4355 Lucie
903 4292 1037 4374 virgime
1060 4305 1091 4352 et
1122 4292 1259 4354 martiris
1283 4290 1400 4353 Christi
1425 4309 1495 4372 pre-

230 4402 309 4463 stitit
334 4415 365 4462 et
389 4401 539 4483 deposuit
563 4413 598 4462 ut
621 4401 681 4462 sibi
706 4400 765 4462 fuit
789 4399 1009 4480 adjudicatum
1033 4412 1065 4460 et
1080 4398 1162 4460 sicut
1185 4411 1324 4480 prestare
1341 4410 1372 4458 et
1396 4397 1495 4478 depo-

231 4527 307 4568 nere
331 4507 454 4586 debuit,
479 4507 619 4588 ideoque
643 4519 715 4588 post
740 4506 981 4588 depositionem
1007 4505 1106 4587 ipsius
1122 4503 1291 4586 juramenti
1316 4523 1372 4585 per
1389 4503 1494 4585 ipsum

232 4612 409 4694 Georgium
445 4611 560 4675 factam
594 4613 713 4691 debite,
745 4613 850 4674 eidem
882 4612 1025 4694 Georgio
1056 4631 1093 4672 ex
1121 4624 1209 4693 parte
1241 4609 1340 4692 Ipsius
1365 4609 1494 4692 Mathye

232 4719 400 4782 ZraIrorich
426 4739 484 4801 pro
509 4720 575 4800 Ipsa
599 4719 827 4781 vulneracione
844 4717 1023 4779 satisfacho
1048 4717 1143 4778 debet
1160 4715 1291 4797 Inpendi
1316 4714 1402 4795 juxta
1418 4733 1494 4775 con-

232 4837 317 4886 tenta
343 4825 501 4907 prIvilegii
526 4826 626 4888 nostri
651 4825 843 4886 communis.

339 4931 416 4993 Item
442 4951 515 4994 cum
540 4946 655 4994 octavo
680 4931 732 4992 die
763 4929 840 4992 Ierie
865 4943 951 4991 sexte
983 4930 1127 5013 proxIme
1152 4942 1223 5010 post
1254 4926 1368 4988 Iestum
1402 4927 1492 4987 beate

232 5039 332 5100 Lucie
357 5039 489 5121 virginis
513 5052 544 5101 et
567 5038 706 5100 martiris
722 5037 840 5100 Christi
866 5057 951 5098 nunc
967 5036 1112 5118 proxIme
1137 5034 1334 5116 preteritum,
1349 5032 1494 5114 Mathyes

1347 5141 1387 5182 22
