3796 5812
1435 559 1499 640 489

675 663 1099 670 mmm——

253 775 350 850 teria
377 786 476 850 sexta
506 781 660 868 proxima
689 783 765 866 post
800 776 923 849 iestum
952 776 1183 850 Exaltacionis
1211 787 1328 850 sancte
1357 777 1481 851 Crucis.

342 930 419 991 ltem
444 929 550 1010 judex,
576 929 681 1010 jurati,
706 929 880 990 consiliarii
909 941 940 991 et
964 929 1103 990 universi
1136 930 1231 1008 cives,
1255 942 1387 1010 totaque
1412 949 1499 990 com-

235 1036 374 1097 munitas
398 1036 542 1097 unanimi
567 1049 598 1097 et
621 1035 687 1117 pari
713 1035 878 1096 voluntate
901 1035 997 1096 simul
1023 1036 1053 1096 in
1079 1055 1178 1097 unum
1205 1035 1296 1096 dives
1321 1050 1351 1096 et
1378 1055 1499 1117 pauper

235 1143 454 1221 decreverunt,
479 1141 579 1223 (quod
604 1139 723 1223 nullus)
748 1141 866 1202 civium
892 1162 949 1202 nec
978 1141 1213 1222 inquilinorum
1251 1155 1434 1204 nostrorum
1460 1141 1499 1202 sit

236 1248 316 1309 liber
342 1249 453 1309 vinum
477 1247 647 1308 hominum
672 1245 861 1328 (forensium
887 1247 950 1328 vel)
984 1261 1219 1326 extraneorum,
1252 1248 1306 1329 qui
1332 1267 1390 1308 nec
1415 1247 1499 1307 cives

234 1369 307 1416 sunt
330 1375 388 1416 uec
414 1353 565 1435 inquilini
590 1373 649 1416 nec
680 1353 901 1414 consolutores
933 1354 1092 1435 (civitatis)
1119 1403 1125 1416 .
1151 1403 1158 1416 .
1184 1404 1191 1416 .
1217 1355 1317 1414 alium
1342 1353 1381 1414 ad
1407 1372 1498 1434 repo-

235 1461 378 1522 nendum
404 1461 443 1522 ad
469 1460 602 1521 domum
628 1460 680 1520 vel
705 1459 870 1521 cellarium
901 1480 994 1521 suum
1026 1481 1181 1542 reponere
1209 1507 1215 1522 .
1241 1505 1248 1521 .
1281 1480 1376 1521 ausus
1400 1459 1499 1520 modo

235 1568 368 1648 aliquali
393 1586 550 1649 reponere
575 1586 633 1628 nec
650 1566 763 1647 reponi
789 1565 891 1628 facere
909 1567 960 1626 vel
981 1568 1182 1649 permittere3
1208 1567 1263 1648 qui
1288 1569 1375 1644 (vero
1392 1565 1499 1648 au)sus

236 1673 333 1736 luerit
358 1675 388 1734 in
418 1673 617 1756 reposlcione
634 1672 690 1734 tali
715 1686 823 1734 contra
842 1672 1004 1734 decretum
1029 1674 1279 1750 communitatis,
1295 1673 1367 1734 talis
1382 1691 1499 1753 penam

236 1780 331 1842 debet
355 1780 461 1841 subire
486 1793 516 1840 et
539 1779 722 1860 persolvere
739 1757 916 1860 dampnum
939 1779 986 1840 illl
1010 1781 1100 1840 cuius
1117 1779 1228 1840 vinum
1254 1778 1359 1856 suerit,
1386 1779 1498 1837 vinum

235 1900 343 1946 autem
367 1884 494 1948 forense
519 1904 575 1948 seu
600 1898 785 1947 extraneum
817 1886 849 1946 in
874 1904 1062 1947 communes
1087 1907 1162 1947 usus
1193 1885 1292 1968 ipsius
1317 1884 1496 1946 communi·

235 1992 308 2053 tatis
333 1990 580 2074 expendendum
605 1990 785 2072 recipiatur.

340 2117 418 2178 ltem
450 2115 639 2178 Valentinus
671 2113 810 2176 carnifex
842 2114 926 2177 filius
950 2115 1075 2176 Nicolai
1108 2115 1147 2176 ad
1173 2116 1312 2197 primum
1336 2115 1495 2198 judicium

236 2223 332 2284 debet
358 2221 533 2304 producere
556 2222 589 2282 in
613 2221 833 2282 testimonium
851 2221 1004 2282 discretos
1023 2221 1109 2282 viros
1133 2221 1302 2283 dominum
1328 2221 1498 2282 Nicolaum

234 2341 265 2389 et
291 2328 459 2390 dominum
486 2328 628 2389 Blasium
658 2341 795 2388 rectores
828 2328 960 2390 ecclesie
993 2327 1077 2389 beati
1102 2328 1200 2389 Marci
1232 2327 1436 2408 ewangeliste
1469 2307 1499 2387 et

233 2434 403 2515 providum
429 2433 532 2494 virum
558 2432 737 2495 lohannem
770 2433 872 2494 filium
897 2433 1023 2495 Nicolai
1057 2433 1181 2515 pridem
1214 2433 1364 2513 judicem,
1390 2431 1498 2494 Cusne

234 2539 414 2602 carnificem
440 2554 471 2601 et
496 2540 623 2602 Petrum
649 2540 841 2622 Hungarum
864 2539 988 2622 pridem
1014 2539 1163 2621 juratum,
1189 2539 1337 2601 concives
1361 2553 1499 2617 nostros,

235 2665 330 2726 super
354 2644 475 2707 factum
499 2665 555 2706 seu
587 2646 750 2708 accionem
784 2647 866 2708 inter
897 2646 1036 2707 eundem
1070 2659 1100 2706 et
1132 2644 1371 2706 commissarios
1404 2655 1498 2705 testa·

234 2752 334 2813 menti
366 2751 503 2813 condam
528 2752 647 2814 Vrbani
680 2751 773 2832 jurati
806 2751 863 2814 filii
897 2753 979 2813 Petri
1012 2752 1087 2814 dicti
1121 2749 1267 2833 Crapech
1302 2749 1443 2812 habitam
1469 2761 1499 2810 et

235 2870 422 2919 vertentem.

339 2981 415 3042 ltem
435 2981 534 3043 Elena
559 3001 639 3043 uxor
656 2982 788 3044 loannis
809 2983 962 3044 institoris
979 2995 1087 3043 contra
1113 2980 1314 3043 Anthonium
1339 2998 1493 3060 generum

235 3085 428 3170 Ozmonogh
451 3087 593 3150 secundo
618 3089 711 3150 citata
736 3107 801 3150 non
824 3089 1012 3170 comparuit.

341 3212 420 3273 ltem
450 3212 568 3274 Paulus
599 3212 701 3274 Totar
732 3226 841 3274 contra
873 3213 1016 3274 Blasium
1048 3211 1151 3273 filium
1185 3211 1268 3272 Petri
1301 3211 1405 3271 civem
1428 3206 1498 3292 {vici

234 3319 423 3381 Latinorum
447 3319 551 3401 primo
575 3319 689 3380 citatus
712 3339 777 3381 non
802 3320 990 3402 comparuit.

343 3443 420 3504 ltem
446 3462 539 3503 causa
564 3443 645 3504 inter
670 3441 847 3524 Georgium
873 3441 975 3504 filium
1000 3443 1128 3505 Thome
1161 3442 1200 3503 de
1224 3441 1365 3502 Werbaz
1390 3455 1425 3501 ut
1449 3460 1498 3500 ac·

236 3563 340 3612 torem
367 3563 398 3612 et
422 3549 613 3611 Micbaelem
641 3548 813 3631 pellificem
835 3563 869 3610 ut
900 3549 931 3610 in
957 3569 1082 3611 causam
1115 3562 1294 3624 attractum,
1320 3547 1360 3608 ad
1385 3546 1498 3608 feriam

235 3656 364 3718 terciam
390 3655 535 3736 proxime
559 3667 726 3716 venturam
751 3655 791 3716 de
814 3655 958 3738 parcium
986 3656 1151 3717 voluntate
1176 3655 1215 3716 ad
1240 3673 1352 3736 pacem
1378 3667 1424 3714 est
1449 3673 1496 3713 re-

235 3777 336 3844 cepta,
354 3762 409 3843 qui
427 3762 452 3822 si
466 3761 731 3823 concordaverint
745 3774 775 3824 et
792 3763 932 3824 contenti
947 3761 1075 3840 fuerint,
1090 3764 1172 3823 bene
1189 3759 1332 3842 quidem,
1350 3759 1496 3840 alioquin

236 3870 348 3932 eadem
373 3869 425 3930 die
442 3870 509 3950 ipsa
526 3888 619 3930 causa
637 3887 748 3929 eorum
766 3889 821 3950 per
834 3868 973 3949 judicem
992 3883 1022 3930 et
1038 3867 1157 3946 juratos
1175 3881 1221 3929 est
1239 3865 1494 3928 determinanda.

345 3993 422 4054 ltem
446 3994 521 4074 quia
546 3993 650 4054 Sabka
683 3991 747 4054 filia
780 3993 978 4073 Margarethe
1007 3991 1241 4054 Prasichiniche
1275 3992 1306 4052 in
1339 3991 1498 4072 vituperio

237 4099 407 4162 manifesto
433 4120 488 4182 per
511 4097 711 4177 fidedignum
734 4099 954 4161 testimonium
975 4101 1120 4181 superius
1144 4119 1326 4181 expressum
1352 4113 1398 4159 est
1422 4117 1497 4159 con-

236 4209 330 4285 victa,
355 4207 428 4268 ideo
452 4206 545 4286 jurati
578 4205 852 4287 adjudicaverunt,
880 4206 968 4288 quod
1000 4221 1109 4268 contra
1135 4207 1205 4267 illas
1238 4207 1386 4267 dominas
1419 4225 1497 4286 quas

238 4314 440 4396 vituperavit,
465 4311 616 4374 videlicet
639 4312 804 4373 dominam
831 4313 998 4374 Laurencii
1016 4313 1168 4374 institoris
1192 4327 1222 4374 et
1238 4332 1389 4395 sponsam
1417 4313 1497 4374 eius-

239 4419 323 4498 dem,
349 4433 457 4480 contra
483 4419 661 4500 quamlibet
683 4419 714 4478 in
737 4418 833 4479 tercia
858 4419 991 4480 dimidia
1016 4439 1120 4480 marca
1139 4433 1184 4480 est
1208 4419 1352 4481 convicta
1378 4421 1410 4479 in
1436 4419 1497 4480 bir-

237 4525 337 4606 sagio,
363 4525 576 4606 quasquidem
600 4544 722 4586 marcas
757 4523 879 4584 eisdem
910 4525 1079 4586 actricibus
1103 4525 1143 4587 ad
1174 4525 1354 4606 quindenas
1378 4525 1497 4607 persol-

238 4651 311 4693 vere
336 4630 474 4693 debebit.

345 4755 422 4818 ltem
447 4754 637 4815 Valentinus
668 4753 752 4817 filius
781 4754 946 4816 Michaelis
978 4754 1010 4815 in
1043 4753 1126 4816 facto
1157 4755 1322 4836 sanguinis
1346 4769 1380 4816 ut
1412 4767 1499 4816 actor

240 4875 350 4924 contra
375 4860 575 4922 Anthonium
593 4860 772 4923 carnificem
797 4875 832 4922 ut
856 4863 888 4922 in
912 4881 1039 4922 causam
1057 4875 1224 4924 attractum
1249 4861 1344 4922 hodie
1369 4861 1408 4922 ad
1425 4875 1497 4922 octo

240 4969 308 5033 dies
331 4988 425 5052 super
448 4987 535 5030 aram
560 4967 786 5031 secundusmet
813 4967 973 5032 tenebitur
997 4966 1209 5050 juramentum
1237 4968 1408 5054 deponere.
