3734 5796
394 757 492 832 Feria
521 769 620 833 sexta
649 763 803 850 proxima
833 769 910 832 ante
938 760 1059 830 festum
1087 759 1178 829 beati
1207 757 1366 830 Anthouii
1397 759 1553 830 monachi
1581 769 1613 830 et

897 881 1110 956 confessoris.

878 1033 941 1114 (16.
958 1036 1120 1114 januaris).

473 1176 550 1238 Item
577 1176 725 1259 Mathyas
756 1177 860 1238 dictus
883 1177 1002 1237 Farltas
1033 1189 1142 1236 contra
1168 1175 1355 1257 magistrum
1381 1175 1548 1236 Matheum
1582 1194 1640 1236 uo·

367 1282 484 1343 tarium
510 1283 702 1345 modernum
728 1284 970 1346 communitatis
987 1282 1124 1343 civitatis
1140 1282 1280 1364 predicte
1305 1283 1410 1364 primo
1434 1282 1550 1343 citatus
1569 1300 1637 1342 uon

367 1390 560 1470 comparuit.

473 1494 550 1556 Item
577 1516 705 1556 causam
731 1516 826 1577 quatu
847 1499 939 1556 Anna
964 1498 1080 1559 muller
1105 1511 1207 1558 mater
1225 1495 1358 1576 Georgii
1384 1495 1502 1556 literati
1528 1509 1638 1554 contra

367 1599 544 1680 Georgium
569 1621 725 1682 generum
750 1602 887 1664 condam
920 1601 1073 1684 Stephani
1105 1603 1257 1685 pincerne
1290 1621 1377 1662 nuuc
1405 1619 1516 1662 coram
1539 1600 1637 1660 nobis

366 1709 528 1786 movebat,
554 1707 593 1770 ad
618 1708 757 1789 primum
790 1708 946 1789 judicium
978 1729 1036 1790 pro
1060 1729 1137 1791 pace
1165 1708 1270 1772 fienda
1294 1707 1335 1770 ad
1366 1722 1519 1769 octavum
1544 1706 1631 1767 diem

366 1815 521 1894 presentis
546 1812 623 1876 serie
647 1828 733 1876 sexte
751 1835 807 1897 per
823 1815 994 1876 instantem
1016 1816 1210 1897 peticionem
1234 1816 1377 1897 plurium
1393 1813 1635 1895 fidedignarum

366 1939 576 2001 personarum
602 1921 752 1983 duximus
776 1922 1024 2003 prorogandam.

472 2027 549 2088 Item
577 2027 716 2088 decanus
741 2027 916 2109 Dyonisius
940 2042 1048 2088 contra
1068 2028 1195 2089 Petrum
1220 2027 1322 2088 filium
1340 2027 1471 2088 Thome
1495 2026 1535 2086 de
1555 2027 1636 2086 Kra-

365 2133 553 2213 nesInopole
578 2136 720 2196 secundo
745 2135 858 2196 citatus
882 2154 947 2196 non
973 2136 1162 2216 comparuit.

470 2238 547 2298 Item
575 2237 734 2320 Georgius
756 2261 855 2320 gener
878 2241 1030 2322 pincerne
1061 2240 1213 2322 Stephani
1239 2239 1357 2319 jurabit
1380 2240 1481 2301 tercio
1506 2259 1538 2300 se
1564 2259 1633 2321 per-

366 2342 453 2402 sonis
477 2344 536 2404 sibi
562 2345 721 2406 similibus
745 2361 859 2408 octavo
886 2346 937 2406 die
969 2367 1065 2428 super
1088 2366 1174 2408 aram
1207 2361 1318 2407 contra
1343 2345 1543 2408 Dorotheam
1568 2346 1631 2426 pri-

368 2447 496 2527 vignam
524 2450 606 2510 luan
627 2449 765 2512 Owchar
789 2472 884 2534 super
902 2473 951 2530 eo,
969 2465 1003 2513 ut
1021 2453 1087 2534 ipse
1104 2453 1277 2514 linteamen
1303 2465 1334 2514 et
1351 2453 1517 2513 camisiam
1535 2451 1634 2533 ipsius

365 2553 527 2616 Dorothee
553 2577 616 2618 non
642 2560 797 2620 subtraxit
821 2579 878 2621 nec
903 2575 950 2620 est
973 2561 1118 2622 conscius
1139 2574 1170 2622 et
1193 2561 1351 2642 particeps
1376 2560 1476 2641 ipsius
1500 2557 1586 2620 furti

472 2663 549 2723 Item
582 2683 661 2724 uxor
693 2665 836 2726 eiusdem
871 2665 1003 2746 Georgii
1027 2665 1092 2727 lilia
1125 2665 1274 2728 videlicet
1300 2665 1454 2746 Stephani
1479 2665 1632 2746 pincerne

363 2769 509 2830 slmiliter
540 2772 704 2832 terciamet
735 2771 794 2832 sibi
827 2773 986 2833 similibus
1017 2773 1161 2854 personis
1192 2786 1307 2834 octavo
1340 2773 1392 2833 die
1422 2791 1519 2853 super
1544 2790 1632 2832 aram

366 2873 483 2954 jurabit
507 2895 563 2956 per
595 2876 871 2956 adjudicacionem
905 2878 1081 2957 juratorum
1106 2891 1215 2940 contra
1248 2877 1405 2960 prefatam
1430 2876 1630 2938 Dorotheam

364 3001 458 3062 super
483 3001 532 3058 c0,
556 2996 591 3042 ut
616 2983 682 3063 ipsa
707 2983 879 3044 linteamen
905 2985 1046 3065 predicte
1065 2984 1227 3046 Dorotltee
1252 3004 1317 3045 non
1341 2983 1499 3045 subtraxit
1524 3003 1630 3064 neque

362 3087 536 3164 camisiam,
562 3107 619 3148 nec
644 3103 690 3149 est
714 3090 840 3149 conscia
865 3103 895 3150 et
919 3089 1077 3170 particeps
1102 3090 1200 3171 ipsius
1225 3088 1309 3152 furti

470 3193 547 3253 Item
574 3194 649 3274 quia
675 3195 791 3256 Paulus
815 3194 972 3276 Walputb
1004 3195 1183 3274 juramenta
1215 3196 1280 3256 duo
1309 3209 1418 3258 contra
1445 3195 1632 3257 Emericum

363 3295 464 3358 filium
491 3298 648 3359 Francisci
675 3300 779 3360 claudi
798 3301 829 3360 ln
848 3298 930 3360 lacto
955 3301 1171 3380 quorumdam
1189 3320 1322 3362 suorum
1347 3303 1446 3362 boum
1472 3315 1504 3362 et
1522 3301 1633 3362 valore

363 3404 551 3464 eorumdem
577 3424 641 3465 non
667 3405 816 3486 deposuit
841 3425 945 3487 neque
973 3407 1119 3486 prestitit,
1144 3407 1285 3488 ideoque
1312 3407 1417 3488 ipsum
1443 3407 1632 3468 Emericum

363 3528 434 3569 cunr
461 3510 529 3591 ipso
553 3523 641 3592 patre
666 3530 725 3571 suo
742 3509 826 3573 facto
851 3512 882 3572 in
909 3511 1023 3573 eodem
1049 3525 1158 3574 contra
1176 3512 1281 3594 ipsum
1307 3513 1444 3575 Paulum
1470 3513 1631 3596 Walputb

361 3615 560 3676 reddidimus
585 3617 769 3698 expeditum
794 3617 918 3698 justicia
942 3619 1135 3698 requirente.

402 3849 497 3922 Feria
525 3861 623 3922 sexta
652 3859 806 3942 proxima
835 3865 911 3945 post
939 3858 1063 3930 leston
1090 3863 1200 3932 sancti
1232 3861 1402 3932 Vinceucii
1430 3865 1597 3934 martiris.

869 4023 933 4086 (23.
950 4013 1115 4089 senuerit).

468 4142 544 4204 Item
571 4145 755 4208 Anthonius
787 4148 926 4210 carnifex
952 4149 1036 4211 lilius
1069 4151 1182 4213 BrIccii
1216 4151 1375 4214 Jollanow
1398 4167 1511 4216 contra
1546 4155 1632 4216 Bric-

362 4248 447 4308 cium
473 4247 612 4327 judIcem
636 4253 735 4314 tercio
759 4254 872 4315 citatus
897 4275 961 4316 non
988 4258 1177 4339 comparuit.

466 4353 543 4416 Item
577 4357 723 4438 Mathyas
756 4359 873 4422 Farkas
905 4375 1014 4424 contra
1046 4365 1234 4446 magistrum
1267 4365 1433 4429 Matheutn
1467 4369 1631 4431 notarium

359 4459 500 4518 secundo
526 4460 638 4521 citatus
662 4483 727 4524 non
752 4468 941 4547 comparuit.

468 4563 545 4624 Item
570 4568 703 4628 sabbato
728 4572 872 4650 proxime
897 4575 1044 4654 sequenti
1077 4577 1220 4638 seniores
1252 4576 1375 4658 judices
1399 4579 1537 4641 civitatis
1560 4599 1632 4662 pre·

362 4681 468 4727 notate
493 4689 621 4730 causam
647 4673 679 4732 in
704 4672 788 4736 facto
813 4677 928 4738 domus
952 4697 1075 4742 mutate
1099 4695 1131 4743 et
1163 4681 1253 4744 fundi
1279 4684 1383 4746 civilis
1408 4685 1548 4746 condam
1572 4685 1632 4747 do-

361 4770 440 4830 mIni
466 4774 590 4835 Nowak
615 4777 698 4838 I‘etri
724 4783 899 4859 presbiteri,
926 4786 1062 4848 condam
1096 4789 1226 4870 plebani
1251 4791 1386 4852 ecclesie
1411 4794 1504 4855 beate
1529 4793 1632 4854 Marie

364 4874 497 4954 virginis
522 4879 553 4938 in
587 4882 747 4962 Kloltoch,
779 4887 860 4948 inter
892 4889 1115 4954 honorabilem
1141 4895 1246 4956 virum
1279 4897 1451 4959 dominum
1477 4899 1633 4961 Iacobum

360 4982 550 5043 canonicum
580 4988 714 5048 ecclesie
747 4995 962 5072 zagrabiensis
995 5011 1025 5058 et
1048 4999 1224 5080 plebanum
1257 5001 1297 5064 de
1322 5004 1482 5066 Zerdahel
1509 5020 1565 5066 etc.
1589 5007 1631 5066 ab
