3876 5798
427 535 493 596 430
794 519 990 594 Ann01445.
1016 550 1056 560 —
1080 513 1133 578 26.
1154 517 1326 578 novembris.

428 742 536 788 contra
562 727 696 788 eandem
723 727 857 789 Elenam
884 728 1028 810 Kusycza
1053 727 1182 804 dictam,
1208 729 1310 809 pridie
1338 748 1393 810 per
1418 730 1536 808 juratos
1560 727 1684 806 adjudi-

429 847 546 912 catum,
571 834 603 894 in
627 832 711 896 lacto
735 834 902 895 cuiusdam
925 835 1044 914 cinguli
1069 835 1200 915 litigiosi
1218 850 1327 896 contra
1353 835 1455 918 ipsam
1473 834 1607 895 Elenam
1627 834 1689 894 Ku-

428 959 521 1021 sycza
540 939 669 1018 dictam,
687 939 790 1021 pridie
806 940 956 1002 videlicet
972 953 1086 1001 octavo
1104 940 1155 1002 die
1173 940 1313 1021 predicte
1331 939 1408 1002 ferie
1432 941 1530 1002 tercie
1546 939 1687 1022 proxime

428 1059 501 1108 ante
526 1044 638 1107 festum
666 1048 756 1108 beate
781 1045 958 1128 Elyzabeth
981 1046 1076 1108 vidue
1105 1046 1219 1108 eodem
1242 1049 1341 1109 modo
1365 1049 1447 1110 sicut
1470 1049 1530 1110 sibi
1556 1046 1618 1109 fuit
1635 1047 1686 1108 ad-

428 1151 602 1232 judicatum
628 1153 765 1233 prestitit
788 1165 819 1214 et
842 1153 1002 1234 deposuit,
1027 1152 1100 1214 ideo
1130 1153 1234 1234 ipsum
1259 1154 1438 1216 Fabianum
1463 1168 1616 1216 sartorem
1644 1173 1689 1214 ra-

429 1258 520 1320 cione
545 1257 760 1340 deposicionis
785 1259 883 1340 ipsius
907 1259 1075 1338 juramenti
1101 1273 1132 1321 et
1156 1261 1283 1322 racione
1308 1261 1383 1322 dicti
1410 1262 1531 1344 cinguli
1556 1261 1685 1341 litigiosi

430 1378 538 1424 contra
552 1364 653 1446 ipsam
668 1365 834 1426 dominam
853 1365 985 1426 Elenam
1002 1367 1180 1448 Kusyczam
1195 1367 1396 1428 reddidimus
1410 1367 1478 1429 lore
1495 1368 1691 1450 expeditum.

537 1470 614 1532 ltem
647 1471 777 1532 domina
811 1471 988 1553 Elyzabeth
1021 1471 1129 1534 relicta
1169 1487 1200 1534 et
1230 1471 1406 1554 Gregorius
1440 1472 1525 1534 filius
1556 1473 1689 1533 condam

429 1576 558 1639 Andree
583 1577 735 1639 Zwechar
759 1591 867 1639 contra
893 1577 1056 1660 Mathyam
1088 1598 1241 1659 generum
1275 1579 1420 1660 magistri
1446 1579 1599 1661 Stephani
1632 1579 1690 1639 Ra·

430 1681 546 1764 ltarych
572 1683 713 1744 secundo
739 1683 823 1744 citati
850 1703 914 1744 uon
939 1699 1198 1762 comparuerunt.

536 1789 613 1850 ltem
639 1808 765 1850 causam
790 1808 886 1870 quam
913 1788 1058 1850 Thomas
1074 1803 1163 1850 sutor
1187 1805 1297 1852 contra
1322 1790 1525 1853 Clementem
1549 1803 1690 1852 sutorem

429 1915 514 1956 nunc
539 1914 668 1956 movere
693 1895 840 1973 habebat,
872 1915 929 1976 per
950 1895 1144 1976 peticionem
1177 1896 1387 1978 providorum
1420 1899 1561 1958 virorum
1595 1894 1689 1956 Blasii

432 2001 641 2083 Kurmanych
659 2015 690 2062 et
706 2001 868 2062 Valentini
883 2001 995 2063 Fellen
1012 2021 1070 2083 pro
1087 2017 1176 2083 parte
1188 2001 1300 2084 prelati
1318 2002 1497 2066 Clementis
1513 2002 1544 2063 in
1565 2019 1690 2062 causam

433 2109 567 2186 attracti,
600 2127 707 2168 coram
739 2109 833 2168 nobis
864 2121 1081 2188 exurgentem,
1113 2107 1152 2168 ad
1181 2109 1319 2190 primum
1353 2109 1509 2190 judicium
1534 2128 1591 2190 pro
1616 2126 1691 2188 pace

431 2213 537 2276 fienda
562 2215 711 2276 duximus
735 2215 981 2296 prorogandam.

536 2321 613 2382 ltem
647 2321 784 2382 Michael
817 2321 945 2402 sellipar
978 2319 1062 2382 filius
1086 2320 1247 2402 Tholway
1280 2321 1370 2382 Pauli
1404 2335 1435 2382 et
1460 2322 1584 2382 Marcus
1609 2319 1693 2381 tilius

432 2427 542 2490 Gurak
567 2428 660 2508 jurati
685 2447 721 2488 ac
746 2428 928 2490 Demetrius
952 2447 1039 2488 rasor
1062 2447 1243 2510 pannorum
1268 2441 1380 2490 contra
1405 2447 1536 2488 uxorem
1562 2427 1692 2488 Thome

431 2534 565 2597 Cheden
591 2534 695 2616 primo
720 2534 805 2595 citati
832 2554 895 2595 non
925 2548 1183 2615 comparuerunt.

541 2639 618 2701 Item
632 2639 722 2720 jurati
738 2659 863 2701 causam
878 2641 960 2702 inter
977 2639 1107 2701 domina
1120 2640 1324 2701 Scolasticam
1343 2640 1485 2701 relictam
1501 2639 1580 2699 Pero
1600 2637 1692 2718 iurati

431 2745 487 2808 filii
513 2747 596 2808 Petri
623 2746 754 2828 Saphar,
784 2761 815 2808 et
849 2747 931 2808 inter
956 2747 1095 2807 Blasium
1121 2746 1259 2828 jndicem
1294 2745 1396 2808 lilium
1427 2746 1515 2806 Pauli
1542 2746 1572 2805 in
1609 2743 1692 2804 lacto

433 2852 573 2914 indebite
595 2853 768 2913 locacionis
792 2853 898 2914 cloace
923 2873 979 2913 seu
1004 2853 1124 2933 private
1144 2851 1264 2933 prefate
1281 2853 1412 2914 domine
1437 2851 1610 2912 Scolastice
1636 2868 1692 2932 per

432 2959 609 3040 predictum
638 2959 773 3020 condam
799 2959 878 3020 Peto
903 2958 1041 3040 juratum
1068 2959 1098 3020 in
1124 2959 1196 3020 loco
1214 2959 1326 3020 illicito
1351 2973 1381 3020 et
1406 2957 1550 3020 indebito
1575 2958 1608 3018 in
1634 2959 1691 3017 ob·

432 3065 597 3146 probrium
623 3065 734 3146 prelati
762 3064 856 3126 Blasii
881 3064 1005 3144 judicis,
1030 3085 1067 3125 ex
1085 3065 1234 3146 opposito
1259 3065 1387 3146 penoris
1410 3063 1531 3125 cellarii
1548 3063 1693 3124 eiusdem

432 3171 530 3232 Blasii
555 3171 669 3251 judicis
692 3170 805 3232 effosse
829 3184 860 3232 et
884 3185 1059 3252 preparate,
1083 3172 1127 3232 sic
1148 3171 1442 3233 determinaverunt
1464 3184 1495 3232 et
1527 3170 1695 3231 concluse·

429 3290 513 3355 runt,
537 3277 624 3358 quod
650 3277 716 3359 ipsa
741 3277 873 3338 domina
898 3277 1070 3338 Scolastica
1100 3277 1274 3358 predictam
1307 3279 1449 3339 cloacam
1472 3297 1562 3339 suam
1587 3295 1691 3357 usque

428 3384 468 3444 ad
494 3382 673 3464 quindenas
697 3385 736 3444 ab
754 3383 811 3443 illo
828 3383 900 3443 loco
925 3382 1038 3444 illicito
1066 3396 1097 3444 et
1114 3383 1258 3444 indebito
1276 3383 1330 3445 ubi
1348 3383 1527 3465 peripsum
1551 3383 1691 3444 condam

428 3491 556 3550 Petrum
582 3489 721 3569 juratum
747 3487 848 3550 luerat
872 3488 983 3550 effossa
1009 3503 1040 3550 et
1063 3489 1209 3550 ordinata
1241 3509 1418 3568 removete,
1443 3503 1473 3550 et
1496 3489 1528 3550 in
1553 3489 1627 3550 loco
1657 3490 1695 3549 li-

429 3598 493 3658 cito
518 3611 548 3657 et
573 3597 709 3658 honesto
734 3615 823 3657 more
847 3597 942 3657 solito
966 3596 1071 3657 locare
1096 3610 1126 3658 et
1150 3595 1242 3658 illum
1271 3595 1418 3658 illicitum
1444 3610 1474 3657 et
1498 3595 1693 3676 injuriosum

430 3704 538 3764 locum
566 3703 664 3784 ipsius
688 3702 811 3784 private
834 3721 890 3762 seu
915 3701 1022 3762 cloace
1050 3721 1152 3782 usque
1169 3701 1209 3762 ad
1234 3702 1361 3763 easdem
1387 3702 1565 3783 quindenas
1590 3703 1696 3762 reclu-

428 3809 502 3870 dere
527 3822 559 3872 et
583 3809 726 3890 coperire
752 3808 942 3868 debetcum
967 3821 1049 3870 terra
1075 3809 1161 3870 bono
1184 3809 1295 3870 modo.

534 3915 612 3976 ltem
630 3914 775 3996 Mathyas
800 3915 938 3994 agricola
963 3915 1105 3975 secundo
1129 3934 1162 3978 se
1186 3934 1285 3997 penes
1308 3914 1498 3977 effusionem
1526 3916 1697 3996 sanguinis

428 4021 589 4082 similibus
612 4041 645 4082 se
671 4021 815 4101 personis
839 4034 948 4080 contra
973 4019 1172 4082 Demetrium
1204 4041 1345 4082 rasorem
1371 4040 1550 4104 pannorum
1576 4035 1697 4082 octavo

426 4127 478 4187 die
502 4146 707 4208 superatam
732 4125 834 4205 jurare
858 4126 1019 4187 tenebitur
1043 4145 1139 4208 super
1163 4146 1212 4204 eu,
1241 4140 1276 4190 ut
1299 4127 1366 4209 ipse
1392 4127 1574 4189 Demetrius
1598 4147 1694 4188 rasor

427 4253 608 4312 pannorum
632 4231 790 4314 prefatum
821 4233 983 4314 Mathyam
1016 4233 1189 4312 agricolam
1222 4234 1387 4314 usquead
1413 4233 1577 4314 sanguinis
1613 4233 1697 4295 effu·

427 4339 550 4399 sionem
575 4353 606 4400 et
630 4358 731 4419 usque
755 4337 795 4398 ad
820 4338 981 4399 cicatrices
1006 4339 1221 4419 percussisset.

535 4444 611 4506 ltem
637 4445 712 4525 quia
737 4443 912 4525 Elyzabeth
930 4444 1039 4504 relicta
1064 4458 1095 4505 et
1118 4445 1217 4506 Lucia
1234 4445 1342 4527 puella
1360 4445 1424 4507 filia
1449 4446 1586 4508 condam
1605 4447 1695 4508 Petri

428 4551 567 4631 agricole
592 4549 649 4611 filii
674 4551 762 4632 olym
789 4551 886 4610 Marci
911 4549 967 4611 filii
997 4551 1086 4610 Pauli
1111 4550 1304 4612 habitatores
1336 4552 1472 4612 civitatis
1498 4551 1619 4634 prefate
1651 4554 1698 4632 id,

428 4658 568 4738 quadam
593 4658 682 4717 litera
708 4670 814 4716 nostra
839 4676 894 4716 seu
919 4656 1054 4717 civitatis
1079 4657 1218 4738 predicte
1247 4657 1438 4739 privilegiali
1464 4677 1569 4720 coram
1596 4661 1698 4721 nobis

426 4764 626 4844 specietenus
650 4763 804 4845 producta
830 4763 912 4824 clare
938 4765 1197 4844 comprobarunt,
1222 4778 1257 4825 ut
1274 4763 1413 4845 quedam
1438 4765 1516 4825 silva
1542 4764 1573 4826 in
1598 4767 1696 4827 terri-

425 4870 509 4930 torio
534 4883 642 4930 nostro
667 4889 722 4930 seu
747 4869 883 4930 civitatis
906 4870 1048 4950 predicte
1074 4870 1155 4930 inter
1179 4871 1274 4932 silvas
1297 4891 1335 4932 ex
1367 4883 1502 4953 utraque
1527 4885 1616 4952 parte
1645 4893 1697 4934 ec-

430 4975 524 5036 clesie
551 4989 656 5036 nostre
680 4973 871 5058 parochialis
893 4976 982 5036 beate
1002 4976 1202 5058 Margarethe
1221 4977 1352 5057 virginis
1369 4990 1399 5038 et
1416 4977 1553 5038 martiris
1570 4976 1697 5042 Christi
