3678 5800
543 557 630 616 Anno
653 568 742 635 1435.
765 589 809 601 —
832 571 862 618 2.
885 559 1057 633 septembris.
1377 579 1439 642 239

175 769 393 850 interrogatus
416 769 580 832 accionem
604 789 693 832 suam
719 772 931 852 proponebat,
955 786 989 832 ut
1013 771 1072 833 sibi
1097 791 1153 834 sue
1177 772 1267 834 litere
1291 791 1346 834 seu
1371 772 1440 833 lite·

174 875 252 936 ralia
273 875 484 937 instrumenta
508 873 627 938 facturn
660 876 898 958 possessionum
927 896 1057 938 suarum
1089 879 1255 959 tangencia
1282 879 1313 940 in
1337 877 1438 941 domo

174 980 308 1063 predicti
333 981 473 1044 Emerici
497 982 627 1044 sartoris
650 982 682 1043 in
707 983 956 1045 conservacione
981 983 1131 1065 reposita,
1155 1004 1172 1045 a
1197 983 1296 1046 domo
1319 1004 1375 1045 seu
1400 983 1440 1046 de

175 1085 275 1149 domo
299 1088 400 1171 ipsius
423 1086 573 1170 Gregorii
597 1089 690 1170 jurati
714 1107 770 1170 per
801 1089 884 1170 ignis
916 1087 1074 1152 fervorem
1107 1089 1139 1152 in
1163 1102 1248 1152 cartu
1280 1103 1439 1154 contracta

174 1207 206 1254 et
228 1194 263 1255 in
287 1195 395 1276 sigillo
419 1207 609 1277 consumpta
633 1193 777 1273 fuissent,
802 1195 958 1277 vigesimo
990 1196 1104 1277 quinto
1128 1216 1162 1258 se
1186 1196 1344 1258 similibus
1369 1217 1439 1280 per·

174 1299 262 1360 sonis
285 1311 400 1361 octavo
425 1299 476 1361 die
501 1320 596 1383 super
619 1319 707 1362 aram
731 1299 834 1382 jurare
858 1300 989 1364 debebit
1004 1321 1099 1384 super
1126 1320 1175 1382 e0‚
1199 1315 1235 1364 ut
1258 1301 1325 1384 ipse
1349 1302 1439 1365 litere

174 1423 229 1466 sue
255 1423 312 1466 seu
336 1402 470 1468 literalis
495 1405 705 1468 instrumenta
722 1404 828 1467 nullas
848 1406 926 1468 alias
949 1407 1010 1468 nisi
1028 1407 1059 1468 in
1085 1407 1227 1490 predicta
1246 1407 1345 1470 domo
1363 1407 1439 1472 dicti

175 1509 315 1572 Emerici
340 1511 470 1574 sartoris
500 1531 518 1573 a
550 1512 693 1594 predicta
724 1511 824 1574 domo
856 1511 955 1595 ipsius
979 1511 1127 1594 Gregorii
1159 1511 1252 1594 jurati
1276 1533 1333 1596 per
1357 1514 1440 1597 ignis

174 1614 335 1678 fervorem
360 1631 390 1680 et
413 1617 577 1680 flammam
601 1618 633 1680 in
659 1631 743 1680 carta
767 1631 928 1681 contracta
953 1631 984 1681 et
1008 1619 1039 1681 in
1065 1619 1171 1702 sigillo
1195 1633 1384 1703 consumpta
1408 1635 1440 1682 et

175 1737 324 1806 corrupta
348 1722 493 1788 fuissent.
519 1723 596 1786 ltem
615 1723 737 1807 Symon
755 1723 840 1786 filius
860 1725 1036 1805 Benedicti,
1061 1725 1179 1788 Paulus
1200 1724 1285 1790 filius
1310 1725 1439 1790 Martini

175 1848 210 1891 ac
235 1828 325 1891 Gure
342 1843 373 1891 et
390 1831 544 1892 Nicolaus
567 1829 626 1892 filii
643 1829 777 1893 Fabiani
806 1845 837 1893 et
854 1832 1037 1894 Demetrius
1052 1830 1137 1894 filius
1153 1832 1274 1894 Vrbani
1298 1850 1357 1894 nec
1374 1851 1439 1894 non

176 1934 353 2018 Gregorius
368 1935 453 1998 filius
478 1937 562 1999 lwan
580 1936 620 1999 de
645 1937 806 2000 Stankoch
823 1937 970 2000 similiter
986 1939 1121 2020 quilibet
1145 1958 1258 2001 eorum
1282 1937 1439 2020 vigesimo

175 2041 289 2122 quinto
313 2061 347 2103 se
371 2043 530 2105 similibus
554 2043 614 2105 sibi
639 2043 783 2126 personis
807 2057 842 2106 ut
864 2057 997 2124 actores,
1021 2058 1131 2108 contra
1162 2045 1341 2128 predictum
1359 2043 1438 2108 Gre-

174 2147 303 2228 gorium
326 2147 465 2229 juratum
498 2162 533 2210 ut
563 2149 595 2211 in
628 2169 756 2212 causam
786 2163 965 2230 attractum,
998 2150 1208 2214 consimiliter
1239 2165 1353 2214 octavo
1385 2151 1438 2213 die

175 2273 271 2336 super
295 2275 382 2316 aram
407 2254 511 2336 jurare
543 2257 738 2318 tenebuntur
769 2275 864 2340 super
888 2277 938 2336 eu,
962 2271 997 2320 ut
1020 2257 1111 2320 litere
1142 2276 1254 2319 eorum
1286 2277 1343 2320 seu
1366 2257 1437 2319 lite·

174 2359 255 2422 ralia
273 2361 484 2424 instrumenta
501 2360 620 2424 facturn
637 2364 875 2445 possessionum
894 2363 1037 2446 ipsorum
1054 2363 1221 2445 tangencis
1239 2362 1345 2425 nullas
1361 2363 1439 2425 alias

172 2467 233 2528 nisi
259 2467 292 2528 in
317 2467 457 2550 predicta
482 2469 581 2530 domo
606 2469 704 2551 ipsius
729 2469 866 2532 Emerici
887 2469 1016 2532 sartoris
1033 2469 1065 2530 in
1089 2469 1231 2551 reposito
1255 2467 1361 2532 habita
1381 2489 1439 2552 per

172 2574 258 2656 ignis
282 2573 441 2636 fervorem
465 2587 496 2636 et
519 2575 683 2637 flammam
708 2596 725 2637 a
750 2576 849 2638 domo
873 2577 1012 2659 predicta
1037 2575 1185 2658 Gregorii
1210 2575 1303 2657 jurati
1328 2595 1438 2658 supra-

172 2679 251 2742 dicti
277 2681 310 2742 in
336 2695 420 2744 carta
444 2695 605 2744 contracta
630 2695 661 2744 et
683 2681 716 2744 in
734 2682 841 2764 sigillo
865 2696 1014 2765 corrupta
1031 2695 1062 2745 et
1078 2695 1267 2764 consumpta
1293 2680 1436 2744 luissent.

172 2787 254 2849 ltem
280 2785 421 2869 prelatus
444 2788 612 2850 Emericus
635 2802 736 2850 sartor
759 2787 893 2851 claudus
916 2789 1063 2850 similiter
1087 2788 1243 2870 vigesimo
1268 2789 1381 2870 quinto
1405 2807 1437 2848 se

172 2895 321 2976 personis
343 2894 403 2956 sibi
429 2894 588 2956 similibus
605 2894 814 2958 consimiliter
837 2909 951 2958 octavo
965 2895 1015 2957 die
1033 2914 1128 2977 super
1151 2915 1238 2957 aram
1255 2895 1286 2956 in
1305 2895 1439 2957 ecclesia

173 3002 260 3064 besti
285 3001 385 3064 Marci
409 3015 518 3064 contra
554 3000 732 3084 predictum
758 3001 951 3084 Gregorium
977 3001 1117 3080 juratum
1148 3001 1310 3062 tenebitur
1335 2999 1438 3075 iurare

173 3127 272 3189 super
296 3127 347 3188 eo,
371 3119 407 3170 ut
436 3108 616 3191 predictum
648 3107 834 3170 incendium
867 3108 899 3170 in
924 3109 991 3190 ipsa
1023 3108 1122 3170 domo
1147 3107 1286 3168 Emerici
1310 3107 1439 3168 sartoris

174 3214 375 3294 habitum,a
407 3215 549 3298 predicta
581 3213 679 3276 domo
711 3214 809 3297 ipsius
842 3213 989 3296 Gregorii
1022 3215 1116 3296 jurati
1140 3227 1171 3275 et
1201 3233 1266 3276 non
1299 3215 1339 3275 ab
1372 3213 1438 3295 ipsa

176 3319 275 3382 domo
300 3341 356 3383 sua
380 3341 437 3404 per
453 3321 536 3403 ignis
560 3319 718 3382 fervorem
736 3334 767 3384 et
790 3321 954 3384 flammam
970 3319 1080 3382 luisset
1097 3318 1214 3382 factum
1229 3333 1260 3382 et
1277 3333 1438 3383 eventum.

175 3426 224 3488 De
248 3445 312 3508 qua
329 3427 460 3508 quidem
485 3425 729 3509 adjudicacione
746 3427 888 3509 ipsorum
906 3427 1084 3510 juratorum
1105 3424 1246 3508 prefatus
1263 3423 1439 3506 Gregorius

175 3532 298 3614 juratus
322 3553 387 3595 non
412 3545 592 3612 contentus,
617 3533 792 3616 appellavit
824 3533 960 3596 eandem
991 3551 1119 3594 causam
1144 3551 1217 3595 cum
1241 3531 1331 3593 totali
1357 3531 1438 3593 serie

176 3639 275 3720 ipsius
289 3659 346 3702 sue
370 3637 622 3721 adjudicscionis
642 3639 674 3700 in
691 3641 888 3721 presenciam
912 3639 1075 3700 seniorum
1099 3635 1242 3718 judicum
1266 3655 1324 3718 pro
1349 3634 1438 3697 finali

176 3744 321 3806 eiusdem
346 3765 442 3808 cause
455 3745 692 3808 deliberacione
709 3765 765 3827 per
782 3745 912 3808 eosdem
929 3745 1072 3807 seniores
1088 3742 1210 3826 judices
1227 3741 1332 3805 fienda
1349 3761 1438 3804 more

175 3849 273 3913 solito
297 3863 328 3913 et
351 3849 603 3914 determinanda.
1474 3845 1479 3856 '

252 4085 348 4161 Ferla
377 4095 476 4162 sexta
503 4091 658 4180 proxlma
686 4097 762 4179 post
789 4089 910 4162 festum
943 4089 1031 4162 beati
1060 4086 1167 4178 Egidli
1196 4089 1340 4160 abbatis.

674 4243 718 4318 (2.
749 4244 934 4319 septembrii).

284 4385 363 4448 ltem
396 4384 545 4468 quamvis
576 4383 752 4466 Gregorius
783 4385 886 4446 dictus
911 4381 1098 4466 Bogsthych
1130 4380 1216 4444 filius
1239 4379 1367 4442 Thome
1399 4379 1439 4442 de

177 4493 352 4575 Ztulbycza
378 4492 508 4575 jobagio
533 4491 657 4553 domini
680 4490 829 4573 Gregorii
853 4491 994 4553 custodis
1011 4504 1042 4552 et
1065 4489 1211 4551 canonici
1236 4487 1370 4550 ecclesie
1387 4507 1438 4549 za-

176 4599 353 4680 grsbiensis
377 4619 434 4682 per
466 4597 726 4660 commissionem
760 4611 790 4658 et
821 4596 1009 4658 mandatum
1035 4595 1178 4658 eiusdem
1211 4593 1334 4654 domini
1360 4593 1439 4656 Gre-

175 4705 260 4787 gorii
283 4705 323 4767 ad
357 4705 554 4768 territorium
588 4718 619 4767 et
652 4705 842 4766 suburbium
875 4704 1010 4765 civitatis
1044 4702 1186 4786 predicte
1215 4700 1439 4784 potencialiter

178 4811 341 4892 irruendo,
365 4813 527 4894 quendam
552 4811 738 4874 servitorem
763 4811 863 4892 ipsius
879 4811 1002 4872 domini
1029 4808 1177 4891 Gregorii
1195 4807 1325 4869 nomine
1349 4807 1437 4868 simi·

178 4918 254 4979 liter
283 4917 477 5000 Gregorium
502 4917 668 4981 Cburman
700 4917 967 5000 cognominatum
999 4916 1222 4999 potencialiter
1251 4915 1440 4996 captivasset

178 5037 212 5086 et
245 5039 368 5108 captum
405 5039 491 5088 extra
522 5025 718 5088 territorium
748 5025 886 5087 civitatis
919 5023 1076 5086 deducere
1108 5021 1277 5100 voluisset,
1310 5033 1341 5082 et
1364 5033 1439 5083 tunc
