3734 5796
580 547 666 604 Anno
689 558 782 623 1439.
806 580 850 589 -
871 560 904 621 9.
925 549 1077 622 januarii.
1398 567 1455 630 30¹

197 651 509 658 -—-—.—.—-....----
1409 656 1460 662 ᾐ-

197 754 333 818 fundum
357 755 471 839 prefati
496 756 620 818 domini
644 756 767 818 Nowak
797 776 869 818 cum
894 757 958 818 suis
989 758 1204 838 pertinenciis,
1229 757 1359 841 prefatis
1383 761 1458 822 Vito

195 881 315 942 genero
340 877 370 925 et
394 862 460 925 filie
484 863 583 946 ipsius
600 863 724 924 domini
750 863 874 924 Nowak
890 864 1154 946 adjudicaverunt
1177 877 1333 946 perpetuo
1358 867 1460 948 possi-

197 968 354 1046 dendam3
378 969 418 1032 de
441 988 507 1051 quo
523 969 645 1050 judicio
669 983 892 1051 procuratores
909 969 1057 1050 legittimi
1082 971 1181 1051 ipsius
1198 971 1322 1032 domini
1347 973 1459 1034 Jacobi

196 1076 343 1137 canonici
368 1089 399 1137 et
421 1074 543 1158 prefate
572 1075 704 1138 domine
736 1075 859 1156 Agathe
891 1095 955 1136 non
981 1077 1134 1156 contenti,
1166 1077 1303 1138 eandem
1329 1097 1458 1140 causam

196 1199 253 1262 pro
277 1181 404 1242 meliori
428 1181 528 1264 ipsius
559 1181 796 1243 deliberacione
828 1181 1071 1263 appellaverunt
1102 1181 1142 1242 ad
1171 1183 1314 1244 seniores
1337 1183 1460 1266 judices

197 1286 332 1348 civitatis
354 1287 495 1370 predicte
520 1285 771 1368 dijudicandam.

300 1411 379 1474 Item
404 1413 542 1474 Jacobus
565 1410 660 1493 judex
685 1410 771 1472 filius
791 1411 945 1473 Johannis
971 1411 1071 1495 Bolye
1096 1413 1128 1473 in
1153 1433 1246 1475 causa
1271 1415 1361 1476 XXV
1386 1414 1458 1477 flor.

196 1519 275 1596 auri,
300 1539 382 1600 quos
415 1519 668 1600 prosequebatur
699 1538 794 1600 super
818 1517 962 1579 Johanne
995 1517 1061 1580 filio
1086 1519 1167 1580 Pero
1199 1521 1324 1581 seniore
1349 1521 1455 1602 judice

195 1623 331 1686 civitatis
354 1643 413 1706 pro
438 1622 545 1705 fatigis
566 1624 642 1703 suis,
667 1624 796 1686 Petrum
814 1623 1005 1704 Hungarum
1032 1639 1062 1686 et
1086 1625 1256 1686 Nicolaum
1281 1626 1403 1708 judices
1426 1627 1459 1688 in

196 1730 417 1792 testimonium
439 1729 591 1812 produxit
614 1731 655 1791 ad
679 1749 753 1792 vera
786 1730 922 1792 dicenda
947 1731 979 1791 in
1003 1731 1116 1792 eadem
1148 1751 1260 1810 causa;
1285 1732 1340 1813 qui
1364 1745 1459 1794 testes

197 1837 299 1918 ipsam
331 1856 459 1898 causam
492 1837 532 1897 ad
566 1837 706 1918 primum
737 1836 894 1918 judicium
925 1855 984 1918 pro
1016 1835 1120 1898 fienda
1152 1857 1230 1921 pace
1261 1840 1343 1900 inter
1374 1839 1460 1921 ipsos

195 1956 418 2025 prorogarunt.

259 2177 356 2252 Feria
385 2189 483 2252 sexta
512 2182 667 2270 proxima
696 2187 771 2270 post
799 2181 920 2252 festum
948 2177 1209 2270 Epiphaniarum
1236 2181 1376 2254 Domini.

601 2355 647 2427 (9.
662 2349 815 2431 Jimuan'i,
839 2371 908 2414 ann.
933 2351 1042 2434 1439).

300 2509 379 2571 Item
392 2509 576 2571 Anthonius
593 2507 733 2571 carnifex
749 2509 834 2571 filius
845 2509 1001 2572 Joffanow
1019 2523 1128 2571 contra
1146 2509 1305 2571 Briccium
1318 2509 1457 2592 judicem

193 2616 336 2677 secundo
361 2616 475 2678 citatus
499 2635 564 2677 non
590 2617 779 2698 comparuit.

297 2741 377 2802 item
401 2739 541 2802 decanus
565 2740 729 2802 Dionisius
749 2752 858 2802 contra
888 2740 1015 2802 Petrum
1040 2737 1142 2800 filium
1161 2739 1290 2800 Thome
1314 2739 1353 2800 de
1379 2741 1457 2800 Kra-

191 2846 401 2928 nesinopolye
425 2847 531 2928 primo
555 2847 668 2908 citatus
693 2866 758 2908 non
783 2846 972 2928 comparuit.

298 2970 377 3032 item
405 2971 517 3033 Petrus
541 2971 635 3053 judex
661 2970 744 3032 filius
765 2971 855 3033 Pauli
880 2985 911 3033 et
928 2970 1080 3032 Nicolaus
1104 2970 1198 3052 judex
1218 2970 1303 3032 iilius
1320 2970 1454 3032 Fabiani

193 3077 225 3137 in
238 3096 333 3138 causa
345 3077 434 3139 XXV
448 3076 517 3140 flor.
531 3077 611 3155 auri,
625 3097 706 3158 quos
720 3078 858 3138 Jacobus
867 3077 962 3158 judex
978 3075 1063 3137 filius
1076 3077 1231 3138 iohannis
1245 3076 1346 3160 Bolye
1362 3096 1457 3158 super

193 3183 339 3246 Johanne
362 3183 467 3266 judice
492 3183 560 3246 filio
584 3185 665 3246 Pero
690 3204 748 3266 pto
773 3185 981 3266 expedicione
999 3204 1093 3246 cause
1118 3197 1148 3244 et
1172 3183 1272 3245 debiti
1298 3183 1454 3244 Anthonii

193 3291 308 3371 judicis
331 3289 388 3352 filii
412 3291 557 3373 Appardi
583 3291 614 3352 in
640 3291 733 3352 certis
764 3290 880 3352 debitis
911 3305 942 3351 et
973 3291 1075 3351 causis
1107 3290 1205 3371 ipsius
1230 3289 1384 3351 Anthonii
1409 3289 1458 3371 ju-

193 3396 273 3458 dicis
297 3397 388 3458 Bnde
411 3396 536 3475 habitis,
560 3396 734 3458 deservisse
759 3410 790 3458 et
805 3397 1019 3479 promeruisse
1037 3398 1208 3475 asserebat,
1232 3395 1366 3478 juridice
1384 3415 1456 3477 pro-

192 3516 357 3584 sequente,
390 3502 521 3564 eosdem
556 3503 712 3565 Jacobum
743 3502 883 3584 judicem
912 3516 942 3563 et
974 3501 1154 3563 iohannem
1186 3501 1326 3583 judicem
1351 3502 1395 3562 sic
1420 3522 1457 3562 ex

192 3627 349 3670 consensu
375 3608 563 3670 eorumdem
582 3609 691 3669 Jacobi
710 3620 740 3670 et
764 3608 920 3669 iohannis
940 3607 1083 3690 judicum
1102 3607 1349 3686 concordarunt,
1366 3606 1455 3689 quod

192 3713 333 3795 prefatus
358 3714 520 3776 Johannes
543 3714 638 3797 judex
663 3714 779 3775 debeat
802 3714 876 3775 dare
901 3727 931 3775 et
948 3715 1130 3796 persolvere
1155 3713 1198 3774 IX
1223 3712 1292 3774 flor.
1319 3713 1378 3796 ipsi
1405 3713 1455 3774 Ja-

192 3823 275 3882 cobo
306 3820 405 3902 judici
437 3841 495 3903 pro
526 3819 754 3902 expedicione,
785 3819 895 3881 labore
931 3833 963 3881 et
994 3818 1091 3900 fatiga
1124 3820 1222 3902 ipsius
1254 3839 1347 3880 cause
1381 3819 1456 3879 dicti

192 3927 348 3988 Anthonii
372 3925 487 4008 judicis
519 3947 615 4008 quam
649 3927 714 4009 ipse
747 3927 885 3988 Jacobus
916 3925 1013 4008 judex
1042 3929 1073 3988 in
1105 3927 1334 4008 prosecutione
1372 3926 1456 3986 dicte

194 4052 287 4093 cause
313 4031 475 4095 habuisset
499 4045 530 4095 et
554 4053 721 4115 perpessus
746 4031 872 4109 fuisset;
901 4033 952 4094 cui
977 4033 1177 4094 ordinacioni
1203 4033 1261 4115 ipsi
1286 4033 1382 4093 ambo
1406 4033 1456 4093 Ja-

192 4140 292 4200 cobus
316 4152 347 4202 et
371 4139 534 4201 iohannes
557 4138 679 4219 judices
703 4138 853 4200 benivole
877 4151 1107 4201 consenserunt
1129 4152 1160 4200 et
1184 4150 1395 4200 assenserunt.

297 4263 376 4326 item
401 4265 476 4345 quia
501 4263 620 4326 Paulus
643 4262 728 4324 filius
753 4263 907 4345 Stephani
936 4263 1094 4326 sellatoris
1118 4263 1238 4346 juratus
1262 4277 1369 4324 noster
1387 4281 1454 4324 mo-

191 4370 320 4448 demus,
345 4371 376 4432 in
410 4390 503 4450 causa
534 4370 641 4432 totalis
673 4369 771 4431 debiti
804 4370 1001 4451 pecunialis,
1034 4369 1122 4450 quod
1153 4368 1346 4430 Benedictus
1371 4367 1456 4428 filius

193 4477 363 4559 Swuelych
387 4475 428 4538 de
461 4476 605 4559 Tersych
637 4495 732 4557 super
763 4475 878 4537 eodem
909 4475 1009 4537 Paulo
1034 4475 1137 4557 jurato
1169 4475 1293 4536 sororio
1317 4474 1455 4534 condam

190 4603 249 4646 suo
272 4582 407 4664 juridice
432 4602 539 4644 coram
564 4584 658 4644 nobis
681 4584 935 4665 prosequebatur
964 4596 995 4645 et
1018 4581 1143 4662 justicia
1175 4581 1347 4658 mediante,
1372 4578 1454 4660 jura-

191 4703 336 4752 mentum
355 4690 415 4752 sibi
433 4689 583 4751 videlicet
600 4689 700 4751 Paulo
716 4689 838 4770 justicia
854 4688 1014 4750 mediante
1032 4687 1250 4769 adjudicatum
1267 4686 1403 4767 prestitit
1426 4697 1458 4746 et

191 4797 340 4879 deposuit
364 4809 399 4859 ut
422 4796 544 4874 debuit,
576 4809 607 4856 et
629 4795 689 4857 sibi
707 4809 753 4856 est
769 4807 825 4856 seu
850 4793 910 4856 fuit
933 4793 1164 4874 adiudicatum,
1182 4792 1321 4873 ideoque
1349 4791 1453 4872 ipsum

190 4904 327 4964 Paulum
351 4903 481 4964 racione
505 4902 604 4984 ipsius
628 4901 726 4962 debiti
751 4901 859 4962 totalis
890 4899 1067 4982 pecunialis
1090 4898 1289 4960 reddidimus
1314 4912 1345 4958 et
1369 4915 1456 4958 com-

189 5009 337 5071 misimus
361 5006 428 5070 iore
454 5007 649 5090 expeditum.
