3852 5820
779 551 979 633 Ann01416.
1005 587 1044 598 -
1069 566 1121 630 24.
1137 553 1289 628 januarii.

565 769 643 832 Item
666 766 760 831 Chon
785 767 888 850 judex.

565 875 643 938 Item
669 872 785 956 Gyuan
810 872 915 956 judex.
1119 775 1134 1000 ι

564 980 643 1042 Item
660 978 854 1040 Jacomellus
877 977 1006 1060 juratus.
1189 974 1305 1036 Latini.

564 1087 642 1148 Item
668 1084 895 1166 sigismundus
915 1083 1044 1164 juratus.
1118 1001 1132 1221 Ι

564 1193 641 1253 Item
665 1191 852 1253 Franciscus
876 1190 916 1252 de
940 1189 1062 1271 Vsepis.

564 1403 642 1464 Item
667 1403 744 1464 Iuan
768 1415 866 1465 sutor.

564 1509 642 1570 Item
667 1509 784 1570 Paulus
809 1508 939 1591 Sydow.

564 1614 642 1677 Item
668 1613 857 1675 Dominicus
883 1611 1071 1695 Marsetych.

564 1721 641 1783 Item
666 1720 784 1780 Paulus
808 1718 893 1781 filius
917 1720 1004 1801 Myk.
1284 1744 1297 2068 ι
1351 1714 1465 1777 Sclavi.

563 1825 642 1889 Item
668 1823 798 1908 Gyurelr
817 1825 903 1888 filius
921 1824 1098 1908 Mychaelis
1121 1823 1245 1906 judicis.

563 1933 641 1994 Item
665 1931 811 1994 Andreas
835 1930 984 2014 Irenipar.

563 2039 641 2100 Item
662 2037 824 2100 Clemens.

510 2249 588 2310 Item
613 2248 710 2310 iidem
735 2247 842 2330 judex,
866 2247 970 2330 jurati,
1004 2247 1177 2310 consiliarii
1202 2247 1312 2311 omnia
1344 2258 1459 2310 statuta
1485 2257 1516 2306 et
1540 2243 1666 2304 decreta

404 2368 469 2418 tarn
496 2355 527 2415 in
553 2355 693 2436 antiquis
717 2374 815 2435 quarn
840 2354 873 2415 in
897 2354 1035 2436 presenti
1065 2355 1204 2416 katernis
1235 2355 1275 2417 ad
1300 2372 1413 2416 omnes
1445 2369 1556 2413 earum
1580 2349 1665 2410 clau-

404 2461 489 2522 sulas
513 2474 544 2522 et
568 2461 720 2522 articulos
743 2473 898 2543 perpetuo
923 2459 1151 2522 confirmarunt
1175 2461 1321 2524 valitura.

511 2567 589 2628 Item
622 2567 733 2628 Petrus
769 2567 892 2629 Masten
926 2580 1035 2628 contra
1067 2567 1268 2630 Demetrium
1298 2566 1392 2628 Ztrah
1417 2565 1523 2648 primo
1555 2563 1666 2624 citatus

405 2693 469 2734 non
495 2673 685 2754 comparuit.

510 2777 588 2840 Item
613 2778 688 2841 licet
712 2798 771 2840 nos
796 2779 924 2841 Petrum
948 2779 1026 2840 alias
1050 2780 1205 2842 decanum
1233 2779 1334 2842 filium
1360 2777 1488 2841 Gerdak
1519 2796 1577 2858 pro
1601 2775 1665 2835 suis

405 2884 586 2946 excessibus
609 2897 718 2946 contra
743 2899 883 2946 nostram
909 2886 1174 2952 communitatem
1203 2885 1391 2968 perpetratis
1414 2897 1559 2965 ternpore
1583 2880 1664 2962 judi-

403 3005 492 3052 catus
516 2991 575 3052 viri
600 2991 726 3073 providi
750 2991 882 3052 Ioannis
905 2990 962 3052 filii
990 2991 1079 3053 Pauli
1104 2993 1402 3074 proscripseramus,
1420 3003 1516 3072 prout
1539 2988 1570 3050 in
1594 3005 1663 3068 pre-

403 3097 484 3159 senti
510 3099 641 3158 lraterna
666 3111 811 3180 tempore
844 3096 988 3158 eiusdem
1019 3096 1178 3178 judicatus
1209 3098 1304 3180 plene
1336 3097 1528 3173 continetur,
1557 3107 1663 3156 tamen

405 3204 481 3285 quia
506 3203 625 3265 nobilis
649 3204 698 3265 vir
728 3204 877 3285 magister
911 3203 1092 3286 Stephanus
1128 3203 1213 3266 filius
1245 3204 1398 3286 Stephani
1430 3202 1506 3264 dicti
1530 3199 1663 3276 Franch,

402 3310 602 3390 vicesgerens
626 3309 685 3371 viri
710 3309 871 3391 magnifici
899 3310 1057 3392 Phillipus
1089 3311 1129 3373 de
1155 3310 1285 3392 Koragh
1307 3310 1543 3373 tavarnicorum
1575 3327 1664 3389 rega·

402 3415 481 3476 lium
506 3415 649 3496 magistri
675 3435 734 3478 nos
758 3415 960 3498 supplicavit,
993 3430 1061 3477 tum
1095 3417 1196 3478 eciam
1220 3417 1296 3498 quia
1328 3417 1396 3500 ipse
1421 3415 1531 3478 Petrus
1555 3427 1663 3476 contra

402 3541 461 3582 nos
485 3521 650 3582 humiliter
673 3521 827 3602 processit
851 3534 882 3583 et
898 3521 1025 3600 devote,
1050 3521 1125 3584 ideo
1149 3541 1208 3584 nos
1227 3523 1325 3605 ipsius
1350 3521 1492 3603 magistri
1511 3519 1661 3602 Stephani

402 3627 616 3709 peticionibus
647 3629 689 3688 ob
721 3639 898 3709 respectum
924 3627 963 3688 de
995 3628 1157 3709 premissis
1189 3629 1481 3711 proscripcionibus
1514 3626 1664 3688 duximus

402 3732 596 3815 expiandum
621 3746 652 3795 et
676 3733 950 3812 exhonerandum,
970 3733 1075 3795 eidem
1094 3735 1188 3797 Petro
1211 3735 1351 3816 graciam
1375 3732 1527 3796 iacientes
1551 3747 1581 3795 et
1605 3732 1663 3793 mi-

401 3839 608 3901 sericordiam
639 3840 809 3922 specialem
844 3839 886 3900 ita
910 3851 1028 3918 tamen,
1061 3840 1149 3922 quod
1174 3840 1213 3901 de
1245 3853 1350 3902 cetero
1382 3839 1449 3921 ipse
1482 3839 1593 3900 Petrus
1624 3838 1663 3900 de

403 3945 602 4024 antescriptis
626 3946 806 4007 excessibus
830 3944 953 4006 nullam
978 3945 1093 4008 debeat
1116 3946 1240 4007 elevare
1265 3959 1319 4007 aut
1343 3946 1499 4007 innovare
1523 3963 1662 4022 causam,

401 4050 547 4132 quamsi
573 4051 764 4130 excitaverit,
796 4064 912 4113 extunc
936 4051 968 4111 in
993 4051 1180 4133 premissam
1202 4071 1318 4133 penam
1351 4051 1493 4113 incidere
1517 4062 1660 4112 teneatur

401 4178 437 4219 ea
462 4157 600 4220 racione.

507 4262 586 4324 Item
609 4263 763 4326 Nicolaus
794 4277 883 4326 sutor
913 4275 1023 4326 contra
1056 4263 1177 4326 Herlek
1201 4263 1382 4326 carnificem
1414 4265 1519 4346 primo
1551 4263 1663 4325 citatus

402 4387 467 4430 non
500 4370 690 4450 comparuit.
923 4355 926 4364 ’

507 4473 585 4536 Item
612 4474 758 4557 Mychael
779 4473 932 4559 Kunsych
955 4487 1064 4537 contra
1082 4474 1240 4557 Agatham
1257 4475 1401 4539 relictam
1423 4476 1554 4556 Georgii
1573 4476 1662 4538 Kun-

400 4579 475 4662 sych
501 4580 606 4662 primo
628 4580 741 4642 citatus
770 4599 834 4642 non
860 4581 1050 4662 comparuit.
1158 4565 1160 4570 ⁸
1200 4565 1203 4570 ¹

508 4686 585 4748 Item
609 4685 802 4748 Benedictus
819 4685 958 4748 carnifex
982 4699 1092 4748 contra
1109 4689 1325 4769 Augustinum
1343 4687 1457 4750 Krisne
1480 4687 1661 4750 carnificem

400 4789 433 4850 in
465 4788 549 4852 facto
579 4791 816 4854 vulneracionis
847 4791 887 4853 ad
920 4792 1059 4874 primurn
1091 4791 1247 4872 judicium
1280 4793 1367 4855 diem
1399 4795 1518 4876 recepit
1549 4795 1589 4856 ad
1615 4815 1662 4856 re-

399 4895 636 4976 spondendum.

505 5001 583 5062 Item
598 5003 735 5065 lacobus
746 5003 864 5065 Pulech
875 5015 984 5065 contra
998 5001 1139 5064 Blasium
1151 5005 1255 5086 primo
1265 5007 1379 5070 citatus
1395 5027 1460 5070 non
1471 5009 1661 5092 comparuit.
