3740 5810
422 560 481 602 rto
799 543 886 598 Anno
904 553 995 616 1422.
1019 573 1063 582 —
1079 550 1115 614 5.
1138 539 1312 614 septembres.

525 753 602 815 Item
621 751 697 834 quia
715 753 876 814 Fabianus
900 751 940 814 de
965 753 1046 814 ultra
1064 753 1149 814 Zaua
1175 773 1241 814 non
1257 751 1402 814 obedivit
1424 751 1522 832 judici
1540 753 1674 815 tenendo

418 859 525 922 claves
549 858 695 936 civitatis,
721 857 794 920 ideo
822 857 915 936 jurati
947 857 1173 940 adjudicarunt
1202 859 1307 941 ipsum
1339 857 1406 920 iore
1431 859 1612 920 convictum
1643 860 1671 920 in

420 965 532 1030 decern
557 965 672 1026 marcis
696 964 735 1026 ad
759 984 888 1026 murum
912 965 1122 1046 exponendis,
1144 963 1224 1027 inira
1249 979 1324 1027 octo
1347 965 1425 1028 dies.

524 1071 602 1134 Item
628 1069 796 1154 Philippus
819 1071 859 1132 de
884 1069 1066 1134 Crauarzlra
1097 1085 1207 1133 contra
1239 1071 1439 1154 Stephanum
1463 1085 1494 1134 et
1520 1072 1674 1134 Thomam

420 1191 557 1240 sartores
581 1175 659 1238 feria
691 1191 776 1239 sexta
811 1191 883 1260 post
913 1191 1043 1240 octavas
1075 1177 1172 1240 Pasce
1196 1179 1295 1240 tercio
1326 1197 1360 1238 se
1383 1179 1575 1261 prestabitur
1598 1177 1675 1260 jura·

420 1297 565 1346 mentum
591 1302 686 1365 super
711 1303 761 1362 eo,
785 1283 873 1365 quod
898 1284 1003 1346 nullas
1027 1305 1076 1346 res
1099 1284 1139 1347 de
1163 1286 1305 1348 stacione
1329 1303 1441 1346 eorum
1466 1285 1675 1348 subtraxisset.

523 1390 602 1452 Item
636 1409 716 1451 uxor
747 1390 909 1452 Valentini
941 1390 1066 1473 pridem
1097 1390 1192 1474 jurati
1222 1391 1322 1453 tercio
1350 1411 1383 1454 se
1414 1405 1525 1452 contra
1551 1391 1677 1452 Luciam

420 1499 582 1560 tenebitur
605 1510 744 1579 prestare
768 1495 983 1578 juramentum
1009 1517 1178 1580 supereo,
1211 1497 1300 1580 quod
1332 1511 1478 1581 parutam
1502 1517 1592 1558 suam
1615 1516 1675 1558 non

418 1603 635 1682 anichilasset,
658 1601 736 1664 feria
760 1601 870 1686 (sexta)
894 1615 966 1686 post
989 1618 1117 1666 octavas
1142 1603 1248 1668 Pasce.

738 1805 834 1880 Feria
863 1810 971 1881 tercia
999 1816 1077 1880 ante
1104 1807 1306 1879 dominicam
1335 1861 1400 1878 ...

525 1959 603 2021 ltem
637 1959 793 2022 Martinus
825 1957 998 2042 Goychech
1030 1973 1062 2022 et
1092 1958 1238 2021 Andreas
1270 1957 1395 2041 pridem
1420 1955 1540 2038 juratus
1572 1969 1676 2018 contra

420 2065 620 2128 Demetrium
644 2065 769 2148 pridem
793 2065 932 2148 juratum
955 2065 1061 2148 primo
1085 2065 1170 2127 citati
1196 2083 1260 2126 non
1283 2075 1540 2146 comparuerunt.

524 2171 602 2234 ltem
637 2173 793 2235 Martinus
825 2171 1000 2256 Goychech
1032 2186 1142 2234 contra
1166 2170 1271 2234 Adam
1303 2168 1445 2232 secundo
1477 2169 1591 2232 citatus
1613 2187 1673 2230 non

417 2279 606 2361 comparuit.

524 2461 620 2536 laria
647 2471 746 2537 sexta
774 2467 929 2554 proxima
958 2471 1037 2537 ante
1064 2463 1187 2535 iestum
1216 2462 1415 2536 Natiuitatis
1444 2461 1560 2533 llario.

929 2627 972 2698 (4.
994 2617 1177 2694 septembris).

525 2757 603 2820 ltem
629 2758 766 2820 Jacobus
800 2759 967 2842 Popouich
998 2772 1109 2822 contra
1132 2757 1319 2840 magistrum
1353 2753 1552 2838 Stephanum
1576 2753 1676 2837 primo

420 2865 533 2928 citatus
556 2885 622 2927 non
647 2865 836 2948 comparuit.

525 2971 603 3033 ltem
628 2971 747 3033 Paulus
770 2971 891 3054 juratus
916 2969 1129 3054 Sydowchich
1154 2981 1265 3032 contra
1293 2967 1461 3031 Vrbanum
1484 2965 1609 3050 pridem
1632 2965 1677 3048 ju·

421 3092 524 3142 ratum
548 3079 667 3160 recepit
690 3079 864 3140 terminum
888 3078 928 3140 ad
953 3077 1214 3161 respondendum
1243 3077 1276 3138 in
1300 3076 1405 3158 primo
1430 3073 1561 3155 judicio.

523 3184 602 3246 ltem
626 3204 720 3246 causa
738 3185 820 3246 inter
842 3184 947 3246 Adam
971 3197 1002 3246 et
1027 3183 1199 3245 Martinam
1219 3180 1395 3264 Goychech
1419 3193 1545 3264 recepta
1570 3177 1675 3242 estad

417 3310 530 3373 pacem
552 3310 655 3373 usque
679 3291 819 3373 primurn
843 3291 1010 3373 judicium.

523 3397 602 3458 ltem
636 3397 747 3458 Petrus
777 3396 862 3459 iilius
893 3397 1071 3472 Clementis
1105 3397 1144 3458 de
1177 3396 1333 3475 Dombro,
1363 3395 1442 3457 alias
1466 3391 1676 3455 mercenarius

417 3503 583 3565 Michaelis
607 3503 751 3584 Caprini,
776 3516 885 3565 contra
919 3502 1059 3565 eundem
1085 3501 1277 3565 Michaelem
1302 3513 1416 3563 octavo
1441 3500 1492 3562 die
1517 3499 1583 3560 diei
1608 3517 1673 3580 pre·

418 3609 516 3670 sentis
540 3607 714 3670 duodecim
739 3629 771 3670 se
789 3609 950 3672 tenebitur
966 3609 1070 3690 jurare
1094 3626 1256 3690 supereo,
1281 3607 1369 3690 quod
1386 3605 1492 3668 nullas
1516 3623 1566 3666 res
1582 3604 1677 3688 ipsius

420 3715 585 3776 Michaelis
609 3717 779 3798 recepisset
803 3735 861 3778 nec
885 3715 1101 3795 subtraxisset,
1125 3713 1219 3798 jurati
1243 3713 1518 3794 adjudicaverunt.

523 3821 601 3883 Item
618 3823 693 3903 quia
712 3823 878 3884 Emericus
902 3841 1018 3904 parvus
1035 3821 1066 3882 in
1091 3821 1255 3903 presencia
1279 3819 1394 3901 judicis
1410 3819 1540 3880 Petrum
1560 3816 1678 3899 Saphar

417 3927 481 4009 jam
517 3941 679 3989 mortuum
712 3929 913 4011 vituperavit,
936 3947 995 4010 pro
1031 3947 1070 3989 eo
1103 3926 1326 3989 communitati
1361 3925 1527 3987 convictus
1565 3937 1612 3986 est
1645 3923 1674 3983 in

418 4033 529 4096 decem
554 4035 678 4097 marcis.

523 4141 599 4202 ltem
624 4142 699 4223 quia
724 4161 779 4202 vas
803 4142 931 4203 Andree
955 4140 1048 4222 jurati
1073 4141 1112 4202 de
1137 4139 1290 4201 mandato
1314 4137 1430 4219 judicis
1453 4157 1518 4198 non
1544 4134 1678 4198 restituit

419 4245 449 4306 in
474 4246 575 4308 tribus
599 4248 716 4329 pensis,
740 4248 828 4329 quod
853 4247 1008 4328 judicium
1033 4247 1125 4329 jurati
1150 4245 1389 4308 confirmarunt.

524 4353 601 4415 ltem
628 4353 720 4435 jurati
745 4353 978 4434 adjudicarunt,
1010 4353 1099 4435 quod
1132 4351 1269 4416 Michael
1293 4351 1418 4434 pridem
1449 4349 1545 4432 judex
1570 4347 1677 4432 (filius)

421 4457 573 4540 Symonis
596 4473 707 4522 contra
732 4459 860 4522 Petrum
893 4458 1077 4521 Zudrouich
1108 4473 1222 4522 octavo
1247 4457 1299 4519 die
1330 4457 1449 4540 jurabit
1471 4455 1561 4518 solus
1584 4473 1677 4538 super

419 4581 470 4643 eo,
494 4565 581 4646 quod
606 4565 713 4628 literas
737 4585 809 4628 suas
833 4585 899 4628 non
922 4565 1065 4630 haberet.

572 4769 719 4838 Sabbata
749 4770 900 4856 proximo
929 4779 1006 4839 ante
1035 4769 1156 4838 festum
1188 4768 1387 4839 Nativitatis
1416 4767 1531 4838 Maris.

907 4909 952 4976 (5.
983 4903 1168 4975 septembris).

522 5024 598 5085 ltem
615 5023 757 5083 seniores
771 5021 892 5102 judices
909 5023 1062 5102 judicium
1077 5023 1254 5102 juratorum
1268 5021 1300 5082 in
1316 5041 1409 5082 causa
1423 5021 1504 5081 inter
1516 5018 1676 5081 Thomam

420 5144 556 5192 utorem
582 5130 737 5191 Podoben
762 5131 802 5190 ab
828 5149 890 5190 una
915 5144 946 5190 et
971 5143 1057 5210 parte
1082 5149 1118 5190 ex
1136 5129 1234 5190 altera
1259 5129 1422 5190 Andream
1447 5140 1477 5188 et
1500 5125 1674 5208 Georgium
