3678 5800
427 569 491 632 230
842 554 1039 630 Ann01435.
1062 569 1156 630 -5.
1171 554 1266 630 jumi

426 764 531 825 missis
554 763 690 826 eandem
715 764 903 845 porcionem
921 780 1003 826 terre
1027 783 1099 826 cum
1115 764 1181 825 suis
1204 765 1409 845 pertinenciis
1425 765 1546 826 eisdem
1570 765 1684 827 Kathe-

426 869 495 929 riue
519 880 551 929 et
575 868 704 930 Andree
728 888 765 931 ac
789 869 925 931 Nicolao
949 869 1078 952 plenam
1096 869 1257 931 vendendi
1271 871 1476 934 attribuimus
1492 868 1685 934 facultatem.

531 974 609 1036 ltem
633 974 803 1037 Farlrasius
827 975 973 1058 Mathyas
995 995 1052 1057 per
1076 974 1356 1056 adjudicacionem
1380 976 1557 1056 juratorum
1582 978 1683 1058 jurare

426 1081 588 1144 tenebitur
611 1095 725 1144 octavo
757 1081 809 1144 die
833 1103 928 1165 super
959 1101 1047 1145 aram
1078 1097 1186 1144 contra
1212 1081 1392 1166 Georgium
1424 1083 1586 1146 Croacum
1612 1086 1687 1146 alias

427 1187 566 1268 juratum
587 1188 723 1250 civitatis
739 1189 881 1272 predicte
897 1208 994 1271 super
1017 1208 1068 1267 eo,
1091 1202 1127 1251 ut
1143 1190 1211 1273 ipae
1235 1189 1397 1271 Georgius
1420 1189 1565 1253 Croacus
1581 1192 1684 1272 ipsum

427 1293 592 1378 Methym
618 1293 805 1356 Fsrltasium
829 1295 923 1358 traxit
946 1315 1003 1378 per
1028 1295 1142 1374 crinea,
1173 1309 1205 1358 et
1228 1296 1314 1358 idem
1347 1297 1515 1358 Farltasius
1539 1297 1685 1380 Mathyas

428 1418 524 1482 super
540 1419 574 1462 se
591 1419 680 1462 arma
697 1399 796 1482 ipsius
813 1399 945 1482 Georgii
963 1401 1079 1464 Croaci
1095 1401 1136 1462 ab
1153 1400 1267 1464 eodem
1285 1403 1406 1484 recepit
1421 1423 1454 1464 se
1471 1402 1686 1466 defendendo.

536 1505 615 1568 ltem
640 1507 715 1588 quia
741 1506 910 1570 Ladislaus
932 1505 1093 1570 aurifaber
1115 1507 1203 1569 solus
1219 1527 1285 1569 non
1302 1509 1440 1590 negavit,
1464 1522 1500 1571 ut
1522 1511 1590 1592 ipse
1608 1510 1687 1571 Mar-

424 1611 529 1674 tiuum
553 1611 691 1692 juratum
715 1611 818 1674 filium
842 1613 970 1675 Thome
994 1613 1147 1676 comitem
1175 1627 1320 1676 nostrum
1346 1615 1551 1694 modernum,
1586 1635 1685 1698 usque

425 1718 466 1780 ad
490 1719 654 1800 sauguinis
677 1718 866 1782 effusionem
890 1719 1045 1802 percussit
1068 1732 1100 1782 et
1127 1719 1280 1802 plagavit,
1304 1720 1378 1782 ideo
1411 1721 1497 1783 idern
1521 1722 1686 1783 Ladislaus

426 1823 586 1888 aurifaber
609 1825 649 1887 de
674 1825 742 1908 ipsa
765 1825 930 1906 sanguinis
953 1825 1108 1888 effusione
1128 1825 1274 1908 predicto
1299 1826 1438 1888 Martiuo
1463 1828 1567 1909 jurato
1584 1847 1682 1909 usque

426 1931 465 1993 ad
480 1931 660 2013 quindenas
670 1931 893 1995 omnimodam
909 1928 1005 1995 debet
1023 1933 1197 2016 inpendere
1213 1931 1468 1996 satisfaccionem
1481 1934 1568 2014 juxta
1584 1935 1685 2015 legem

427 2037 562 2101 civitatis
585 2052 752 2122 prenotate
773 2039 1019 2121 privilegiatam.

583 2255 680 2332 Feria
707 2267 805 2332 sexta
833 2263 987 2349 proxima
1016 2268 1095 2334 ante
1122 2262 1245 2335 festam
1274 2261 1520 2334 penthecostes.

980 2413 1026 2494 (3.
1041 2415 1151 2498 junii).

535 2551 613 2614 ltem
638 2553 713 2636 quia
737 2554 786 2616 vir
816 2554 971 2637 providus
1001 2568 1033 2616 et
1063 2555 1216 2618 honestus
1246 2555 1397 2638 magister
1429 2555 1576 2619 Mattheus
1605 2554 1680 2618 lilius

393 2697 396 2704 ·
428 2659 515 2720 Luce
540 2657 707 2740 carnificis,
730 2659 819 2744 olym
837 2660 949 2723 decani
971 2660 1168 2742 carnificum,
1185 2662 1382 2742 scolasticus,
1399 2662 1543 2724 notarius
1567 2676 1597 2724 et
1612 2681 1679 2724 con-

427 2765 505 2827 civis
529 2778 636 2826 noster
660 2766 692 2828 in
715 2787 773 2829 sua
797 2781 828 2830 et
852 2769 953 2850 probe
977 2788 1013 2830 ac
1037 2765 1170 2831 honeste
1187 2768 1319 2831 domiue
1340 2768 1466 2851 Agatha
1490 2783 1611 2847 vocate,
1636 2787 1679 2829 re-

426 2871 500 2934 licte
514 2869 628 2954 prefati
648 2873 733 2936 Luce
758 2873 924 2954 carnificis,
941 2876 1050 2938 matris
1069 2895 1146 2937 vero
1163 2895 1218 2936 sue
1243 2875 1389 2952 carnalis,
1408 2875 1563 2957 personis,
1580 2893 1678 2937 coram

426 2977 521 3042 uobis
548 2991 653 3041 astaus
677 2978 710 3040 id
735 2979 929 3044 sufficienter
946 2995 977 3043 et
993 2980 1155 3064 fidedigue
1171 3000 1278 3044 coram
1304 2981 1398 3043 nohis
1421 2981 1453 3042 in
1478 2981 1554 3042 sede
1577 2995 1674 3042 nostra

426 3083 594 3166 judiciaria
617 3104 674 3167 per
698 3084 842 3149 efficaces
866 3088 972 3150 literas
1003 3075 1127 3151 nostras
1156 3108 1213 3150 seu
1237 3088 1373 3150 civitatis
1405 3085 1527 3170 prefate
1560 3086 1676 3169 privile·

426 3187 527 3270 giales
551 3193 782 3274 comprobavit,
807 3206 843 3255 ut
869 3194 1010 3276 quedam
1038 3195 1131 3257 vinea
1155 3195 1187 3256 in
1204 3195 1365 3258 territorio
1389 3194 1525 3256 civitatis
1549 3192 1676 3275 predicte

427 3297 509 3358 inter
533 3298 642 3358 vineas
666 3311 816 3380 utrasque
840 3319 897 3362 seu
921 3302 960 3362 ab
984 3315 1117 3384 utraque
1141 3315 1230 3384 parte
1247 3301 1393 3364 eiusdem
1409 3300 1551 3381 magistri
1569 3297 1674 3360 Mathei

426 3401 535 3466 habita
559 3416 590 3466 et
614 3403 761 3484 existens,
786 3405 923 3488 desuper
947 3428 964 3469 a
988 3407 1038 3468 via
1070 3407 1235 3470 communi
1260 3421 1292 3468 et
1315 3406 1397 3468 infra
1421 3425 1523 3488 usque
1547 3404 1673 3467 rivulum

426 3529 483 3572 seu
507 3510 676 3572 decursum
700 3531 783 3593 aque
807 3513 968 3594 pluvialis,
992 3513 1088 3575 simul
1112 3533 1186 3576 cum
1214 3513 1356 3596 quodam
1388 3514 1497 3596 spacio
1521 3526 1600 3576 terre
1620 3528 1669 3592 pro

426 3617 499 3678 loco
524 3615 648 3680 kouche
673 3631 703 3680 et
735 3619 852 3680 stabuli
877 3639 913 3681 ac
936 3619 1067 3702 (h)orrei
1092 3634 1259 3702 preparato
1283 3639 1316 3682 se
1348 3620 1541 3699 extendens,
1570 3614 1669 3700 prefati

428 3725 514 3784 Luce
549 3722 706 3786 carnificis
737 3726 835 3808 patris
865 3727 913 3787 sui
947 3726 1081 3789 carnalis
1115 3726 1290 3789 literatorie
1322 3726 1485 3804 extitisset,
1519 3727 1669 3808 ipsumque

428 3829 548 3890 Lucam
573 3829 754 3892 carnificem
775 3846 900 3914 patrem
925 3832 1025 3914 ipsius
1059 3832 1201 3913 magistri
1226 3831 1346 3894 Mathei
1378 3831 1548 3910 carnalem,
1570 3830 1666 3893 eadem

426 3935 519 3997 vinea
544 3955 616 3998 cum
642 3937 711 4019 ipso
734 3939 842 4020 spacio
866 3953 949 4002 terre
972 3959 1028 4000 seu
1052 3939 1125 4001 loco
1142 3938 1266 4001 kouche
1290 3959 1308 4000 a
1333 3938 1469 4021 provido
1494 3939 1666 4001 conclamet

426 4043 658 4124 circumspecto
681 4044 751 4106 viro
776 4045 922 4107 Johanne
946 4045 1035 4128 olym
1058 4045 1164 4126 judice
1190 4058 1222 4107 et
1241 4044 1375 4108 concive
1398 4059 1509 4107 nostro
1532 4043 1592 4106 filio
1609 4041 1664 4103 Ste-

425 4149 523 4232 phani
546 4149 621 4210 dicti
646 4149 734 4211 Bozo
755 4165 823 4212 turn
848 4151 916 4232 jure
941 4151 1150 4214 concambiali
1180 4164 1211 4213 et
1233 4151 1484 4234 permutacionis
1500 4166 1564 4213 tum
1579 4147 1661 4210 eciam

427 4255 583 4317 emcionis
606 4256 699 4317 titulo
717 4257 891 4319 literatorie
910 4277 1100 4321 concernere
1120 4258 1303 4337 videbatur,
1327 4271 1423 4340 prout
1439 4259 1500 4321 hoc
1518 4259 1547 4320 in
1563 4253 1660 4318 eisdem

427 4362 527 4423 literis
555 4362 809 4444 privilegialibus
833 4383 941 4424 coram
966 4365 1058 4426 nobis
1082 4364 1114 4425 in
1131 4364 1237 4445 specie
1260 4363 1424 4446 productis
1448 4363 1510 4426 fide
1531 4355 1659 4426 contineri

427 4468 567 4530 vidimus
588 4469 731 4542 oculata;
756 4482 787 4531 et
811 4468 885 4551 quia
909 4469 996 4531 idem
1025 4470 1175 4552 magister
1196 4469 1343 4533 Matheus
1360 4490 1422 4532 una
1448 4489 1522 4532 cum
1543 4464 1657 4552 predicta

428 4589 528 4638 matre
553 4595 608 4636 sua
634 4576 753 4636 carnali
779 4575 845 4637 veri
869 4575 1003 4638 heredes
1027 4589 1057 4638 et
1089 4577 1273 4659 superstites
1298 4577 1398 4659 ipsius
1422 4577 1509 4639 Luce
1533 4567 1658 4638 carnificis

428 4683 466 4742 de
492 4681 559 4764 jure
585 4681 874 4744 adinveniebantur
902 4682 971 4764 ipso
1003 4683 1090 4744 Luca
1117 4681 1263 4744 carnifice
1287 4684 1327 4745 ab
1360 4682 1418 4744 hac
1442 4683 1514 4746 luce
1539 4682 1657 4743 intestato

427 4808 465 4848 ex
490 4801 596 4848 acerto
621 4788 762 4866 decesso,
787 4789 819 4849 in
844 4789 994 4871 ipsosque
1015 4789 1165 4850 videlicet
1181 4789 1370 4870 magistrum
1388 4788 1551 4850 Matheum
1571 4797 1597 4846 et
1615 4779 1659 4840 do·

427 4895 547 4956 minam
573 4894 732 4973 agatham
758 4907 891 4956 matrem
925 4914 1015 4956 suam
1047 4895 1207 4956 carnalem
1231 4893 1373 4977 predicta
1404 4895 1499 4956 vinea
1523 4910 1586 4955 cum
1605 4902 1659 4968 pre·

428 5001 520 5062 dictis
545 5000 695 5064 videlicet
718 5001 826 5084 spacio
852 5014 932 5064 terre
957 5020 1013 5064 seu
1037 5003 1109 5065 loco
1135 4999 1257 5066 kouche
1291 5013 1323 5065 et
1352 4999 1424 5065 aliis
1447 5000 1564 5067 cunctis
1584 4988 1657 5079 perti·
