3740 5810
612 560 700 618 Anno
724 571 814 637 1431.
841 591 880 601 -
905 571 954 633 25.
979 557 1061 619 neaia'.

309 768 388 830 Item
414 768 489 850 quia
513 767 698 832 Anthonius
721 769 842 852 juratus
875 768 960 832 filius
985 769 1117 852 Georgii
1152 771 1183 832 in
1209 790 1304 832 causa
1330 786 1468 853 quatuor

201 873 402 936 florenorum
427 887 458 937 et
482 876 716 958 quinquaginta
748 875 965 954 denariorum,
990 877 1071 937 duos
1103 875 1172 938 flor.
1197 877 1265 938 auri
1291 878 1466 940 Benedicta

203 980 273 1042 filio
298 980 381 1042 Petri
407 981 447 1042 de
471 982 649 1043 Besenowo
678 981 718 1043 de
743 981 924 1065 Zaroyscha
952 983 1047 1064 plene
1080 981 1169 1044 dedit
1192 997 1288 1064 atque
1313 985 1466 1066 persolvit

199 1089 232 1150 in
257 1087 333 1150 sede
358 1102 465 1150 nostra
489 1087 657 1168 judiciaria
682 1107 788 1150 coram
815 1089 920 1166 nobis,
944 1102 975 1150 et
998 1108 1057 1170 pro
1082 1089 1218 1150 residuis
1246 1089 1374 1152 duobus
1398 1089 1467 1154 flor.

200 1195 269 1256 auri
295 1207 327 1256 et
350 1195 426 1277 ipsis
442 1195 676 1276 quinquaginta
694 1195 833 1257 denariis
856 1214 913 1277 per
929 1194 1207 1275 adjudicacionetn
1233 1195 1411 1277 juratorum
1428 1197 1468 1258 ad

202 1301 394 1363 instanciam
420 1301 518 1382 ipsius
543 1301 708 1362 Benedicti
742 1300 799 1363 filii
832 1301 931 1384 ipsius
962 1301 1045 1362 Petri
1078 1301 1294 1382 juramentum
1319 1302 1379 1384 ipsi
1404 1305 1469 1362 An-

203 1407 319 1469 thonio
343 1427 438 1488 super
462 1425 548 1467 aram
567 1425 652 1468 nunc
676 1406 894 1486 adjudicatum
919 1427 1014 1489 super
1031 1427 1070 1469 eo
1092 1407 1228 1489 prestitit
1252 1421 1282 1469 et
1306 1408 1465 1490 deposuit,

199 1529 234 1576 ut
259 1533 318 1595 pro
343 1513 458 1575 eodem
484 1514 612 1575 residuo
635 1513 786 1576 videlicet
810 1513 938 1575 duobus
961 1513 1031 1576 flor.
1056 1515 1124 1576 auri
1150 1527 1181 1576 et
1211 1515 1287 1596 ipsis
1311 1516 1469 1598 quinqua·

198 1621 288 1700 ginta
327 1620 466 1680 denariis
490 1620 556 1702 ipse
589 1619 774 1682 Anthonius
806 1640 865 1702 pro
897 1621 1040 1702 quodam
1073 1621 1209 1683 Nicolao
1242 1622 1386 1684 institore
1410 1622 1469 1703 ipsi

200 1725 378 1788 Benedicto
401 1725 569 1788 fideiussor
595 1745 659 1788 non
685 1727 787 1788 extitit
815 1727 975 1808 aliqualis,
1008 1727 1148 1808 ideoque
1182 1729 1248 1808 ipse
1276 1728 1469 1792 Benedictus

199 1845 289 1894 actor
314 1832 435 1894 dictum
461 1832 663 1894 Anthonium
684 1832 823 1914 juratum
849 1833 989 1894 reddidit
1006 1852 1114 1895 coram
1140 1835 1233 1895 nobis
1257 1847 1288 1895 et
1312 1854 1372 1896 nos
1397 1835 1469 1896 red·

197 1938 340 2000 didimus
363 1937 430 2000 lore
455 1939 650 2021 expeditum.

325 2159 421 2233 Faria
449 2169 546 2234 sexta
576 2165 730 2252 proxima
758 2169 836 2235 ante
863 2162 985 2234 testum
1013 2169 1130 2232 sancte
1158 2159 1351 2232 Trinitatis.

742 2314 807 2396 (25.
832 2313 929 2398 mair).

307 2454 385 2516 ltem
410 2455 545 2536 Egidius
570 2453 709 2517 carnifex
734 2454 819 2518 filius
844 2455 1002 2518 Janchech
1028 2469 1137 2518 contra
1163 2455 1300 2518 Paulum
1324 2456 1470 2537 juratum

201 2562 352 2624 similiter
375 2560 557 2624 carnificem
581 2561 684 2624 filium
703 2562 856 2645 Stephani
877 2563 982 2644 primo
1006 2563 1120 2624 citatus
1144 2581 1209 2624 non
1234 2563 1424 2645 comparuit.

310 2668 389 2732 ltem
406 2668 598 2730 Valentinus
622 2667 774 2750 lglichich
791 2667 931 2730 carnifex
948 2683 1056 2730 contra
1075 2669 1244 2730 dominum
1270 2668 1470 2752 Stephanum

207 2775 350 2838 Farkasii
361 2775 550 2837 canonicum
562 2775 693 2837 ecclesie
702 2775 917 2858 zagrsbiensis
927 2775 1069 2836 secundo
1079 2775 1193 2837 citatus
1205 2795 1269 2836 non
1280 2778 1470 2858 comparuit.

312 2882 390 2944 Item
415 2883 527 2944 Petrus
550 2881 673 2962 juratus
696 2881 781 2943 filius
805 2881 888 2944 Petri
915 2880 1038 2963 Saphar
1061 2894 1171 2943 contra
1195 2879 1398 2944 Anthonium
1422 2882 1470 2964 ju-

199 3003 304 3052 ratum
330 2989 522 3050 modernum
549 2989 653 3071 primo
678 2989 791 3050 citatus
823 3008 888 3050 non
913 2989 1103 3070 comparuit.

310 3095 388 3158 ltem
413 3095 564 3157 dominus
589 3095 782 3174 Anthonius‚
809 3095 927 3157 Paulus
956 3108 986 3157 et
1018 3095 1179 3157 lohannes
1212 3097 1378 3176 presbiteri
1404 3096 1469 3178 ple-

202 3202 279 3264 bani
305 3201 438 3263 ecclesie
454 3203 554 3264 sancti
581 3202 679 3263 Marci
697 3201 901 3282 ewangeliste
919 3201 1037 3264 debent
1054 3202 1231 3284 producere
1249 3203 1469 3264 testimonium

204 3311 237 3371 in
263 3307 349 3372 lacto
372 3323 454 3372 terte
479 3309 615 3370 condant
634 3309 763 3371 Andree
783 3307 908 3388 iudicis,
933 3327 1030 3389 quam
1047 3329 1063 3368 a
1083 3308 1179 3371 Gallo
1205 3309 1311 3370 Zuzalt
1337 3329 1468 3392 compa·

204 3431 363 3495 caverant,
387 3401 497 3478 contra
527 3415 656 3477 Petrum
678 3415 817 3495 juratum
835 3413 937 3476 filium
958 3415 1041 3476 Petri
1068 3415 1191 3497 Saphar
1215 3415 1345 3478 fratrem
1371 3417 1470 3498 ipsius

201 3523 334 3586 Andree
358 3523 473 3605 judicis
496 3522 536 3582 ad
561 3533 710 3584 octavum
736 3521 832 3584 diem.

312 3629 390 3692 ltem
407 3629 599 3690 Ambrosius
615 3627 700 3689 filius
717 3627 896 3689 Clementis
913 3626 1067 3688 institoris
1085 3641 1195 3689 contra
1221 3627 1349 3690 Petrum
1367 3627 1469 3690 tilium

204 3736 290 3798 Petri
316 3733 439 3814 Saphar
463 3733 606 3796 secundo
630 3734 743 3796 citatus
764 3753 829 3795 non
854 3733 1043 3814 comparuit.

310 3839 388 3901 ltem
412 3839 520 3902 relicta
545 3838 674 3901 Thome
700 3839 780 3902 fabri
805 3852 915 3901 contra
936 3840 1066 3902 Petrum
1091 3839 1229 3921 juratum
1256 3840 1360 3902 filiunt
1385 3841 1468 3903 Petri

203 3946 329 4030 Saphar
354 3945 497 4008 secundo
522 3947 616 4009 citata
640 3965 704 4008 non
730 3947 919 4028 comparuit.

310 4053 389 4115 ltem
414 4053 525 4115 Petrus
549 4052 669 4132 juratus
692 4051 777 4114 filius
800 4053 883 4114 Petri
909 4053 1031 4136 Saphar
1055 4057 1165 4128 (deest).

308 4159 387 4222 ltem
412 4157 572 4240 Georgius
596 4158 744 4240 Aythych
769 4178 842 4221 cum
867 4159 968 4221 Cussa
993 4179 1093 4222 uxore
1113 4181 1169 4222 sua
1194 4174 1302 4222 contra
1329 4163 1469 4223 Ambro-

201 4267 285 4328 sium
309 4264 413 4328 filium
438 4265 616 4328 Clementis
640 4265 802 4327 institoris·
826 4265 968 4328 secundo
994 4266 1080 4328 citati
1111 4286 1174 4327 non
1209 4280 1468 4347 comparuerunt.

310 4372 387 4434 ltem
421 4372 514 4454 jurati
547 4371 811 4452 adiudicaverunt
848 4373 935 4454 quod
968 4372 1064 4434 Clara
1100 4371 1165 4434 filis
1199 4373 1325 4434 Nicolai
1360 4373 1469 4436 relicta

203 4480 344 4542 Emerici
362 4479 458 4542 debet
474 4479 578 4560 jurare
595 4494 709 4542 octavo
727 4479 779 4542 die
796 4499 891 4562 super
912 4500 999 4542 atam
1018 4494 1128 4542 contra
1147 4479 1315 4543 Marchech
1333 4500 1468 4562 parvum

203 4588 270 4648 sola
295 4605 391 4668 super
415 4605 465 4665 eo,
489 4599 523 4648 ut
548 4585 718 4648 Marchech
743 4585 883 4668 prelatus
906 4601 1069 4650 teneretur
1099 4588 1160 4649 sibi
1184 4586 1256 4648 Xlll
1282 4587 1390 4671 pensis
1414 4587 1468 4650 de-

204 4693 379 4755 nariorum.

310 4798 390 4862 ltem
415 4797 575 4880 Georgius
606 4813 759 4883 purgator
789 4800 971 4881 gladiorum
995 4801 1094 4863 tercio
1126 4821 1159 4862 se
1188 4801 1334 4882 personis
1358 4815 1469 4863 contra

205 4905 377 4966 Nicolaum
406 4904 582 4967 Ptechinen
600 4919 714 4968 octavo
731 4907 782 4967 die
807 4925 901 4988 super
925 4927 1010 4968 aram
1029 4906 1147 4988 jurabit
1163 4927 1258 4989 super
1275 4927 1325 4986 eo,
1349 4921 1384 4968 ut
1401 4907 1467 4989 ipse

205 5009 366 5093 Georgius
390 5011 511 5073 nullam
536 5013 724 5094 peccuniam
750 5013 848 5094 ipsius
873 5014 998 5076 Nicolai
1023 5015 1237 5077 subtraxisset.
