3796 5812
1442 596 1502 657 491

263 790 359 866 Faria
388 804 487 866 sexta
515 797 672 884 proxima
701 803 777 884 post
806 795 930 866 festum
958 795 1134 867 beatorum
1161 797 1315 885 symonis
1344 804 1377 870 et
1404 797 1490 888 Jttde

754 919 994 1009 apostoloram.

352 1087 429 1149 Item
454 1088 530 1170 quia
553 1087 707 1171 providus
731 1089 778 1150 vir
802 1089 939 1151 Michael
963 1089 1048 1151 filius
1074 1089 1224 1172 Symonis
1248 1088 1343 1168 judex
1368 1089 1504 1152 civitatis

244 1193 417 1254 modernus
442 1195 474 1255 id
499 1194 531 1254 in
556 1194 631 1257 sede
656 1208 762 1256 nostra
786 1194 952 1276 judiciaria
986 1195 1149 1256 communi
1182 1215 1256 1256 cum
1280 1194 1450 1260 sufficienti
1475 1211 1506 1258 et

243 1297 407 1380 fidedigno
431 1313 615 1362 nostrorum
640 1301 822 1362 concivium
846 1302 1031 1363 testimonio
1060 1301 1240 1382 specialiter
1263 1321 1336 1363 curn
1361 1301 1507 1384 plebanis

243 1406 376 1468 ecclesie
401 1419 507 1468 nostre
539 1407 639 1468 sancti
672 1407 771 1468 Marci
804 1407 1009 1488 ewangeliste
1034 1407 1118 1469 clare
1151 1408 1383 1488 comprobavit,
1418 1408 1506 1490 quod

220 1511 320 1572 -dum
345 1512 483 1574 lacobus
507 1513 610 1575 dictus
634 1513 755 1574 Zedina
780 1512 864 1575 filius
887 1513 971 1574 lwan
997 1514 1028 1574 in
1046 1513 1195 1574 extremis
1219 1513 1405 1594 laborasset,
1430 1528 1505 1575 tunc

243 1619 406 1680 universas
430 1619 659 1701 possessiones,
676 1639 725 1680 res
742 1634 772 1681 et
789 1621 873 1681 bona
891 1639 946 1680 sua
965 1619 996 1680 in
1022 1620 1106 1682 dicta
1130 1619 1257 1681 civitate
1275 1633 1306 1680 et
1330 1619 1398 1682 elus
1415 1621 1505 1682 terri·

242 1726 324 1788 torio
351 1725 454 1787 ubivis
477 1725 602 1788 habitas
634 1739 665 1788 et
696 1726 867 1789 existentia
898 1726 1014 1807 quovis
1039 1725 1179 1787 nominis
1210 1725 1370 1788 vocabulo
1395 1746 1502 1788 cense-

241 1845 334 1893 antur
369 1833 473 1914 ipsum
505 1830 639 1912 juridice
670 1833 920 1911 concernencia,
952 1832 1081 1914 dempta
1114 1833 1266 1912 porcione
1299 1833 1415 1896 domus
1450 1852 1506 1893 sue

242 1957 338 2018 quarn
364 1937 579 2016 inhabitabat,
604 1937 694 1999 cuius
723 1953 839 2000 certam
877 1939 1063 2021 porcionem
1097 1939 1301 2002 Sebastianus
1333 1938 1417 2002 filius
1442 1940 1501 2022 Sy·

242 2044 347 2104 monis
379 2043 553 2106 literatorie
591 2043 767 2106 dinoscitur
805 2045 986 2126 possidere,
1018 2065 1098 2127 quas
1140 2046 1258 2126 legavit
1290 2060 1320 2108 et
1355 2045 1502 2128 (dimisit)

241 2149 468 2232 perpetualiter
491 2147 614 2231 prefato
639 2149 788 2212 Michaeli
813 2149 910 2233 judici
935 2151 1098 2234 possidere
1122 2166 1153 2213 et
1176 2165 1294 2214 tenere.

347 2273 426 2336 ltem
455 2273 530 2356 quia
555 2273 714 2354 Georgius
745 2275 887 2338 literatus
918 2273 1003 2336 lilius
1034 2275 1165 2336 domine
1189 2273 1358 2336 chhicha
1391 2290 1504 2337 vocate

241 2399 278 2438 ex
305 2379 372 2461 ipsa
398 2394 430 2443 et
453 2379 599 2442 lohanne
631 2395 719 2462 patre
746 2401 805 2442 suo
837 2382 1024 2462 progenitus
1047 2400 1155 2443 coram
1188 2381 1280 2442 nobis
1305 2381 1404 2443 literis
1428 2381 1504 2442 civi·

239 2485 312 2546 tatis
337 2485 592 2567 privilegialibus
608 2487 823 2550 mediantibus
847 2506 955 2549 coram
973 2487 1066 2549 nobis
1090 2487 1322 2568 comprobavit,
1340 2487 1416 2568 quia
1433 2500 1505 2568 post

243 2607 382 2653 mortem
408 2591 493 2654 dicte
506 2593 616 2654 matris
632 2613 686 2654 sue
701 2593 840 2674 quedam
857 2593 950 2655 vinea
967 2613 984 2654 a
1004 2593 1142 2654 condam
1162 2592 1277 2654 Paulas
1293 2612 1348 2674 per
1365 2591 1500 2653 eandem

242 2711 428 2779 comparata
452 2699 484 2760 in
510 2699 614 2781 ipsum
648 2697 824 2780 Georgium
857 2713 1022 2780 tamquam
1053 2718 1165 2760 verum
1190 2713 1221 2760 et
1248 2699 1377 2760 unicum
1403 2697 1505 2760 filium

241 2817 271 2866 et
297 2803 449 2866 heredem
475 2805 574 2895 ipsius
597 2804 684 2886 juxta
705 2805 939 2887 privilegiatam
965 2805 1143 2866 libertatern
1162 2805 1261 2886 ipsius
1285 2803 1421 2866 civitatis
1445 2805 1503 2866 rite

241 2911 346 2973 existit
371 2911 522 2973 devoluta
541 2925 571 2972 et
593 2931 689 2974 nemo
707 2912 922 2974 contradictor
942 2911 1070 2994 penitus
1094 2911 1251 2994 apparuit,
1277 2911 1350 2971 ideo
1368 2910 1503 2972 eandem

241 3017 369 3079 vineam
394 3037 454 3079 nos
477 3018 583 3079 eidem
609 3016 752 3098 Georgio
774 3038 846 3080 cum
865 3018 930 3079 suis
954 3017 1145 3080 utilitatibus
1166 3029 1197 3079 et
1221 3016 1426 3099 pertinenciis
1442 3029 1504 3078 sta·

239 3125 360 3186 tuimus
386 3137 541 3206 perpetuo
566 3123 804 3206 possidendam.

345 3249 421 3310 ltem
447 3249 571 3310 lwanus
595 3249 735 3310 decanus
759 3263 868 3332 contra
888 3248 1065 3310 Fabianum
1091 3261 1230 3309 sutorem
1256 3245 1361 3329 primo
1386 3245 1500 3307 citatus

239 3375 304 3417 non
328 3355 518 3437 comparuit.

345 3461 423 3524 Item
448 3461 629 3543 Stephanus
652 3475 741 3523 sutor
765 3475 874 3523 contra
905 3461 1091 3524 Ladislaum
1117 3457 1302 3522 Lokothech
1329 3459 1433 3542 primo
1457 3457 1501 3520 ci·

238 3582 321 3631 tatus
345 3589 409 3630 non
434 3568 622 3650 comparuit.

348 3693 424 3754 ltem
451 3741 458 3755 .
484 3739 491 3754 .
517 3691 614 3754 chech
647 3705 756 3753 contra
788 3691 997 3753 Benedictum
1029 3691 1131 3753 filium
1157 3739 1164 3753 .
1191 3739 1198 3753 .
1222 3691 1364 3752 secundo
1389 3693 1502 3754 citatus

240 3819 304 3859 non
329 3799 518 3879 comparuit.

345 3923 422 3984 ltem
444 3923 589 3984 Andreas
606 3923 730 4005 pridem
747 3921 867 4002 juratus
885 3937 993 3984 contra
1011 3923 1194 3984 Emericum
1214 3923 1373 3984 literatum
1392 3923 1497 4004 primo

238 4031 351 4090 citatus
376 4049 440 4090 non
466 4030 655 4112 comparuit.

347 4135 425 4196 ltem
450 4135 634 4196 Anthonius
658 4149 688 4195 et
707 4135 867 4197 Fabianus
892 4133 1046 4196 Gornichi
1065 4135 1139 4196 dicti
1157 4147 1266 4195 contra
1292 4133 1499 4194 Valentinum

239 4241 473 4324 Mungyachich
499 4243 618 4302 dictum
644 4242 748 4322 primo
772 4242 858 4303 citati
883 4261 948 4302 non
973 4255 1231 4322 comparuerunt.

343 4366 420 4427 ltem
446 4366 598 4427 Nicolaus
622 4367 743 4427 Bacusa
767 4367 806 4427 de
832 4365 997 4449 Mykulich
1015 4379 1122 4426 contra
1148 4364 1338 4426 Michaelem
1364 4363 1496 4445 Caprini

238 4471 341 4551 primo
366 4471 479 4533 citatus
503 4491 568 4534 non
593 4473 782 4554 comparuit.

347 4597 424 4658 ltem
457 4597 549 4680 jurati
582 4597 855 4678 adjudicaverunt,
888 4598 976 4678 quod
1010 4597 1085 4678 quia
1117 4596 1286 4658 Farlrasius
1310 4597 1357 4656 vir
1390 4597 1499 4660 relicte

240 4703 440 4784 Sigismundi
463 4705 523 4764 sibi
559 4723 654 4785 super
685 4705 902 4786 possessiones
932 4703 1139 4764 hereditarias
1170 4702 1269 4784 ipsius
1300 4703 1497 4784 Sigismundi

239 4809 364 4870 literam
390 4810 531 4871 emanari
556 4812 758 4892 procurabat,
783 4811 915 4890 ipseque
932 4809 1095 4870 lohannes
1115 4809 1240 4889 Sugech
1266 4811 1369 4872 dictus
1393 4811 1498 4892 ipsum

241 4915 428 4977 Farltasium
454 4917 493 4977 ab
519 4916 586 4998 ipsa
611 4915 819 4978 emanatione
844 4916 933 4977 litere
958 4916 1125 4993 atestabat,
1160 4929 1191 4974 et
1215 4935 1371 4996 supereo
1402 4915 1495 4996 jurati

238 5022 459 5108 adjudicantes
490 5023 549 5109 ipsi
582 5023 733 5088 Fatltasio
765 5022 922 5090 dederunt
957 5035 1106 5090 octavum
1140 5020 1226 5086 diem
1265 5040 1324 5108 pro
1358 5022 1496 5086 termino
