3740 5810
587 527 788 604 Anno1430.
814 561 853 570 -
878 539 925 604 17.
948 529 1119 602 septembris.
1426 547 1484 610 ¹²7

326 736 403 797 ltem
428 738 504 818 quia
528 737 568 798 de
591 737 690 800 domo
715 751 745 799 et
762 737 863 800 fundo
881 739 976 800 unius
993 752 1104 820 quarte
1122 739 1188 800 luti
1207 739 1388 802 Corintiani
1407 741 1484 803 dicti

217 842 368 925 Frawyn,
393 858 477 904 retro
502 844 637 905 domurn
661 843 836 906 liberorum
863 843 995 926 Georgii
1022 844 1217 906 Pechathnik
1239 845 1270 906 in
1300 845 1384 907 dicta
1409 847 1484 908 civi-

215 961 283 1009 tate
306 947 427 1028 habita,
460 949 585 1011 domini
616 952 716 1012 nostri
749 951 832 1030 regis
864 951 974 1030 dacia,
1007 951 1244 1013 conducciones
1275 953 1422 1034 lapidum
1454 967 1485 1014 et

216 1073 315 1115 arene
339 1075 375 1116 ac
399 1055 460 1118 alia
487 1056 595 1119 debita
620 1072 651 1119 et
681 1071 864 1140 opportuna
888 1059 1021 1119 servicia
1053 1077 1143 1119 more
1173 1071 1204 1120 et
1235 1057 1376 1120 adinstat
1400 1071 1482 1120 cete·

218 1179 332 1221 rorum
356 1160 439 1223 dicte
464 1162 601 1224 civitatis
625 1163 808 1225 concivium
837 1163 869 1224 in
901 1162 1045 1226 medium
1076 1164 1220 1246 ipsorum
1244 1165 1484 1246 provenientia,

218 1286 236 1326 a
262 1266 411 1348 pluribus
442 1269 608 1331 retroactis
638 1270 839 1351 temporibus
870 1289 935 1332 non
969 1270 1168 1352 persolverit,
1200 1290 1305 1352 neque
1337 1272 1482 1353 aliquam

217 1374 348 1454 penitus
371 1373 601 1437 satisfaccionis
624 1395 865 1459 recompensam
899 1377 1103 1459 impenderit,
1127 1377 1248 1460 pluries
1278 1391 1387 1440 tamen
1413 1399 1480 1440 mo·

217 1480 305 1541 nitus
328 1494 360 1542 et
382 1481 598 1563 proclamatus
634 1482 737 1544 dictus
768 1483 836 1544 Juri
868 1497 899 1544 et
929 1484 977 1544 sui
1001 1483 1094 1546 liberi
1119 1498 1150 1545 et
1181 1483 1314 1546 heredes
1339 1484 1478 1545 universi

218 1586 337 1647 moniti
362 1599 393 1648 et
416 1587 449 1648 in
473 1585 544 1649 loro
576 1589 705 1670 publice
735 1589 943 1670 proclamati3
975 1603 1006 1651 et
1030 1591 1105 1671 quia
1137 1589 1233 1651 vicini
1259 1590 1343 1652 dicte
1367 1590 1484 1652 domus

219 1706 251 1752 et
275 1690 369 1753 fundi
393 1713 468 1776 sepe
492 1695 600 1776 sepius
623 1694 717 1755 nobis
743 1695 910 1775 conquesti
928 1696 1109 1774 extiterunt,
1135 1709 1169 1756 ut
1193 1695 1234 1757 de
1251 1696 1366 1758 eodem
1383 1694 1484 1758 fundo

217 1811 251 1859 et
275 1798 376 1860 domo
400 1800 529 1861 racione
561 1797 789 1862 desertacionis
820 1821 877 1863 sue
910 1801 1049 1883 plurima
1081 1801 1220 1883 dampna
1254 1801 1484 1863 intollerabilis

218 1905 386 1966 evenerint
411 1906 551 1983 eisdem;
575 1906 708 1969 demum
725 1927 801 1968 vero
818 1907 893 1989 quia
911 1907 1120 1968 commissarii
1138 1921 1168 1968 et
1186 1919 1371 1968 executores
1388 1921 1482 1968 testa-

217 2012 318 2073 menti
345 2012 479 2094 predicti
505 2011 638 2095 Georgii
663 2012 860 2076 Pechathnik
885 2012 918 2074 id
942 2033 1016 2075 cum
1033 2013 1150 2075 eodem
1173 2027 1365 2074 testamento
1386 2013 1485 2096 ipsius

220 2118 355 2199 Georgii
379 2121 560 2182 tenenciam
585 2119 706 2182 efficaci
731 2120 927 2182 documento
955 2120 1097 2202 plurium
1123 2120 1315 2181 idoneorum
1341 2120 1484 2181 virorum

218 2244 329 2286 coram
356 2226 448 2286 nobis
472 2228 733 2308 comprobarunt,
758 2241 793 2287 ut
821 2227 887 2308 ipse
920 2227 987 2287 Juri
1012 2225 1220 2288 Corintianus
1254 2226 1313 2307 ipsi
1340 2223 1483 2306 Georgio

218 2329 325 2392 adhuc
349 2332 469 2394 viventi
493 2332 565 2392 Xlll
590 2332 697 2415 pensis
719 2333 927 2394 denariorum
951 2331 1109 2394 debitoris
1134 2331 1296 2414 obligatus
1318 2331 1484 2410 extitisset,

220 2452 253 2498 et
275 2457 335 2519 pro
360 2437 482 2499 eisdem
515 2439 660 2519 pecuniis
684 2439 785 2520 ipsam
819 2439 952 2500 domum
986 2439 1044 2520 ipsi
1070 2437 1213 2520 Georgio
1238 2439 1484 2520 inpignorasset,

221 2555 253 2604 et
276 2544 353 2624 quia
378 2544 479 2604 eciam
492 2545 622 2606 tandem
648 2543 746 2606 iidem
771 2543 958 2624 daciatores,
983 2545 1079 2606 vicini
1104 2559 1134 2606 et
1158 2544 1369 2606 commissarii
1387 2545 1483 2606 nobis

220 2669 318 2731 super
349 2669 388 2710 eo
420 2651 585 2732 sepissime
625 2652 793 2732 conquesti
827 2652 1015 2729 extiterunt,
1048 2664 1083 2714 ut
1114 2652 1154 2713 de
1188 2651 1340 2732 premissa
1372 2651 1483 2730 domo,

221 2755 391 2838 fundoque
409 2758 504 2818 unius
520 2772 642 2839 quarte,
660 2758 767 2821 debite
783 2757 1013 2819 satisfactionis
1025 2771 1055 2819 et
1068 2757 1191 2838 justicie
1209 2758 1482 2840 complementum

222 2864 481 2946 impedissemus,
505 2865 646 2946 ideoque
669 2884 729 2926 nos
752 2866 916 2926 neminem
941 2884 999 2926 suo
1023 2864 1091 2945 jure
1115 2865 1175 2926 sibi
1201 2865 1398 2926 incumbenti
1423 2885 1478 2925 vo-

220 2971 323 3032 lentes
349 2970 477 3052 privari,
501 2970 556 3031 sed
580 2971 756 3052 unicuique
787 2972 882 3032 nobis
913 2971 1095 3052 querulanti
1127 2971 1233 3032 debite
1266 2985 1297 3031 et
1320 2969 1480 3051 condigne

220 3075 453 3138 satisfaccionis
469 3077 745 3158 complementum
762 3090 858 3159 prout
878 3077 971 3138 nobis
988 3077 1145 3138 incumbit
1162 3077 1328 3158 impertiri,
1346 3076 1483 3138 eandem

222 3183 357 3244 domum
391 3197 421 3244 et
454 3181 590 3244 fundum
622 3183 717 3245 unius
749 3198 860 3265 quarte
893 3203 966 3245 cum
990 3184 1055 3244 suis
1086 3184 1301 3266 pertinenciis,
1334 3182 1485 3265 predictis

221 3289 450 3368 daciatoribus,
474 3289 589 3350 vicinis
620 3303 651 3351 et
682 3289 910 3351 commissariis
941 3289 1070 3372 plenam
1101 3288 1262 3351 vendendi
1287 3300 1374 3351 etse
1398 3288 1485 3371 ipsos

222 3395 429 3478 persolvendi
462 3415 498 3457 ac
530 3393 744 3457 satisfaciendi
777 3397 973 3457 contulimus
1004 3394 1209 3472 facultatem3
1234 3414 1331 3476 quam
1354 3393 1484 3456 tandem

220 3501 395 3564 Valentino
419 3500 487 3563 filio
512 3500 661 3583 Gregorii
687 3503 812 3563 concivi
841 3515 951 3564 nostro
975 3501 1039 3582 jam
1070 3521 1156 3562 novo
1180 3520 1216 3562 ac
1239 3521 1295 3583 per
1319 3520 1391 3562 eum
1419 3501 1484 3562 suis

219 3605 394 3669 heredibus
417 3607 633 3670 vendiderunt
656 3627 764 3670 coram
789 3607 882 3669 nobis
914 3621 1069 3689 perpetuo
1094 3607 1322 3689 possidendam
1348 3620 1379 3667 et
1402 3625 1483 3688 quo-

216 3733 360 3795 cumque
384 3713 523 3776 voluerit
539 3713 775 3796 disponendam
799 3713 886 3796 juxta
900 3713 1126 3775 condicionem
1143 3713 1280 3775 civitatis
1305 3725 1483 3794 prenotate.

326 3820 405 3882 ltem
429 3819 523 3901 jurati
547 3819 813 3902 adjudicaverunt
837 3821 869 3881 in
894 3840 987 3881 causa
1012 3819 1144 3881 domine
1171 3820 1267 3881 Lucie
1293 3819 1406 3880 relicte
1430 3819 1483 3880 Jo-

219 3927 336 3990 bannis
360 3925 551 4010 Zygethsak,
567 3939 602 3988 ut
626 3926 701 4008 quia
726 3926 792 4007 ipsa
810 3925 942 3986 domina
968 3926 1066 3986 Lucia
1083 3925 1171 3986 nulla
1196 3925 1264 4005 jura
1290 3945 1347 3987 nec
1372 3925 1482 4006 aliqua

218 4033 357 4096 literalis
383 4033 591 4094 instrumenta
617 4031 758 4094 efficacia
790 4031 966 4114 producere
992 4033 1095 4114 potuit
1127 4050 1234 4093 coram
1259 4032 1353 4093 nobis
1377 4031 1410 4092 in
1434 4030 1483 4110 ju·

219 4139 306 4201 dicio
331 4139 473 4220 generali
498 4157 583 4200 nunc
607 4151 638 4200 et
662 4139 694 4199 in
719 4138 865 4220 pluribus
889 4137 1032 4218 juridicis
1052 4138 1196 4199 terminis
1220 4138 1325 4198 eidem
1350 4157 1406 4219 per
1423 4157 1482 4198 nos

220 4245 342 4328 pluries
367 4244 449 4306 datis
469 4258 500 4306 et
523 4245 700 4326 assignatis,
725 4244 842 4326 quibus
866 4243 988 4324 juribus
1012 4259 1043 4306 et
1063 4244 1240 4306 literalibus
1265 4243 1485 4304 instrumentis

223 4351 442 4412 mediantibus
466 4351 578 4412 eadem
608 4350 740 4412 domina
773 4349 871 4412 Lucia
903 4349 1007 4432 ipsum
1033 4349 1211 4411 lohannem
1245 4348 1425 4432 Zygethsak
1449 4349 1481 4410 in

217 4456 462 4520 testamentario
479 4476 537 4518 suo
554 4470 631 4518 voto
645 4457 678 4518 in
695 4455 779 4519 facto
797 4456 963 4518 cuiusdam
981 4469 1062 4518 terre
1079 4457 1209 4518 arabilis
1222 4475 1321 4539 prope
1339 4455 1484 4518 Cherno·

220 4563 329 4626 merch
354 4563 461 4625 habite
485 4563 656 4645 prohibere
681 4575 712 4624 et
735 4563 795 4624 sibi
830 4563 1048 4625 contradicere
1080 4581 1238 4644 supereo
1271 4561 1426 4644 potuisset
1450 4575 1485 4624 ut

219 4672 286 4753 ipse
304 4671 439 4732 eandem
463 4683 580 4732 terram
605 4669 664 4750 ipsi
689 4669 734 4730 sic
757 4668 864 4749 legare
889 4683 920 4730 et
943 4667 1103 4730 dimittere
1129 4688 1193 4730 non
1219 4669 1374 4750 potuisset
1390 4681 1484 4748 prout

220 4779 338 4861 legavit
364 4791 395 4838 et
419 4777 540 4838 dimisit
563 4791 598 4838 ut
622 4777 806 4858 nuperrime
829 4775 860 4836 in
879 4777 1011 4836 katerno
1036 4789 1145 4836 nostro
1169 4774 1313 4856 judiciali
1338 4787 1384 4836 est
1408 4793 1484 4834 con-

219 4885 392 4966 signatum,
416 4883 490 4945 ideo
514 4884 621 4965 ipsum
645 4881 824 4944 lohannem
850 4881 1019 4962 Zigethsak
1044 4881 1156 4942 eadem
1182 4880 1316 4942 domina
1342 4879 1441 4941 Lucia
1465 4901 1483 4941 a

220 4991 362 5073 predicta
386 4990 553 5072 legacione
585 5001 616 5050 et
648 4988 835 5050 dimissione
868 5007 1073 5070 nequaquam
1106 4988 1276 5070 prohibere
1301 4988 1405 5070 potuit
1429 4989 1483 5049 sed
