3734 5796
611 549 697 606 Anno
721 561 815 625 1440.
843 581 883 591 -
907 543 961 606 18.
985 547 1152 606 novembris.

254 761 363 823 anima
388 761 487 843 ipsius
511 760 622 821 missas
640 775 739 821 certas
764 759 942 842 (celebrari)
963 760 1132 840 legavisset
1149 773 1180 820 et
1196 759 1377 836 dimisisset,
1396 771 1426 819 et
1444 759 1517 840 quia

256 872 399 950 prefatus
423 866 605 948 (plebanus)
630 867 812 928 Demetrius
836 867 938 927 dictus
971 865 1063 927 Balsa
1096 885 1168 926 cum
1193 865 1342 946 predictis
1367 863 1519 946 compl(e·

255 973 360 1056 banis)
385 975 451 1035 suis
480 973 657 1056 predictam
690 975 824 1035 domum
850 988 881 1034 et
912 971 1047 1034 fundum
1080 973 1178 1054 ipsius
1209 972 1346 1032 condam
1377 970 1519 1052 (Cosme)

255 1080 411 1143 carnificis
434 1100 506 1142 cum
541 1081 606 1142 suis
638 1081 828 1142 utilitatibus
864 1094 895 1141 et
925 1079 1130 1162 pertinenciis
1163 1079 1343 1160 (universis)
1376 1078 1519 1158 predicto

259 1187 333 1250 Vito
358 1185 496 1249 carnifici
520 1207 578 1268 pro
603 1199 685 1248 certa
718 1187 939 1269 pecuniarum.
959 1186 1160 1268 quan(titate)
1192 1206 1248 1267 per
1280 1187 1385 1267 ipsum
1410 1185 1518 1247 Vitum

258 1293 440 1356 carnificem
465 1293 541 1375 ipsis
564 1292 711 1374 plebanis
734 1292 774 1354 ad
806 1293 920 1354 scitum
950 1290 1187 1374 (plurimorum)
1219 1293 1362 1352 virorum
1387 1290 1519 1370 fidedig·

259 1420 374 1461 norum
399 1399 495 1482 plene
523 1399 683 1482 persoluta
719 1398 930 1481 vendi(derat)
956 1448 962 1460 .
989 1448 996 1461 .
1022 1444 1062 1460 ..
1096 1412 1250 1480 perpetuo
1282 1397 1521 1479 possidendam,

256 1507 395 1588 ideoque
422 1526 480 1568 nos
504 1507 677 1588 predictam
704 1506 837 1568 domurn
863 1521 893 1567 et
925 1505 1061 1566 fundum
1087 1506 1118 1566 in
1152 1505 1313 1566 vicinitate
1338 1505 1521 1588 supradicta

257 1613 399 1675 habitam
424 1633 497 1674 curn
523 1612 587 1673 suis
611 1613 803 1673 utilitatibus
826 1625 857 1674 et
890 1613 1092 1693 pertinenciis
1116 1611 1272 1673 universis
1296 1609 1420 1693 prelato
1445 1611 1521 1672 Vito

256 1719 395 1783 carnifici
413 1735 444 1781 et
459 1739 516 1802 per
533 1739 606 1780 eum
624 1720 688 1780 suis
711 1719 884 1780 heredibus
901 1719 1069 1780 statuimus
1085 1733 1116 1778 et
1132 1717 1378 1800 (com)misimus
1396 1738 1432 1778 ex
1452 1737 1521 1798 pre·

256 1828 361 1888 missis
391 1839 547 1908 perpetuo
579 1825 806 1907 possidendam
840 1839 871 1886 et
903 1825 1211 1907 quomodocumque
1243 1825 1381 1886 voluerit
1413 1824 1521 1905 dispo-

256 1932 395 1994 nendam
412 1932 496 2012 juxta
516 1932 740 1994 condicionem
755 1933 891 1994 civitatis
907 1945 1072 2014 prenotate
1089 1932 1129 1992 ab
1143 1931 1277 2012 antiquo
1295 1933 1519 2012 approbatam.

362 2057 440 2118 ltem
462 2057 652 2120 Valentinus
681 2057 814 2119 claudus
846 2069 954 2118 contra
980 2056 1141 2117 Andream
1168 2055 1315 2117 ltalicum
1349 2055 1453 2136 primo
1479 2055 1521 2115 ci·

255 2177 338 2225 tatus
362 2183 427 2225 non
453 2164 644 2246 comparuit.

363 2287 441 2350 ltern
466 2289 541 2369 quia
567 2288 615 2348 vir
638 2289 792 2370 providus
817 2301 847 2350 et
871 2288 1023 2350 honestus
1052 2287 1238 2348 Leonardus
1263 2287 1522 2365 Theuthonicus,

256 2395 376 2476 juratus
400 2408 508 2456 noster
533 2395 706 2456 modernus
723 2409 753 2454 et
777 2395 928 2472 concivis,
954 2395 985 2454 id
1010 2413 1083 2455 cum
1100 2392 1269 2454 sufficienti
1295 2409 1326 2454 et
1355 2393 1519 2474 fidedigno

258 2515 438 2564 nostrorum
456 2501 637 2562 concivium
655 2500 840 2561 testimonio
860 2501 890 2561 in
916 2499 989 2561 sede
1015 2515 1120 2561 nostra
1137 2499 1304 2580 judiciaria
1329 2499 1411 2560 clare
1434 2518 1522 2560 com·

257 2609 404 2691 probavit
420 2627 525 2670 coram
539 2609 642 2684 nobis,
656 2621 690 2668 ut
706 2607 782 2668 dum
796 2607 928 2688 provida
947 2606 1082 2668 condam
1103 2605 1234 2667 domina
1248 2605 1423 2666 Katherina
1434 2607 1524 2667 aliter

259 2715 422 2799 Kathycza
447 2728 569 2792 vocata,
594 2713 658 2774 lilia
687 2713 823 2774 condam
846 2713 1012 2774 Michaelis
1044 2713 1234 2791 Sebastianl,
1259 2732 1338 2774 uxor
1363 2712 1520 2794 legittima

258 2821 357 2903 ipsius
382 2821 542 2883 Leonardi
568 2820 784 2881 Thcuthonici
821 2820 852 2880 in
878 2819 1027 2880 extremis
1054 2819 1117 2880 vite
1142 2839 1198 2880 sue
1222 2819 1410 2900 temporalis
1434 2818 1523 2879 labo·

258 2941 367 3006 rasset,
392 2941 468 2989 tunc
493 2928 559 3008 ipsa
584 2925 719 2987 domum
747 2945 836 2987 suam
869 2938 1027 2987 muratam
1053 2945 1125 2986 cum
1157 2925 1355 2986 stacionibus
1377 2924 1524 2986 similiter

258 3035 390 3096 muratis
414 3047 445 3094 et
470 3033 600 3094 cellario
625 3032 771 3093 similiter
795 3045 919 3093 murato
943 3051 978 3092 ac
1011 3030 1119 3092 lundis
1143 3045 1174 3093 et
1197 3029 1355 3092 hedificiis
1381 3031 1412 3090 in
1438 3030 1524 3091 dicta

258 3141 384 3202 civitate
409 3139 561 3217 habitam,
586 3159 622 3199 ac
646 3152 762 3201 terram
787 3157 877 3198 suam
902 3137 1056 3198 arabilem
1088 3157 1145 3199 nec
1171 3157 1235 3200 non
1262 3137 1342 3198 duas
1367 3137 1524 3197 sessiones

258 3267 331 3308 suas
356 3246 577 3328 jobagionales
601 3247 633 3306 in
659 3265 772 3327 campo
798 3259 828 3305 et
855 3244 1016 3306 territorio
1049 3244 1184 3304 civitatis
1216 3243 1357 3326 predicte
1383 3243 1524 3304 habitam

259 3367 290 3414 et
305 3354 485 3430 existentes,
499 3353 600 3434 ipsam
612 3351 777 3412 dominam
790 3351 995 3412 Katherinam
1006 3351 1140 3432 juridice
1158 3365 1189 3411 et
1205 3351 1379 3411 literatorie
1394 3369 1524 3412 concer-

262 3473 403 3537 nentem,
422 3478 494 3520 cum
513 3458 663 3519 omnibus
681 3459 780 3540 ipsius
805 3459 920 3519 domus
937 3477 991 3518 sue
1017 3471 1047 3518 et
1071 3471 1151 3517 terre
1176 3457 1305 3517 arabilis
1329 3476 1364 3517 ac
1383 3457 1525 3538 ipsarum

260 3566 397 3627 duarum
424 3565 603 3640 sessionum
621 3565 873 3646 jobagionalium
893 3564 1083 3625 utilitatibus
1100 3577 1130 3623 et
1146 3563 1351 3644 pertinenciis
1368 3564 1525 3625 universis

261 3693 297 3734 ac
320 3671 601 3754 suppellectilibus
618 3685 648 3731 et
672 3671 827 3731 clenodiis
851 3690 886 3732 ac
904 3670 1093 3731 utensilibus
1110 3669 1276 3751 quibusvis
1300 3669 1424 3752 prefato
1443 3671 1525 3732 Leo·

261 3778 361 3840 nardo
386 3778 616 3840 Theuthonico
645 3778 778 3838 domino
811 3792 841 3838 et
873 3777 987 3837 marito
1017 3796 1076 3837 suo
1101 3777 1270 3856 legavisset
1301 3791 1331 3836 et
1354 3777 1525 3837 dimisisset

259 3885 326 3966 jure
362 3884 549 3967 perhennali
582 3883 808 3965 possidendam
843 3898 872 3944 et
905 3883 1212 3964 quomodocumque
1247 3883 1386 3944 voluerit
1419 3883 1525 3964 dispo·

261 3990 400 4051 nendam
418 3989 502 4070 juxta
521 3990 745 4051 condicionem
763 3989 898 4050 civitatis
915 4003 1092 4070 prenotate,
1110 3989 1250 4070 ideoque
1267 4009 1326 4049 nos
1349 3989 1524 4071 predictam

261 4097 397 4158 domum
422 4111 579 4158 muratam
605 4116 678 4157 cum
697 4097 772 4178 ipsis
796 4097 991 4157 stacionibus
1008 4110 1038 4156 et
1055 4096 1185 4156 cellario
1211 4096 1344 4157 muratis
1368 4115 1404 4156 ac
1424 4095 1525 4155 fundo

264 4217 294 4265 et
319 4201 485 4280 hedificiis,
504 4203 681 4283 ceterisque
699 4202 854 4262 clenodiis
871 4215 902 4262 et
918 4193 1204 4283 suppellectilibus,
1227 4223 1262 4262 ac
1280 4201 1381 4282 ipsam
1398 4215 1525 4279 terram,

261 4310 426 4390 dictasque
452 4309 532 4370 duas
556 4310 713 4370 sessiones
737 4308 958 4388 jobagionales
982 4327 1053 4368 cum
1080 4307 1145 4367 suis
1162 4308 1353 4368 utilitatibus
1377 4321 1407 4367 et
1431 4307 1525 4388 perti-

262 4415 384 4477 nenciis
408 4415 566 4476 universis
590 4413 713 4496 prelato
738 4414 909 4476 leonardo
932 4414 1161 4474 Theuthonico
1187 4414 1289 4494 jurato
1313 4433 1348 4474 ac
1372 4433 1427 4495 per
1452 4433 1524 4473 eum

260 4521 325 4581 suis
350 4519 524 4582 heredibus
547 4523 716 4582 statuimus
733 4535 763 4581 et
788 4521 1008 4581 commisimus
1026 4541 1063 4580 ex
1080 4521 1242 4600 premissis
1254 4535 1409 4602 perpetuo
1427 4519 1526 4601 possi·

262 4627 402 4687 dendam
420 4642 450 4688 et
467 4627 774 4708 quomodocumque
789 4627 928 4688 voluerit
945 4626 1178 4708 disponendam
1194 4627 1279 4708 juxta
1302 4625 1526 4687 condicionem

263 4733 400 4795 civitatis
424 4748 592 4816 prenotate
617 4737 656 4794 ab
681 4735 814 4814 antiquo
843 4736 1064 4815 approbatam.

371 4857 448 4918 ltem
482 4858 648 4918 Emericus
680 4856 763 4918 filius
796 4857 931 4934 Nicolai,
963 4856 1094 4937 juratus,
1127 4871 1236 4917 contra
1270 4857 1398 4918 Petrum
1422 4853 1525 4918 filiunt

262 4965 387 5026 Nicolai
412 4965 452 5026 de
479 4965 633 5047 Kayenylt
658 4965 805 5025 secundo
831 4965 943 5024 citatus
968 4984 1030 5025 non
1057 4964 1246 5046 comparuit.
