3740 5810
606 591 809 669 Ann01419.
835 625 874 635 —
899 585 952 654 28.
976 592 1090 668 aprilis.
1442 591 1481 674 65

325 800 405 863 Item
428 801 566 882 Egidius
590 800 730 864 carnifex
754 800 849 866 frater
872 822 949 865 suus
971 803 1116 866 uterinus
1139 804 1256 866 eodem
1280 805 1379 867 modo
1396 824 1484 868 com-

218 907 378 986 probavit,
403 907 492 988 quod
526 908 714 990 porcionem
745 928 836 972 suam
861 909 988 988 domus,
1019 907 1141 993 (quam)
1166 929 1239 973 curn
1271 910 1341 993 ipso
1365 911 1484 992 Egidio

217 1011 341 1090 habuit,
366 1012 473 1075 eidem
497 1013 616 1094 Egidio
640 1013 812 1077 dimisisset
835 1029 991 1097 perpetuo
1016 1015 1254 1098 possidendam.

323 1118 403 1180 ltem
427 1118 613 1200 Katherina‚
639 1120 751 1199 Eleus,
776 1120 901 1202 Agatha
925 1119 990 1182 filie
1015 1136 1045 1182 et
1075 1119 1251 1203 Gregorius
1274 1119 1359 1184 filius
1385 1121 1484 1184 Blasii

217 1225 481 1306 comprobarunt,
513 1224 602 1307 quod
637 1245 701 1287 una
732 1238 845 1307 quarta
876 1225 964 1289 curie
994 1240 1126 1309 apatre
1158 1227 1301 1310 ipsorum
1326 1227 1366 1290 sd
1399 1227 1484 1310 ipsos

216 1329 372 1392 devoluta
395 1329 576 1395 haberetur.

324 1435 404 1497 ltem
422 1436 584 1499 Dorothea
610 1437 719 1502 relicta
736 1437 893 1500 Anthonii
915 1458 1000 1501 nunc
1017 1457 1148 1502 consors
1165 1437 1318 1521 Stephani
1336 1435 1483 1520 pellificis

216 1542 453 1624 comprobavit,
476 1555 511 1605 ut
524 1543 602 1605 dum
626 1543 743 1626 ipsein
769 1545 918 1607 extremis
933 1544 1118 1624 laborasset,
1139 1545 1273 1606 domum
1291 1563 1382 1606 suam
1400 1545 1483 1607 dicte

216 1646 383 1710 Dorothee
403 1649 584 1728 dimisisset,
602 1663 633 1711 et
646 1650 715 1733 ipsa
728 1651 864 1712 eandem
878 1651 1011 1713 domum
1025 1649 1150 1733 prelato
1164 1650 1328 1733 Stephano
1341 1651 1481 1716 donavit.

323 1753 402 1816 ltem
420 1755 586 1818 Emericus
601 1775 719 1838 parvus
742 1770 853 1820 contra
870 1757 1046 1819 Martinum
1068 1769 1222 1820 sartorem
1239 1757 1345 1840 primo
1370 1757 1484 1820 citatus

214 1877 280 1922 non
306 1861 498 1944 comparuit.

321 1966 401 2028 ltem
425 1967 594 2031 Elizabeth
619 1987 750 2030 consors
782 1968 938 2031 Anthouii
963 1988 1057 2031 suum
1082 1968 1234 2052 deposuit
1256 1968 1482 2050 juramentum,

213 2072 303 2154 quod
329 2073 485 2135 innocens
516 2072 576 2136 luit
606 2075 696 2156 quod
720 2075 861 2157 quedam
888 2073 941 2138 fila
965 2073 1099 2138 luissent
1123 2073 1225 2138 furata
1249 2095 1313 2158 que
1344 2089 1480 2140 emerat.

318 2178 400 2240 ltcrn
424 2179 579 2242 Martinus
602 2179 687 2243 filius
711 2181 866 2244 lobannis
889 2201 963 2244 cum
984 2180 1155 2244 sufficienti
1179 2183 1365 2245 testimonio
1389 2203 1479 2245 com·

213 2285 374 2366 probavit,
399 2286 488 2367 quod
511 2286 685 2367 quamdam
702 2287 830 2350 vineam
853 2289 893 2350 ab
910 2287 1054 2350 Adriano
1079 2301 1294 2371 comparasset
1318 2289 1480 2351 innostro

211 2391 385 2454 territorio.

320 2499 401 2560 ltem
417 2498 571 2562 Clemens
595 2513 627 2563 et
649 2499 844 2562 Benedictus
867 2499 925 2562 filii
947 2500 1075 2562 Andree
1100 2521 1172 2563 cum
1197 2491 1367 2564 sufficienti
1391 2501 1479 2565 testi·

214 2604 327 2666 monio
347 2625 453 2667 coram
479 2606 573 2668 nobis
594 2608 855 2688 comprobarunt,
879 2606 969 2688 quod
986 2607 1063 2668 dum
1082 2607 1205 2669 Blasius
1227 2606 1316 2670 faber
1339 2607 1479 2688 vixisset,

212 2722 289 2772 tunc
313 2710 451 2773 domum
475 2731 566 2774 suam
590 2723 750 2774 muratum
775 2726 806 2774 et
830 2711 1019 2794 (h)ortulum
1043 2727 1129 2776 extra
1151 2733 1280 2776 murum
1305 2714 1477 2778 dimisisset

212 2815 331 2895 taliter,
356 2817 445 2899 quod
469 2817 495 2880 si
516 2818 706 2880 Valentinus
727 2817 813 2880 filius
836 2819 932 2881 Blasii
951 2817 1064 2902 prefati
1080 2818 1162 2882 inlra
1186 2820 1268 2882 duos
1291 2841 1393 2882 annos
1410 2841 1476 2883 non

214 2924 349 3002 venerit,
361 2937 437 2986 tunc
451 2925 580 2986 terciam
595 2937 718 3007 partem
732 2925 959 3006 premissorum
978 2927 1077 3008 possit
1094 2927 1250 3004 obtinere,
1267 2927 1293 2988 si
1310 2947 1387 3007 non,
1402 2941 1478 2990 tunc

213 3029 254 3089 ad
278 3029 366 3112 ipsos
390 3029 593 3093 Clementem
611 3043 642 3092 et
661 3030 873 3093 Benedictum
891 3030 1079 3094 devolvatur
1097 3046 1252 3115 perpetuo
1269 3033 1475 3115 possidenda.

320 3135 399 3198 Item
423 3137 565 3199 Briccius
589 3136 629 3198 de
655 3137 802 3219 Bosyako
828 3149 937 3198 contra
956 3137 1076 3199 Lucam
1100 3157 1196 3200 suum
1219 3137 1368 3221 deposuit
1393 3138 1476 3220 jura-

212 3255 360 3304 mentum
385 3242 645 3326 suprascriptum.

321 3347 400 3409 ltem
433 3347 594 3430 Georgius
624 3348 755 3431 sellipar
785 3361 894 3411 contra
919 3349 1095 3412 Martinam
1127 3361 1268 3412 sutorem
1292 3350 1397 3433 primo
1436 3351 1479 3415 ci·

211 3467 296 3516 tatus
322 3474 387 3516 non
412 3453 603 3537 comparuit.

321 3559 400 3622 ltem
436 3561 574 3623 lacobus
610 3559 775 3642 Popouich
812 3575 921 3622 contra
954 3559 1153 3644 Stephanum
1182 3561 1307 3644 pridem
1338 3561 1478 3644 juratum

212 3685 307 3728 suum
335 3666 484 3749 deposuit
508 3665 724 3746 juramentum
748 3667 1008 3749 suprascriptum.

319 3770 399 3833 ltem
422 3777 532 3853 Agnes
548 3771 657 3834 relicta
675 3771 812 3834 condam
830 3771 984 3834 Mibalich
1006 3793 1079 3836 cum
1103 3771 1274 3836 sufficienti
1290 3774 1477 3837 testimonio

212 3877 446 3959 comprobavit,
471 3877 560 3959 quod
585 3877 662 3939 dum
680 3877 765 3939 idem
791 3877 929 3940 Michael
946 3879 978 3940 in
997 3880 1145 3942 extremis
1169 3881 1354 3961 laborasset,
1371 3880 1477 3943 eidem

212 3983 333 4064 Agneti
367 3997 398 4045 et
421 4003 522 4066 puero
553 4003 611 4046 suo
644 3984 818 4046 dimisisset
849 3985 1003 4067 quasdam
1033 3999 1131 4048 terras
1162 3987 1338 4050 arabilesa
1368 3987 1477 4051 relicta

212 4089 352 4152 condam
378 4091 462 4152 Petri
488 4091 635 4173 Hungari
659 4104 868 4174 comparatas.

318 4195 397 4258 Item
422 4197 533 4258 Petrus
557 4195 646 4259 faber
669 4211 779 4259 contra
803 4197 968 4259 Thomam
992 4197 1076 4280 lsipi,
1105 4197 1275 4260 dominum
1299 4199 1471 4262 Nicolaum

212 4313 244 4363 et
266 4302 396 4364 Petrum
421 4303 529 4365 Zudor
552 4317 667 4366 octavo
691 4303 743 4366 die
775 4304 936 4366 tenebitur
960 4317 1099 4387 prestare
1131 4305 1357 4386 juramentum,
1382 4306 1470 4387 quod

214 4426 271 4468 uec
294 4407 362 4490 ipse
380 4409 491 4471 Petrus
515 4429 573 4471 nec
596 4408 653 4471 filii
678 4425 709 4473 et
726 4410 873 4472 homines
892 4410 940 4471 sui
965 4411 1060 4472 silvas
1087 4429 1200 4472 eorum
1223 4411 1473 4490 succendissent,

218 4528 248 4576 et
271 4514 360 4595 quod
378 4515 423 4576 nil
448 4517 540 4578 sciret
557 4535 613 4599 per
632 4535 729 4598 quem
747 4529 850 4578 essent
874 4519 1052 4597 combuste,
1076 4531 1107 4579 et
1124 4516 1184 4578 hoc
1200 4515 1300 4578 tercio
1316 4536 1349 4579 se
1366 4530 1476 4579 contra

212 4621 401 4702 quemlibet.

316 4728 396 4790 ltem
420 4727 513 4811 jurati
547 4729 783 4812 adjudicarunt,
815 4729 902 4810 quod
935 4731 1010 4811 quia
1036 4729 1160 4792 Blasius
1183 4729 1290 4793 Dwim
1322 4729 1362 4792 de
1385 4729 1477 4792 terris

211 4833 285 4913 suis,
318 4835 412 4897 vinea
438 4856 474 4898 ac
505 4835 624 4918 (h)orto
657 4836 717 4897 sibi
749 4855 805 4917 per
838 4835 976 4897 condam
1010 4837 1215 4898 Franciscum
1239 4836 1352 4918 legatis
1382 4849 1475 4897 testa-

213 4953 358 5003 mentum
383 4961 448 5004 non
474 4939 610 5020 fecisset,
635 4941 709 5004 ideo
726 4941 880 5024 premissa
904 4943 1013 5004 omnia
1031 4941 1115 5016 iuxta
1134 4943 1314 5005 libertatem
1340 4941 1476 5003 civitatis

212 5048 250 5109 ad
275 5067 409 5109 uxorem
434 5061 465 5110 et
488 5061 623 5110 matrem
647 5068 720 5110 suas
744 5061 818 5108 sunt
842 5047 993 5110 devolute
1018 5063 1049 5111 et
1073 5049 1211 5112 redacta.

1352 5157 1367 5218 5
