<?xml version="1.0" encoding="UTF-8"?>
<!DOCTYPE html PUBLIC "-//W3C//DTD XHTML 1.0 Transitional//EN"
    "http://www.w3.org/TR/xhtml1/DTD/xhtml1-transitional.dtd">
<html xmlns="http://www.w3.org/1999/xhtml" xml:lang="en" lang="en">
 <head>
  <title>
</title>
<meta http-equiv="Content-Type" content="text/html;charset=utf-8" />
  <meta name='ocr-system' content='tesseract 3.04.00' />
  <meta name='ocr-capabilities' content='ocr_page ocr_carea ocr_par ocr_line ocrx_word'/>
</head>
<body>
  <div class='ocr_page' id='page_1' title='image "./monumentahistor14laszgoog_0282.png"; bbox 0 0 3678 5800; ppageno 0'>
   <div class='ocr_carea' id='block_1_1' title="bbox 382 539 1214 617">
    <p class='ocr_par' dir='ltr' id='par_1_1' title="bbox 382 539 1214 617">
     <span class='ocr_line' id='line_1_1' title="bbox 382 539 1214 617; baseline 0.011 -24"><span class='ocrx_word' id='word_1_1' title='bbox 382 551 446 616; x_wconf 87' lang='lat'>234</span> <span class='ocrx_word' id='word_1_2' title='bbox 796 539 994 617; x_wconf 71' lang='lat' dir='ltr'><em>Aan01435·</em></span> <span class='ocrx_word' id='word_1_3' title='bbox 1021 573 1061 582; x_wconf 96' lang='lat'>-</span> <span class='ocrx_word' id='word_1_4' title='bbox 1086 556 1112 602; x_wconf 86' lang='grc'>1.</span> <span class='ocrx_word' id='word_1_5' title='bbox 1130 543 1214 617; x_wconf 81' lang='lat' dir='ltr'>julii.</span> 
     </span>
    </p>
   </div>
   <div class='ocr_carea' id='block_1_2' title="bbox 606 643 1647 658">
    <p class='ocr_par' dir='ltr' id='par_1_2' title="bbox 606 643 1647 658">
     <span class='ocr_line' id='line_1_2' title="bbox 606 643 1647 658; baseline 0.007 -7"><span class='ocrx_word' id='word_1_6' title='bbox 606 643 714 651; x_wconf 72' lang='grc' dir='ltr'>-ι---</span> <span class='ocrx_word' id='word_1_7' title='bbox 1158 649 1647 658; x_wconf 71' lang='lat'>—.-—--—-———--—--</span> 
     </span>
    </p>
   </div>
   <div class='ocr_carea' id='block_1_3' title="bbox 334 747 1653 5084">
    <p class='ocr_par' dir='ltr' id='par_1_3' title="bbox 334 747 1653 5084">
     <span class='ocr_line' id='line_1_3' title="bbox 382 747 1650 836; baseline 0.006 -27"><span class='ocrx_word' id='word_1_8' title='bbox 382 747 607 830; x_wconf 80' lang='lat' dir='ltr'>dignaremur3</span> <span class='ocrx_word' id='word_1_9' title='bbox 639 761 670 811; x_wconf 91' lang='lat' dir='ltr'>et</span> <span class='ocrx_word' id='word_1_10' title='bbox 702 749 777 831; x_wconf 92' lang='lat' dir='ltr'>quia</span> <span class='ocrx_word' id='word_1_11' title='bbox 809 749 841 811; x_wconf 91' lang='lat' dir='ltr'>in</span> <span class='ocrx_word' id='word_1_12' title='bbox 874 750 1075 832; x_wconf 77' lang='lat' dir='ltr'>possessione</span> <span class='ocrx_word' id='word_1_13' title='bbox 1099 764 1130 812; x_wconf 91' lang='lat' dir='ltr'>et</span> <span class='ocrx_word' id='word_1_14' title='bbox 1154 751 1301 814; x_wconf 90' lang='lat' dir='ltr'>dominio</span> <span class='ocrx_word' id='word_1_15' title='bbox 1333 753 1416 816; x_wconf 90' lang='lat' dir='ltr'>dicte</span> <span class='ocrx_word' id='word_1_16' title='bbox 1450 754 1544 818; x_wconf 87' lang='lat' dir='ltr'>vinee</span> <span class='ocrx_word' id='word_1_17' title='bbox 1578 755 1650 836; x_wconf 85' lang='lat' dir='ltr'>ipse</span> 
     </span>
     <span class='ocr_line' id='line_1_4' title="bbox 381 853 1651 942; baseline 0.004 -27"><span class='ocrx_word' id='word_1_18' title='bbox 381 853 507 917; x_wconf 89' lang='lat' dir='ltr'>Blasius</span> <span class='ocrx_word' id='word_1_19' title='bbox 531 854 635 916; x_wconf 92' lang='lat' dir='ltr'>cultor</span> <span class='ocrx_word' id='word_1_20' title='bbox 657 875 674 916; x_wconf 91' lang='lat' dir='ltr'>a</span> <span class='ocrx_word' id='word_1_21' title='bbox 700 855 846 936; x_wconf 88' lang='lat' dir='ltr'>pluribus</span> <span class='ocrx_word' id='word_1_22' title='bbox 869 857 1034 919; x_wconf 76' lang='lat' dir='ltr'>retroactis</span> <span class='ocrx_word' id='word_1_23' title='bbox 1050 858 1250 940; x_wconf 81' lang='lat' dir='ltr'>temporibus</span> <span class='ocrx_word' id='word_1_24' title='bbox 1273 871 1305 921; x_wconf 91' lang='lat' dir='ltr'>et</span> <span class='ocrx_word' id='word_1_25' title='bbox 1328 859 1495 941; x_wconf 87' lang='lat' dir='ltr'>hucusque</span> <span class='ocrx_word' id='word_1_26' title='bbox 1519 879 1651 942; x_wconf 85' lang='lat' dir='ltr'>semper</span> 
     </span>
     <span class='ocr_line' id='line_1_5' title="bbox 380 958 1651 1049; baseline 0.004 -27"><span class='ocrx_word' id='word_1_27' title='bbox 380 958 530 1042; x_wconf 89' lang='lat' dir='ltr'>pacificus</span> <span class='ocrx_word' id='word_1_28' title='bbox 553 973 584 1022; x_wconf 88' lang='lat' dir='ltr'>et</span> <span class='ocrx_word' id='word_1_29' title='bbox 608 961 736 1043; x_wconf 89' lang='lat' dir='ltr'>quietus</span> <span class='ocrx_word' id='word_1_30' title='bbox 756 963 931 1043; x_wconf 76' lang='lat' dir='ltr'>permansit</span> <span class='ocrx_word' id='word_1_31' title='bbox 957 963 1085 1024; x_wconf 90' lang='lat' dir='ltr'>nemine</span> <span class='ocrx_word' id='word_1_32' title='bbox 1113 965 1240 1046; x_wconf 91' lang='lat' dir='ltr'>penitus</span> <span class='ocrx_word' id='word_1_33' title='bbox 1263 966 1346 1028; x_wconf 91' lang='lat' dir='ltr'>trina</span> <span class='ocrx_word' id='word_1_34' title='bbox 1370 965 1489 1028; x_wconf 86' lang='lat' dir='ltr'>lorensi</span> <span class='ocrx_word' id='word_1_35' title='bbox 1514 966 1651 1049; x_wconf 90' lang='lat' dir='ltr'>publica</span> 
     </span>
     <span class='ocr_line' id='line_1_6' title="bbox 380 1065 1650 1154; baseline 0.005 -26"><span class='ocrx_word' id='word_1_36' title='bbox 380 1065 639 1148; x_wconf 90' lang='lat' dir='ltr'>proclamacione</span> <span class='ocrx_word' id='word_1_37' title='bbox 663 1067 835 1150; x_wconf 87' lang='lat' dir='ltr'>superinde</span> <span class='ocrx_word' id='word_1_38' title='bbox 864 1067 946 1132; x_wconf 90' lang='lat' dir='ltr'>facta</span> <span class='ocrx_word' id='word_1_39' title='bbox 978 1070 1216 1133; x_wconf 82' lang='lat' dir='ltr'>contradicente</span> <span class='ocrx_word' id='word_1_40' title='bbox 1241 1091 1300 1134; x_wconf 93' lang='lat' dir='ltr'>nec</span> <span class='ocrx_word' id='word_1_41' title='bbox 1332 1073 1441 1154; x_wconf 92' lang='lat' dir='ltr'>aliquo</span> <span class='ocrx_word' id='word_1_42' title='bbox 1466 1071 1650 1134; x_wconf 88' lang='lat' dir='ltr'>contradic·</span> 
     </span>
     <span class='ocr_line' id='line_1_7' title="bbox 379 1173 1651 1259; baseline 0.005 -26"><span class='ocrx_word' id='word_1_43' title='bbox 379 1185 447 1234; x_wconf 92' lang='lat' dir='ltr'>tore</span> <span class='ocrx_word' id='word_1_44' title='bbox 472 1173 599 1256; x_wconf 90' lang='lat' dir='ltr'>penitus</span> <span class='ocrx_word' id='word_1_45' title='bbox 615 1187 799 1256; x_wconf 79' lang='lat' dir='ltr'>apparente,</span> <span class='ocrx_word' id='word_1_46' title='bbox 824 1175 956 1256; x_wconf 92' lang='lat' dir='ltr'>ipsaque</span> <span class='ocrx_word' id='word_1_47' title='bbox 974 1175 1068 1236; x_wconf 88' lang='lat' dir='ltr'>vinea</span> <span class='ocrx_word' id='word_1_48' title='bbox 1085 1175 1229 1238; x_wconf 90' lang='lat' dir='ltr'>eiusdem</span> <span class='ocrx_word' id='word_1_49' title='bbox 1248 1177 1345 1240; x_wconf 89' lang='lat' dir='ltr'>Blasii</span> <span class='ocrx_word' id='word_1_50' title='bbox 1370 1177 1501 1240; x_wconf 88' lang='lat' dir='ltr'>cultoris</span> <span class='ocrx_word' id='word_1_51' title='bbox 1517 1197 1651 1259; x_wconf 83' lang='lat' dir='ltr'>semper</span> 
     </span>
     <span class='ocr_line' id='line_1_8' title="bbox 379 1279 1649 1366; baseline 0.004 -25"><span class='ocrx_word' id='word_1_52' title='bbox 379 1279 479 1343; x_wconf 90' lang='lat' dir='ltr'>libera</span> <span class='ocrx_word' id='word_1_53' title='bbox 504 1293 535 1342; x_wconf 92' lang='lat' dir='ltr'>et</span> <span class='ocrx_word' id='word_1_54' title='bbox 560 1281 599 1342; x_wconf 88' lang='lat' dir='ltr'>ab</span> <span class='ocrx_word' id='word_1_55' title='bbox 624 1281 714 1342; x_wconf 92' lang='lat' dir='ltr'>omni</span> <span class='ocrx_word' id='word_1_56' title='bbox 738 1281 866 1364; x_wconf 88' lang='lat' dir='ltr'>penitus</span> <span class='ocrx_word' id='word_1_57' title='bbox 890 1301 987 1344; x_wconf 91' lang='lat' dir='ltr'>censu</span> <span class='ocrx_word' id='word_1_58' title='bbox 1012 1294 1042 1343; x_wconf 90' lang='lat' dir='ltr'>ct</span> <span class='ocrx_word' id='word_1_59' title='bbox 1066 1282 1258 1344; x_wconf 92' lang='lat' dir='ltr'>condicione</span> <span class='ocrx_word' id='word_1_60' title='bbox 1289 1296 1437 1366; x_wconf 81' lang='lat' dir='ltr'>exempta</span> <span class='ocrx_word' id='word_1_61' title='bbox 1462 1297 1494 1346; x_wconf 89' lang='lat' dir='ltr'>et</span> <span class='ocrx_word' id='word_1_62' title='bbox 1518 1283 1649 1366; x_wconf 86' lang='lat' dir='ltr'>expiata</span> 
     </span>
     <span class='ocr_line' id='line_1_9' title="bbox 380 1385 1650 1472; baseline 0.002 -24"><span class='ocrx_word' id='word_1_63' title='bbox 380 1385 441 1449; x_wconf 88' lang='lat' dir='ltr'>tuit</span> <span class='ocrx_word' id='word_1_64' title='bbox 464 1400 559 1469; x_wconf 91' lang='lat' dir='ltr'>prout</span> <span class='ocrx_word' id='word_1_65' title='bbox 581 1386 754 1468; x_wconf 89' lang='lat' dir='ltr'>superinde</span> <span class='ocrx_word' id='word_1_66' title='bbox 778 1388 952 1450; x_wconf 89' lang='lat' dir='ltr'>certissime</span> <span class='ocrx_word' id='word_1_67' title='bbox 976 1387 1082 1451; x_wconf 85' lang='lat' dir='ltr'>edocti</span> <span class='ocrx_word' id='word_1_68' title='bbox 1114 1408 1224 1450; x_wconf 88' lang='lat' dir='ltr'>sumus</span> <span class='ocrx_word' id='word_1_69' title='bbox 1249 1402 1280 1452; x_wconf 92' lang='lat' dir='ltr'>et</span> <span class='ocrx_word' id='word_1_70' title='bbox 1303 1387 1478 1469; x_wconf 87' lang='lat' dir='ltr'>informati,</span> <span class='ocrx_word' id='word_1_71' title='bbox 1504 1389 1650 1472; x_wconf 88' lang='lat' dir='ltr'>ideoque</span> 
     </span>
     <span class='ocr_line' id='line_1_10' title="bbox 380 1493 1651 1576; baseline 0.002 -22"><span class='ocrx_word' id='word_1_72' title='bbox 380 1513 440 1556; x_wconf 91' lang='lat' dir='ltr'>nos</span> <span class='ocrx_word' id='word_1_73' title='bbox 464 1493 601 1556; x_wconf 87' lang='lat' dir='ltr'>eandem</span> <span class='ocrx_word' id='word_1_74' title='bbox 625 1493 751 1555; x_wconf 88' lang='lat' dir='ltr'>vineam</span> <span class='ocrx_word' id='word_1_75' title='bbox 778 1493 877 1576; x_wconf 88' lang='lat' dir='ltr'>ipsius</span> <span class='ocrx_word' id='word_1_76' title='bbox 895 1495 991 1556; x_wconf 80' lang='lat' dir='ltr'>Blasii</span> <span class='ocrx_word' id='word_1_77' title='bbox 1016 1494 1147 1556; x_wconf 89' lang='lat' dir='ltr'>cultoris</span> <span class='ocrx_word' id='word_1_78' title='bbox 1164 1495 1298 1558; x_wconf 89' lang='lat' dir='ltr'>liberam</span> <span class='ocrx_word' id='word_1_79' title='bbox 1322 1509 1353 1558; x_wconf 91' lang='lat' dir='ltr'>et</span> <span class='ocrx_word' id='word_1_80' title='bbox 1376 1497 1415 1558; x_wconf 93' lang='lat' dir='ltr'>ab</span> <span class='ocrx_word' id='word_1_81' title='bbox 1440 1496 1532 1558; x_wconf 92' lang='lat' dir='ltr'>omni</span> <span class='ocrx_word' id='word_1_82' title='bbox 1549 1515 1651 1557; x_wconf 85' lang='lat' dir='ltr'>censu</span> 
     </span>
     <span class='ocr_line' id='line_1_11' title="bbox 380 1599 1652 1684; baseline 0.002 -22"><span class='ocrx_word' id='word_1_83' title='bbox 380 1613 411 1662; x_wconf 90' lang='lat' dir='ltr'>ct</span> <span class='ocrx_word' id='word_1_84' title='bbox 435 1599 625 1662; x_wconf 89' lang='lat' dir='ltr'>condicione</span> <span class='ocrx_word' id='word_1_85' title='bbox 649 1618 776 1682; x_wconf 88' lang='lat' dir='ltr'>semper</span> <span class='ocrx_word' id='word_1_86' title='bbox 800 1600 958 1682; x_wconf 87' lang='lat' dir='ltr'>expiatam</span> <span class='ocrx_word' id='word_1_87' title='bbox 983 1614 1014 1662; x_wconf 94' lang='lat' dir='ltr'>et</span> <span class='ocrx_word' id='word_1_88' title='bbox 1046 1615 1226 1684; x_wconf 87' lang='lat' dir='ltr'>exemptam</span> <span class='ocrx_word' id='word_1_89' title='bbox 1251 1602 1282 1664; x_wconf 92' lang='lat' dir='ltr'>in</span> <span class='ocrx_word' id='word_1_90' title='bbox 1314 1603 1474 1664; x_wconf 92' lang='lat' dir='ltr'>territorio</span> <span class='ocrx_word' id='word_1_91' title='bbox 1508 1602 1652 1665; x_wconf 91' lang='lat' dir='ltr'>civitatis</span> 
     </span>
     <span class='ocr_line' id='line_1_12' title="bbox 379 1703 1653 1792; baseline 0.003 -26"><span class='ocrx_word' id='word_1_92' title='bbox 379 1703 501 1787; x_wconf 84' lang='lat' dir='ltr'>prefate</span> <span class='ocrx_word' id='word_1_93' title='bbox 525 1705 607 1767; x_wconf 92' lang='lat' dir='ltr'>inter</span> <span class='ocrx_word' id='word_1_94' title='bbox 630 1705 758 1766; x_wconf 86' lang='lat' dir='ltr'>vineam</span> <span class='ocrx_word' id='word_1_95' title='bbox 777 1706 924 1768; x_wconf 89' lang='lat' dir='ltr'>similiter</span> <span class='ocrx_word' id='word_1_96' title='bbox 947 1707 1081 1769; x_wconf 88' lang='lat' dir='ltr'>liberam</span> <span class='ocrx_word' id='word_1_97' title='bbox 1098 1708 1233 1770; x_wconf 88' lang='lat' dir='ltr'>Fabiani</span> <span class='ocrx_word' id='word_1_98' title='bbox 1250 1708 1382 1772; x_wconf 90' lang='lat' dir='ltr'>cultoris</span> <span class='ocrx_word' id='word_1_99' title='bbox 1398 1710 1438 1770; x_wconf 86' lang='lat' dir='ltr'>ab</span> <span class='ocrx_word' id='word_1_100' title='bbox 1462 1729 1527 1770; x_wconf 90' lang='lat' dir='ltr'>una</span> <span class='ocrx_word' id='word_1_101' title='bbox 1545 1723 1653 1792; x_wconf 89' lang='lat' dir='ltr'>parte,</span> 
     </span>
     <span class='ocr_line' id='line_1_13' title="bbox 380 1811 1652 1893; baseline 0.002 -20"><span class='ocrx_word' id='word_1_102' title='bbox 380 1813 420 1873; x_wconf 91' lang='lat' dir='ltr'>ab</span> <span class='ocrx_word' id='word_1_103' title='bbox 445 1811 542 1873; x_wconf 91' lang='lat' dir='ltr'>altera</span> <span class='ocrx_word' id='word_1_104' title='bbox 568 1830 645 1872; x_wconf 91' lang='lat' dir='ltr'>vero</span> <span class='ocrx_word' id='word_1_105' title='bbox 670 1824 758 1893; x_wconf 90' lang='lat' dir='ltr'>parte</span> <span class='ocrx_word' id='word_1_106' title='bbox 777 1812 858 1872; x_wconf 90' lang='lat' dir='ltr'>inter</span> <span class='ocrx_word' id='word_1_107' title='bbox 881 1813 1008 1874; x_wconf 91' lang='lat' dir='ltr'>vineam</span> <span class='ocrx_word' id='word_1_108' title='bbox 1026 1813 1284 1876; x_wconf 82' lang='lat' dir='ltr'>condicionalem</span> <span class='ocrx_word' id='word_1_109' title='bbox 1309 1814 1489 1877; x_wconf 90' lang='lat' dir='ltr'>Clementis</span> <span class='ocrx_word' id='word_1_110' title='bbox 1514 1815 1652 1877; x_wconf 91' lang='lat' dir='ltr'>cultoris</span> 
     </span>
     <span class='ocr_line' id='line_1_14' title="bbox 378 1917 1651 2003; baseline 0.002 -23"><span class='ocrx_word' id='word_1_111' title='bbox 378 1918 533 1996; x_wconf 88' lang='lat' dir='ltr'>habitam,</span> <span class='ocrx_word' id='word_1_112' title='bbox 558 1917 696 1999; x_wconf 89' lang='lat' dir='ltr'>desuper</span> <span class='ocrx_word' id='word_1_113' title='bbox 728 1919 820 1980; x_wconf 88' lang='lat' dir='ltr'>avia</span> <span class='ocrx_word' id='word_1_114' title='bbox 852 1938 967 2000; x_wconf 90' lang='lat' dir='ltr'>magna</span> <span class='ocrx_word' id='word_1_115' title='bbox 990 1933 1021 1981; x_wconf 95' lang='lat' dir='ltr'>et</span> <span class='ocrx_word' id='word_1_116' title='bbox 1042 1921 1217 2000; x_wconf 92' lang='lat' dir='ltr'>communi,</span> <span class='ocrx_word' id='word_1_117' title='bbox 1242 1919 1324 1982; x_wconf 85' lang='lat' dir='ltr'>infra</span> <span class='ocrx_word' id='word_1_118' title='bbox 1356 1940 1458 2003; x_wconf 91' lang='lat' dir='ltr'>usque</span> <span class='ocrx_word' id='word_1_119' title='bbox 1482 1920 1524 1982; x_wconf 91' lang='lat' dir='ltr'>ad</span> <span class='ocrx_word' id='word_1_120' title='bbox 1548 1921 1651 1983; x_wconf 92' lang='lat' dir='ltr'>aliam</span> 
     </span>
     <span class='ocr_line' id='line_1_15' title="bbox 378 2024 1651 2089; baseline 0.003 -5"><span class='ocrx_word' id='word_1_121' title='bbox 378 2024 464 2085; x_wconf 88' lang='lat' dir='ltr'>viam</span> <span class='ocrx_word' id='word_1_122' title='bbox 482 2042 689 2084; x_wconf 91' lang='lat' dir='ltr'>communem</span> <span class='ocrx_word' id='word_1_123' title='bbox 707 2043 739 2084; x_wconf 90' lang='lat' dir='ltr'>se</span> <span class='ocrx_word' id='word_1_124' title='bbox 764 2024 989 2087; x_wconf 87' lang='lat' dir='ltr'>extendentem</span> <span class='ocrx_word' id='word_1_125' title='bbox 1010 2025 1106 2087; x_wconf 91' lang='lat' dir='ltr'>simul</span> <span class='ocrx_word' id='word_1_126' title='bbox 1123 2045 1195 2088; x_wconf 94' lang='lat' dir='ltr'>cum</span> <span class='ocrx_word' id='word_1_127' title='bbox 1213 2027 1371 2088; x_wconf 89' lang='lat' dir='ltr'>universis</span> <span class='ocrx_word' id='word_1_128' title='bbox 1387 2026 1533 2089; x_wconf 88' lang='lat' dir='ltr'>eiusdem</span> <span class='ocrx_word' id='word_1_129' title='bbox 1550 2027 1651 2088; x_wconf 88' lang='lat' dir='ltr'>vinee</span> 
     </span>
     <span class='ocr_line' id='line_1_16' title="bbox 379 2129 1650 2213; baseline 0.004 -23"><span class='ocrx_word' id='word_1_130' title='bbox 379 2129 581 2208; x_wconf 86' lang='lat' dir='ltr'>utilitatibus,</span> <span class='ocrx_word' id='word_1_131' title='bbox 605 2129 717 2192; x_wconf 90' lang='lat' dir='ltr'>usibus</span> <span class='ocrx_word' id='word_1_132' title='bbox 741 2141 772 2191; x_wconf 92' lang='lat' dir='ltr'>et</span> <span class='ocrx_word' id='word_1_133' title='bbox 802 2131 1008 2212; x_wconf 90' lang='lat' dir='ltr'>pertinenciis</span> <span class='ocrx_word' id='word_1_134' title='bbox 1040 2132 1205 2213; x_wconf 85' lang='lat' dir='ltr'>quibusvis</span> <span class='ocrx_word' id='word_1_135' title='bbox 1238 2146 1418 2194; x_wconf 90' lang='lat' dir='ltr'>memorato</span> <span class='ocrx_word' id='word_1_136' title='bbox 1441 2133 1554 2194; x_wconf 80' lang='lat' dir='ltr'>Blasio</span> <span class='ocrx_word' id='word_1_137' title='bbox 1578 2133 1650 2194; x_wconf 93' lang='lat' dir='ltr'>cul-</span> 
     </span>
     <span class='ocr_line' id='line_1_17' title="bbox 378 2236 1652 2321; baseline 0.002 -23"><span class='ocrx_word' id='word_1_138' title='bbox 378 2237 441 2298; x_wconf 90' lang='lat' dir='ltr'>tori</span> <span class='ocrx_word' id='word_1_139' title='bbox 467 2255 502 2298; x_wconf 91' lang='lat' dir='ltr'>ac</span> <span class='ocrx_word' id='word_1_140' title='bbox 528 2256 584 2319; x_wconf 92' lang='lat' dir='ltr'>per</span> <span class='ocrx_word' id='word_1_141' title='bbox 608 2255 681 2297; x_wconf 91' lang='lat' dir='ltr'>eunt</span> <span class='ocrx_word' id='word_1_142' title='bbox 707 2236 773 2297; x_wconf 89' lang='lat' dir='ltr'>suis</span> <span class='ocrx_word' id='word_1_143' title='bbox 797 2236 970 2298; x_wconf 90' lang='lat' dir='ltr'>heredibus</span> <span class='ocrx_word' id='word_1_144' title='bbox 993 2238 1177 2300; x_wconf 91' lang='lat' dir='ltr'>racionibus</span> <span class='ocrx_word' id='word_1_145' title='bbox 1201 2253 1232 2302; x_wconf 91' lang='lat' dir='ltr'>et</span> <span class='ocrx_word' id='word_1_146' title='bbox 1255 2239 1358 2300; x_wconf 90' lang='lat' dir='ltr'>causis</span> <span class='ocrx_word' id='word_1_147' title='bbox 1381 2259 1418 2299; x_wconf 84' lang='lat' dir='ltr'>ex</span> <span class='ocrx_word' id='word_1_148' title='bbox 1441 2239 1652 2321; x_wconf 86' lang='lat' dir='ltr'>preallegatis</span> 
     </span>
     <span class='ocr_line' id='line_1_18' title="bbox 379 2341 1650 2428; baseline 0.001 -23"><span class='ocrx_word' id='word_1_149' title='bbox 379 2363 417 2406; x_wconf 84' lang='lat' dir='ltr'>ex</span> <span class='ocrx_word' id='word_1_150' title='bbox 442 2343 636 2424; x_wconf 89' lang='lat' dir='ltr'>instantique</span> <span class='ocrx_word' id='word_1_151' title='bbox 661 2343 760 2424; x_wconf 92' lang='lat' dir='ltr'>ipsius</span> <span class='ocrx_word' id='word_1_152' title='bbox 783 2341 880 2404; x_wconf 90' lang='lat' dir='ltr'>Blasii</span> <span class='ocrx_word' id='word_1_153' title='bbox 905 2343 1065 2425; x_wconf 88' lang='lat' dir='ltr'>peticione</span> <span class='ocrx_word' id='word_1_154' title='bbox 1089 2345 1258 2407; x_wconf 89' lang='lat' dir='ltr'>statuimus</span> <span class='ocrx_word' id='word_1_155' title='bbox 1281 2359 1313 2408; x_wconf 93' lang='lat' dir='ltr'>et</span> <span class='ocrx_word' id='word_1_156' title='bbox 1336 2345 1558 2406; x_wconf 88' lang='lat' dir='ltr'>commisimus</span> <span class='ocrx_word' id='word_1_157' title='bbox 1575 2366 1650 2428; x_wconf 92' lang='lat' dir='ltr'>pre-</span> 
     </span>
     <span class='ocr_line' id='line_1_19' title="bbox 334 2448 1650 2532; baseline 0.002 -22"><span class='ocrx_word' id='word_1_158' title='bbox 334 2513 338 2522; x_wconf 61' lang='lat'>,</span> <span class='ocrx_word' id='word_1_159' title='bbox 381 2449 589 2530; x_wconf 88' lang='lat' dir='ltr'>sentibusque</span> <span class='ocrx_word' id='word_1_160' title='bbox 614 2448 714 2510; x_wconf 90' lang='lat' dir='ltr'>literis</span> <span class='ocrx_word' id='word_1_161' title='bbox 738 2449 854 2509; x_wconf 89' lang='lat' dir='ltr'>nostris</span> <span class='ocrx_word' id='word_1_162' title='bbox 885 2450 977 2510; x_wconf 90' lang='lat' dir='ltr'>novis</span> <span class='ocrx_word' id='word_1_163' title='bbox 1008 2450 1263 2532; x_wconf 84' lang='lat' dir='ltr'>privilegialibus</span> <span class='ocrx_word' id='word_1_164' title='bbox 1294 2450 1486 2513; x_wconf 88' lang='lat' dir='ltr'>ratificamus</span> <span class='ocrx_word' id='word_1_165' title='bbox 1512 2465 1544 2513; x_wconf 91' lang='lat' dir='ltr'>et</span> <span class='ocrx_word' id='word_1_166' title='bbox 1569 2471 1650 2513; x_wconf 92' lang='lat' dir='ltr'>con-</span> 
     </span>
     <span class='ocr_line' id='line_1_20' title="bbox 379 2553 1650 2639; baseline 0.002 -22"><span class='ocrx_word' id='word_1_167' title='bbox 379 2554 546 2617; x_wconf 88' lang='lat' dir='ltr'>firmamus</span> <span class='ocrx_word' id='word_1_168' title='bbox 570 2553 637 2635; x_wconf 89' lang='lat' dir='ltr'>jure</span> <span class='ocrx_word' id='word_1_169' title='bbox 661 2567 818 2636; x_wconf 88' lang='lat' dir='ltr'>perpetuo</span> <span class='ocrx_word' id='word_1_170' title='bbox 850 2567 881 2615; x_wconf 95' lang='lat' dir='ltr'>et</span> <span class='ocrx_word' id='word_1_171' title='bbox 912 2556 1163 2619; x_wconf 89' lang='lat' dir='ltr'>irrevocabiliter</span> <span class='ocrx_word' id='word_1_172' title='bbox 1194 2557 1434 2639; x_wconf 87' lang='lat' dir='ltr'>possidendam,</span> <span class='ocrx_word' id='word_1_173' title='bbox 1457 2557 1650 2637; x_wconf 89' lang='lat' dir='ltr'>tenendam,</span> 
     </span>
     <span class='ocr_line' id='line_1_21' title="bbox 378 2659 1649 2746; baseline 0.003 -24"><span class='ocrx_word' id='word_1_174' title='bbox 378 2661 499 2744; x_wconf 90' lang='lat' dir='ltr'>pariter</span> <span class='ocrx_word' id='word_1_175' title='bbox 524 2673 555 2722; x_wconf 87' lang='lat' dir='ltr'>et</span> <span class='ocrx_word' id='word_1_176' title='bbox 587 2659 768 2722; x_wconf 87' lang='lat' dir='ltr'>habendam</span> <span class='ocrx_word' id='word_1_177' title='bbox 800 2680 837 2721; x_wconf 93' lang='lat' dir='ltr'>ac</span> <span class='ocrx_word' id='word_1_178' title='bbox 861 2660 946 2742; x_wconf 84' lang='lat' dir='ltr'>juxta</span> <span class='ocrx_word' id='word_1_179' title='bbox 979 2662 1203 2724; x_wconf 90' lang='lat' dir='ltr'>condicionem</span> <span class='ocrx_word' id='word_1_180' title='bbox 1238 2663 1374 2724; x_wconf 90' lang='lat' dir='ltr'>civitatis</span> <span class='ocrx_word' id='word_1_181' title='bbox 1405 2676 1574 2746; x_wconf 91' lang='lat' dir='ltr'>prenotate</span> <span class='ocrx_word' id='word_1_182' title='bbox 1604 2666 1649 2726; x_wconf 87' lang='lat' dir='ltr'>ab</span> 
     </span>
     <span class='ocr_line' id='line_1_22' title="bbox 378 2766 1649 2851; baseline 0.004 -24"><span class='ocrx_word' id='word_1_183' title='bbox 378 2766 514 2848; x_wconf 90' lang='lat' dir='ltr'>antiquo</span> <span class='ocrx_word' id='word_1_184' title='bbox 538 2767 749 2848; x_wconf 87' lang='lat' dir='ltr'>approbatam</span> <span class='ocrx_word' id='word_1_185' title='bbox 766 2767 1075 2850; x_wconf 89' lang='lat' dir='ltr'>quomodocumque</span> <span class='ocrx_word' id='word_1_186' title='bbox 1100 2769 1238 2831; x_wconf 91' lang='lat' dir='ltr'>voluerit</span> <span class='ocrx_word' id='word_1_187' title='bbox 1254 2769 1489 2851; x_wconf 90' lang='lat' dir='ltr'>disponendam</span> <span class='ocrx_word' id='word_1_188' title='bbox 1515 2771 1649 2834; x_wconf 92' lang='lat' dir='ltr'>nemine</span> 
     </span>
     <span class='ocr_line' id='line_1_23' title="bbox 378 2872 1598 2958; baseline 0.005 -25"><span class='ocrx_word' id='word_1_189' title='bbox 378 2873 507 2956; x_wconf 86' lang='lat' dir='ltr'>penitus</span> <span class='ocrx_word' id='word_1_190' title='bbox 531 2872 769 2934; x_wconf 90' lang='lat' dir='ltr'>contradicente</span> <span class='ocrx_word' id='word_1_191' title='bbox 794 2893 851 2934; x_wconf 89' lang='lat' dir='ltr'>nec</span> <span class='ocrx_word' id='word_1_192' title='bbox 877 2874 987 2955; x_wconf 91' lang='lat' dir='ltr'>aliquo</span> <span class='ocrx_word' id='word_1_193' title='bbox 1004 2875 1238 2937; x_wconf 88' lang='lat' dir='ltr'>contradictore</span> <span class='ocrx_word' id='word_1_194' title='bbox 1261 2877 1388 2957; x_wconf 91' lang='lat' dir='ltr'>penitus</span> <span class='ocrx_word' id='word_1_195' title='bbox 1412 2889 1598 2958; x_wconf 89' lang='lat' dir='ltr'>apparente.</span> 
     </span>
     <span class='ocr_line' id='line_1_24' title="bbox 485 2979 1649 3064; baseline 0.003 -24"><span class='ocrx_word' id='word_1_196' title='bbox 485 2979 563 3041; x_wconf 91' lang='lat' dir='ltr'>ltem</span> <span class='ocrx_word' id='word_1_197' title='bbox 596 2979 670 3060; x_wconf 92' lang='lat' dir='ltr'>quia</span> <span class='ocrx_word' id='word_1_198' title='bbox 695 2981 743 3040; x_wconf 92' lang='lat' dir='ltr'>vir</span> <span class='ocrx_word' id='word_1_199' title='bbox 767 2980 920 3061; x_wconf 92' lang='lat' dir='ltr'>providus</span> <span class='ocrx_word' id='word_1_200' title='bbox 948 2981 1044 3062; x_wconf 89' lang='lat' dir='ltr'>Elyas</span> <span class='ocrx_word' id='word_1_201' title='bbox 1075 2981 1196 3064; x_wconf 82' lang='lat' dir='ltr'>juratus</span> <span class='ocrx_word' id='word_1_202' title='bbox 1228 2995 1334 3043; x_wconf 91' lang='lat' dir='ltr'>noster</span> <span class='ocrx_word' id='word_1_203' title='bbox 1358 2983 1535 3044; x_wconf 89' lang='lat' dir='ltr'>modernus</span> <span class='ocrx_word' id='word_1_204' title='bbox 1560 2982 1649 3046; x_wconf 86' lang='lat' dir='ltr'>filius</span> 
     </span>
     <span class='ocr_line' id='line_1_25' title="bbox 379 3085 1650 3168; baseline 0.002 -20"><span class='ocrx_word' id='word_1_205' title='bbox 379 3085 512 3148; x_wconf 87' lang='lat' dir='ltr'>Thorne</span> <span class='ocrx_word' id='word_1_206' title='bbox 537 3100 568 3148; x_wconf 91' lang='lat' dir='ltr'>et</span> <span class='ocrx_word' id='word_1_207' title='bbox 598 3086 731 3148; x_wconf 90' lang='lat' dir='ltr'>honesta</span> <span class='ocrx_word' id='word_1_208' title='bbox 764 3086 879 3148; x_wconf 89' lang='lat' dir='ltr'>mulier</span> <span class='ocrx_word' id='word_1_209' title='bbox 911 3087 1010 3148; x_wconf 89' lang='lat' dir='ltr'>Elena</span> <span class='ocrx_word' id='word_1_210' title='bbox 1047 3102 1160 3152; x_wconf 91' lang='lat' dir='ltr'>vocata</span> <span class='ocrx_word' id='word_1_211' title='bbox 1192 3087 1257 3150; x_wconf 91' lang='lat' dir='ltr'>lilia</span> <span class='ocrx_word' id='word_1_212' title='bbox 1283 3089 1364 3150; x_wconf 90' lang='lat' dir='ltr'>Petri</span> <span class='ocrx_word' id='word_1_213' title='bbox 1397 3087 1489 3168; x_wconf 88' lang='lat' dir='ltr'>labri,</span> <span class='ocrx_word' id='word_1_214' title='bbox 1515 3109 1650 3152; x_wconf 87' lang='lat' dir='ltr'>consors</span> 
     </span>
     <span class='ocr_line' id='line_1_26' title="bbox 380 3191 1648 3277; baseline 0.005 -25"><span class='ocrx_word' id='word_1_215' title='bbox 380 3191 538 3273; x_wconf 90' lang='lat' dir='ltr'>legittima</span> <span class='ocrx_word' id='word_1_216' title='bbox 571 3191 715 3253; x_wconf 90' lang='lat' dir='ltr'>eiusdem</span> <span class='ocrx_word' id='word_1_217' title='bbox 748 3192 829 3276; x_wconf 89' lang='lat' dir='ltr'>Elye</span> <span class='ocrx_word' id='word_1_218' title='bbox 854 3191 959 3274; x_wconf 88' lang='lat' dir='ltr'>jurati,</span> <span class='ocrx_word' id='word_1_219' title='bbox 990 3194 1137 3256; x_wconf 89' lang='lat' dir='ltr'>concives</span> <span class='ocrx_word' id='word_1_220' title='bbox 1164 3195 1275 3274; x_wconf 90' lang='lat' dir='ltr'>nostri,</span> <span class='ocrx_word' id='word_1_221' title='bbox 1307 3195 1338 3255; x_wconf 93' lang='lat' dir='ltr'>id</span> <span class='ocrx_word' id='word_1_222' title='bbox 1362 3214 1419 3277; x_wconf 88' lang='lat' dir='ltr'>per</span> <span class='ocrx_word' id='word_1_223' title='bbox 1442 3193 1648 3277; x_wconf 89' lang='lat' dir='ltr'>fidedignum</span> 
     </span>
     <span class='ocr_line' id='line_1_27' title="bbox 378 3296 1648 3382; baseline 0.004 -22"><span class='ocrx_word' id='word_1_224' title='bbox 378 3311 410 3360; x_wconf 86' lang='lat' dir='ltr'>et</span> <span class='ocrx_word' id='word_1_225' title='bbox 434 3296 595 3360; x_wconf 82' lang='lat' dir='ltr'>sufficiens</span> <span class='ocrx_word' id='word_1_226' title='bbox 619 3299 838 3360; x_wconf 89' lang='lat' dir='ltr'>testimonium</span> <span class='ocrx_word' id='word_1_227' title='bbox 864 3311 1022 3362; x_wconf 88' lang='lat' dir='ltr'>certorum</span> <span class='ocrx_word' id='word_1_228' title='bbox 1044 3299 1221 3380; x_wconf 85' lang='lat' dir='ltr'>juratorum</span> <span class='ocrx_word' id='word_1_229' title='bbox 1238 3301 1420 3363; x_wconf 92' lang='lat' dir='ltr'>concivium</span> <span class='ocrx_word' id='word_1_230' title='bbox 1446 3317 1648 3382; x_wconf 90' lang='lat' dir='ltr'>nostrorum,</span> 
     </span>
     <span class='ocr_line' id='line_1_28' title="bbox 379 3403 1647 3488; baseline 0.004 -22"><span class='ocrx_word' id='word_1_231' title='bbox 379 3405 530 3467; x_wconf 89' lang='lat' dir='ltr'>videlicet</span> <span class='ocrx_word' id='word_1_232' title='bbox 555 3405 690 3466; x_wconf 89' lang='lat' dir='ltr'>Fabiani</span> <span class='ocrx_word' id='word_1_233' title='bbox 714 3403 807 3485; x_wconf 90' lang='lat' dir='ltr'>jurati</span> <span class='ocrx_word' id='word_1_234' title='bbox 825 3407 923 3466; x_wconf 89' lang='lat' dir='ltr'>nostri</span> <span class='ocrx_word' id='word_1_235' title='bbox 945 3405 1093 3467; x_wconf 91' lang='lat' dir='ltr'>moderni</span> <span class='ocrx_word' id='word_1_236' title='bbox 1112 3421 1207 3487; x_wconf 92' lang='lat' dir='ltr'>atque</span> <span class='ocrx_word' id='word_1_237' title='bbox 1231 3407 1372 3469; x_wconf 89' lang='lat' dir='ltr'>concivis</span> <span class='ocrx_word' id='word_1_238' title='bbox 1396 3408 1453 3470; x_wconf 86' lang='lat' dir='ltr'>lilii</span> <span class='ocrx_word' id='word_1_239' title='bbox 1478 3409 1647 3488; x_wconf 85' lang='lat' dir='ltr'>lobannis,</span> 
     </span>
     <span class='ocr_line' id='line_1_29' title="bbox 380 3510 1648 3596; baseline 0.005 -24"><span class='ocrx_word' id='word_1_240' title='bbox 380 3525 412 3573; x_wconf 90' lang='lat' dir='ltr'>et</span> <span class='ocrx_word' id='word_1_241' title='bbox 436 3510 545 3572; x_wconf 91' lang='lat' dir='ltr'>Jacobi</span> <span class='ocrx_word' id='word_1_242' title='bbox 571 3511 662 3572; x_wconf 91' lang='lat' dir='ltr'>aliter</span> <span class='ocrx_word' id='word_1_243' title='bbox 686 3511 789 3571; x_wconf 78' lang='lat' dir='ltr'>latini</span> <span class='ocrx_word' id='word_1_244' title='bbox 815 3512 917 3572; x_wconf 90' lang='lat' dir='ltr'>vocati</span> <span class='ocrx_word' id='word_1_245' title='bbox 942 3511 999 3572; x_wconf 87' lang='lat' dir='ltr'>filii</span> <span class='ocrx_word' id='word_1_246' title='bbox 1021 3511 1176 3574; x_wconf 87' lang='lat' dir='ltr'>lobannis</span> <span class='ocrx_word' id='word_1_247' title='bbox 1193 3513 1294 3596; x_wconf 87' lang='lat' dir='ltr'>Bolye</span> <span class='ocrx_word' id='word_1_248' title='bbox 1312 3533 1348 3575; x_wconf 94' lang='lat' dir='ltr'>ac</span> <span class='ocrx_word' id='word_1_249' title='bbox 1373 3515 1463 3576; x_wconf 87' lang='lat' dir='ltr'>Pauli</span> <span class='ocrx_word' id='word_1_250' title='bbox 1488 3515 1648 3578; x_wconf 86' lang='lat' dir='ltr'>carnificis</span> 
     </span>
     <span class='ocr_line' id='line_1_30' title="bbox 378 3615 1647 3699; baseline 0.004 -21"><span class='ocrx_word' id='word_1_251' title='bbox 378 3615 435 3679; x_wconf 88' lang='lat' dir='ltr'>filii</span> <span class='ocrx_word' id='word_1_252' title='bbox 464 3615 628 3699; x_wconf 89' lang='lat' dir='ltr'>Stephani,</span> <span class='ocrx_word' id='word_1_253' title='bbox 660 3616 784 3698; x_wconf 90' lang='lat' dir='ltr'>pridem</span> <span class='ocrx_word' id='word_1_254' title='bbox 817 3615 994 3697; x_wconf 87' lang='lat' dir='ltr'>juratorum</span> <span class='ocrx_word' id='word_1_255' title='bbox 1028 3631 1058 3679; x_wconf 93' lang='lat' dir='ltr'>et</span> <span class='ocrx_word' id='word_1_256' title='bbox 1088 3618 1270 3680; x_wconf 91' lang='lat' dir='ltr'>concivium</span> <span class='ocrx_word' id='word_1_257' title='bbox 1304 3633 1487 3682; x_wconf 90' lang='lat' dir='ltr'>nostrorum</span> <span class='ocrx_word' id='word_1_258' title='bbox 1513 3622 1647 3683; x_wconf 90' lang='lat' dir='ltr'>insede</span> 
     </span>
     <span class='ocr_line' id='line_1_31' title="bbox 381 3723 1648 3806; baseline 0.002 -20"><span class='ocrx_word' id='word_1_259' title='bbox 381 3737 489 3786; x_wconf 92' lang='lat' dir='ltr'>nostra</span> <span class='ocrx_word' id='word_1_260' title='bbox 514 3723 678 3802; x_wconf 84' lang='lat' dir='ltr'>judiciaria</span> <span class='ocrx_word' id='word_1_261' title='bbox 696 3723 779 3785; x_wconf 90' lang='lat' dir='ltr'>clare</span> <span class='ocrx_word' id='word_1_262' title='bbox 804 3737 834 3784; x_wconf 91' lang='lat' dir='ltr'>et</span> <span class='ocrx_word' id='word_1_263' title='bbox 849 3724 968 3785; x_wconf 91' lang='lat' dir='ltr'>seriose</span> <span class='ocrx_word' id='word_1_264' title='bbox 985 3725 1236 3806; x_wconf 89' lang='lat' dir='ltr'>comprobarunt</span> <span class='ocrx_word' id='word_1_265' title='bbox 1257 3745 1366 3788; x_wconf 89' lang='lat' dir='ltr'>coram</span> <span class='ocrx_word' id='word_1_266' title='bbox 1385 3727 1491 3806; x_wconf 91' lang='lat' dir='ltr'>nobis,</span> <span class='ocrx_word' id='word_1_267' title='bbox 1515 3743 1550 3789; x_wconf 91' lang='lat' dir='ltr'>ut</span> <span class='ocrx_word' id='word_1_268' title='bbox 1566 3729 1648 3790; x_wconf 92' lang='lat' dir='ltr'>dum</span> 
     </span>
     <span class='ocr_line' id='line_1_32' title="bbox 379 3829 1648 3915; baseline 0.003 -23"><span class='ocrx_word' id='word_1_269' title='bbox 379 3831 439 3912; x_wconf 93' lang='lat' dir='ltr'>ipsi</span> <span class='ocrx_word' id='word_1_270' title='bbox 464 3830 557 3912; x_wconf 91' lang='lat' dir='ltr'>jurati</span> <span class='ocrx_word' id='word_1_271' title='bbox 582 3830 731 3891; x_wconf 90' lang='lat' dir='ltr'>concives</span> <span class='ocrx_word' id='word_1_272' title='bbox 748 3829 844 3891; x_wconf 89' lang='lat' dir='ltr'>nostri</span> <span class='ocrx_word' id='word_1_273' title='bbox 868 3830 971 3892; x_wconf 91' lang='lat' dir='ltr'>Rome</span> <span class='ocrx_word' id='word_1_274' title='bbox 996 3830 1028 3891; x_wconf 92' lang='lat' dir='ltr'>in</span> <span class='ocrx_word' id='word_1_275' title='bbox 1052 3832 1144 3892; x_wconf 88' lang='lat' dir='ltr'>certis</span> <span class='ocrx_word' id='word_1_276' title='bbox 1162 3830 1251 3894; x_wconf 86' lang='lat' dir='ltr'>lactis</span> <span class='ocrx_word' id='word_1_277' title='bbox 1267 3845 1333 3893; x_wconf 90' lang='lat' dir='ltr'>tam</span> <span class='ocrx_word' id='word_1_278' title='bbox 1352 3833 1417 3893; x_wconf 93' lang='lat' dir='ltr'>suis</span> <span class='ocrx_word' id='word_1_279' title='bbox 1441 3852 1539 3915; x_wconf 93' lang='lat' dir='ltr'>quam</span> <span class='ocrx_word' id='word_1_280' title='bbox 1557 3853 1648 3896; x_wconf 90' lang='lat' dir='ltr'>com·</span> 
     </span>
     <span class='ocr_line' id='line_1_33' title="bbox 378 3934 1646 4020; baseline 0.003 -22"><span class='ocrx_word' id='word_1_281' title='bbox 378 3936 544 3998; x_wconf 89' lang='lat' dir='ltr'>munitatis</span> <span class='ocrx_word' id='word_1_282' title='bbox 568 3937 730 3996; x_wconf 89' lang='lat' dir='ltr'>constituti</span> <span class='ocrx_word' id='word_1_283' title='bbox 755 3934 897 4014; x_wconf 87' lang='lat' dir='ltr'>fuissent,</span> <span class='ocrx_word' id='word_1_284' title='bbox 922 3951 997 3998; x_wconf 93' lang='lat' dir='ltr'>tunc</span> <span class='ocrx_word' id='word_1_285' title='bbox 1023 3936 1182 4018; x_wconf 89' lang='lat' dir='ltr'>Georgius</span> <span class='ocrx_word' id='word_1_286' title='bbox 1206 3936 1290 3999; x_wconf 89' lang='lat' dir='ltr'>filius</span> <span class='ocrx_word' id='word_1_287' title='bbox 1314 3937 1428 4020; x_wconf 88' lang='lat' dir='ltr'>prelati</span> <span class='ocrx_word' id='word_1_288' title='bbox 1453 3939 1538 4001; x_wconf 90' lang='lat' dir='ltr'>Petri</span> <span class='ocrx_word' id='word_1_289' title='bbox 1563 3938 1646 4002; x_wconf 85' lang='lat' dir='ltr'>labri</span> 
     </span>
     <span class='ocr_line' id='line_1_34' title="bbox 380 4043 1646 4125; baseline 0.002 -20"><span class='ocrx_word' id='word_1_290' title='bbox 380 4043 479 4106; x_wconf 89' lang='lat' dir='ltr'>frater</span> <span class='ocrx_word' id='word_1_291' title='bbox 503 4043 637 4104; x_wconf 89' lang='lat' dir='ltr'>carnalis</span> <span class='ocrx_word' id='word_1_292' title='bbox 669 4043 767 4124; x_wconf 93' lang='lat' dir='ltr'>ipsius</span> <span class='ocrx_word' id='word_1_293' title='bbox 799 4043 899 4103; x_wconf 90' lang='lat' dir='ltr'>Elene</span> <span class='ocrx_word' id='word_1_294' title='bbox 932 4043 1075 4104; x_wconf 90' lang='lat' dir='ltr'>mulieris</span> <span class='ocrx_word' id='word_1_295' title='bbox 1106 4044 1235 4106; x_wconf 90' lang='lat' dir='ltr'>eosdem</span> <span class='ocrx_word' id='word_1_296' title='bbox 1260 4043 1380 4125; x_wconf 87' lang='lat' dir='ltr'>juratos</span> <span class='ocrx_word' id='word_1_297' title='bbox 1404 4046 1552 4107; x_wconf 86' lang='lat' dir='ltr'>concives</span> <span class='ocrx_word' id='word_1_298' title='bbox 1586 4065 1646 4108; x_wconf 90' lang='lat' dir='ltr'>no·</span> 
     </span>
     <span class='ocr_line' id='line_1_35' title="bbox 378 4148 1647 4234; baseline 0.002 -24"><span class='ocrx_word' id='word_1_299' title='bbox 378 4163 460 4211; x_wconf 91' lang='lat' dir='ltr'>stros</span> <span class='ocrx_word' id='word_1_300' title='bbox 484 4149 603 4209; x_wconf 91' lang='lat' dir='ltr'>ibidem</span> <span class='ocrx_word' id='word_1_301' title='bbox 630 4149 733 4210; x_wconf 91' lang='lat' dir='ltr'>Rome</span> <span class='ocrx_word' id='word_1_302' title='bbox 762 4149 974 4230; x_wconf 89' lang='lat' dir='ltr'>repperiendo</span> <span class='ocrx_word' id='word_1_303' title='bbox 998 4149 1120 4210; x_wconf 90' lang='lat' dir='ltr'>eisdem</span> <span class='ocrx_word' id='word_1_304' title='bbox 1145 4151 1189 4212; x_wconf 91' lang='lat' dir='ltr'>sic</span> <span class='ocrx_word' id='word_1_305' title='bbox 1212 4149 1339 4212; x_wconf 91' lang='lat' dir='ltr'>locutus</span> <span class='ocrx_word' id='word_1_306' title='bbox 1362 4148 1484 4228; x_wconf 85' lang='lat' dir='ltr'>fuisset,</span> <span class='ocrx_word' id='word_1_307' title='bbox 1518 4165 1553 4213; x_wconf 89' lang='lat' dir='ltr'>ut</span> <span class='ocrx_word' id='word_1_308' title='bbox 1577 4151 1647 4234; x_wconf 90' lang='lat' dir='ltr'>ipse</span> 
     </span>
     <span class='ocr_line' id='line_1_36' title="bbox 378 4255 1646 4338; baseline 0.001 -21"><span class='ocrx_word' id='word_1_309' title='bbox 378 4256 511 4317; x_wconf 88' lang='lat' dir='ltr'>totalem</span> <span class='ocrx_word' id='word_1_310' title='bbox 551 4273 640 4315; x_wconf 88' lang='lat' dir='ltr'>suam</span> <span class='ocrx_word' id='word_1_311' title='bbox 680 4255 867 4336; x_wconf 92' lang='lat' dir='ltr'>porcionem</span> <span class='ocrx_word' id='word_1_312' title='bbox 907 4255 1011 4337; x_wconf 92' lang='lat' dir='ltr'>ipsum</span> <span class='ocrx_word' id='word_1_313' title='bbox 1048 4256 1080 4317; x_wconf 93' lang='lat' dir='ltr'>in</span> <span class='ocrx_word' id='word_1_314' title='bbox 1114 4256 1368 4338; x_wconf 87' lang='lat' dir='ltr'>possessionibus</span> <span class='ocrx_word' id='word_1_315' title='bbox 1407 4255 1522 4338; x_wconf 84' lang='lat' dir='ltr'>prelati</span> <span class='ocrx_word' id='word_1_316' title='bbox 1559 4257 1646 4320; x_wconf 92' lang='lat' dir='ltr'>Petri</span> 
     </span>
     <span class='ocr_line' id='line_1_37' title="bbox 379 4361 1646 4446; baseline 0.002 -22"><span class='ocrx_word' id='word_1_317' title='bbox 379 4361 459 4424; x_wconf 89' lang='lat' dir='ltr'>labri</span> <span class='ocrx_word' id='word_1_318' title='bbox 494 4362 590 4443; x_wconf 88' lang='lat' dir='ltr'>patris</span> <span class='ocrx_word' id='word_1_319' title='bbox 622 4363 669 4422; x_wconf 93' lang='lat' dir='ltr'>sui</span> <span class='ocrx_word' id='word_1_320' title='bbox 695 4362 830 4422; x_wconf 89' lang='lat' dir='ltr'>carnalis</span> <span class='ocrx_word' id='word_1_321' title='bbox 853 4361 920 4443; x_wconf 81' lang='lat' dir='ltr'>jure</span> <span class='ocrx_word' id='word_1_322' title='bbox 953 4363 1146 4424; x_wconf 89' lang='lat' dir='ltr'>hereditario</span> <span class='ocrx_word' id='word_1_323' title='bbox 1178 4363 1262 4444; x_wconf 83' lang='lat' dir='ltr'>juxta</span> <span class='ocrx_word' id='word_1_324' title='bbox 1287 4363 1387 4446; x_wconf 87' lang='lat' dir='ltr'>ipsius</span> <span class='ocrx_word' id='word_1_325' title='bbox 1420 4364 1557 4426; x_wconf 89' lang='lat' dir='ltr'>civitatis</span> <span class='ocrx_word' id='word_1_326' title='bbox 1589 4385 1646 4426; x_wconf 90' lang='lat' dir='ltr'>an-</span> 
     </span>
     <span class='ocr_line' id='line_1_38' title="bbox 377 4469 1646 4551; baseline 0.002 -22"><span class='ocrx_word' id='word_1_327' title='bbox 377 4470 500 4550; x_wconf 90' lang='lat' dir='ltr'>tiquam</span> <span class='ocrx_word' id='word_1_328' title='bbox 525 4469 788 4530; x_wconf 90' lang='lat' dir='ltr'>consvetudinem</span> <span class='ocrx_word' id='word_1_329' title='bbox 813 4482 843 4530; x_wconf 92' lang='lat' dir='ltr'>et</span> <span class='ocrx_word' id='word_1_330' title='bbox 867 4469 1099 4551; x_wconf 87' lang='lat' dir='ltr'>privilegiatam</span> <span class='ocrx_word' id='word_1_331' title='bbox 1124 4469 1304 4531; x_wconf 89' lang='lat' dir='ltr'>libertatem</span> <span class='ocrx_word' id='word_1_332' title='bbox 1328 4469 1360 4530; x_wconf 94' lang='lat' dir='ltr'>in</span> <span class='ocrx_word' id='word_1_333' title='bbox 1385 4470 1547 4532; x_wconf 90' lang='lat' dir='ltr'>territorio</span> <span class='ocrx_word' id='word_1_334' title='bbox 1565 4470 1646 4532; x_wconf 93' lang='lat' dir='ltr'>civi·</span> 
     </span>
     <span class='ocr_line' id='line_1_39' title="bbox 378 4574 1647 4657; baseline 0.002 -21"><span class='ocrx_word' id='word_1_335' title='bbox 378 4575 450 4636; x_wconf 84' lang='lat' dir='ltr'>tatis</span> <span class='ocrx_word' id='word_1_336' title='bbox 483 4575 623 4656; x_wconf 90' lang='lat' dir='ltr'>predicte</span> <span class='ocrx_word' id='word_1_337' title='bbox 655 4574 816 4653; x_wconf 90' lang='lat' dir='ltr'>habitam,</span> <span class='ocrx_word' id='word_1_338' title='bbox 848 4575 905 4635; x_wconf 91' lang='lat' dir='ltr'>rite</span> <span class='ocrx_word' id='word_1_339' title='bbox 939 4587 969 4636; x_wconf 94' lang='lat' dir='ltr'>et</span> <span class='ocrx_word' id='word_1_340' title='bbox 996 4575 1153 4657; x_wconf 81' lang='lat' dir='ltr'>legittime</span> <span class='ocrx_word' id='word_1_341' title='bbox 1194 4589 1441 4638; x_wconf 90' lang='lat' dir='ltr'>concernentem</span> <span class='ocrx_word' id='word_1_342' title='bbox 1475 4595 1548 4638; x_wconf 89' lang='lat' dir='ltr'>curn</span> <span class='ocrx_word' id='word_1_343' title='bbox 1579 4578 1647 4638; x_wconf 92' lang='lat' dir='ltr'>suis</span> 
     </span>
     <span class='ocr_line' id='line_1_40' title="bbox 380 4679 1644 4764; baseline 0.002 -22"><span class='ocrx_word' id='word_1_344' title='bbox 380 4681 573 4742; x_wconf 90' lang='lat' dir='ltr'>utilitatibus</span> <span class='ocrx_word' id='word_1_345' title='bbox 603 4682 745 4762; x_wconf 89' lang='lat' dir='ltr'>predicte</span> <span class='ocrx_word' id='word_1_346' title='bbox 777 4681 877 4742; x_wconf 91' lang='lat' dir='ltr'>Elene</span> <span class='ocrx_word' id='word_1_347' title='bbox 908 4681 1010 4742; x_wconf 93' lang='lat' dir='ltr'>sorori</span> <span class='ocrx_word' id='word_1_348' title='bbox 1043 4695 1074 4742; x_wconf 91' lang='lat' dir='ltr'>et</span> <span class='ocrx_word' id='word_1_349' title='bbox 1104 4679 1228 4763; x_wconf 91' lang='lat' dir='ltr'>prefato</span> <span class='ocrx_word' id='word_1_350' title='bbox 1261 4682 1341 4764; x_wconf 87' lang='lat' dir='ltr'>Elye</span> <span class='ocrx_word' id='word_1_351' title='bbox 1373 4681 1477 4763; x_wconf 89' lang='lat' dir='ltr'>jurato</span> <span class='ocrx_word' id='word_1_352' title='bbox 1508 4683 1644 4762; x_wconf 89' lang='lat' dir='ltr'>soroti0,</span> 
     </span>
     <span class='ocr_line' id='line_1_41' title="bbox 379 4787 1645 4869; baseline 0 -21"><span class='ocrx_word' id='word_1_353' title='bbox 379 4788 453 4865; x_wconf 91' lang='lat' dir='ltr'>suis,</span> <span class='ocrx_word' id='word_1_354' title='bbox 478 4788 614 4867; x_wconf 88' lang='lat' dir='ltr'>legasset</span> <span class='ocrx_word' id='word_1_355' title='bbox 638 4801 668 4848; x_wconf 91' lang='lat' dir='ltr'>et</span> <span class='ocrx_word' id='word_1_356' title='bbox 693 4788 842 4849; x_wconf 87' lang='lat' dir='ltr'>donasset</span> <span class='ocrx_word' id='word_1_357' title='bbox 865 4787 931 4866; x_wconf 88' lang='lat' dir='ltr'>jure</span> <span class='ocrx_word' id='word_1_358' title='bbox 956 4787 1143 4868; x_wconf 88' lang='lat' dir='ltr'>perhennali</span> <span class='ocrx_word' id='word_1_359' title='bbox 1161 4787 1401 4868; x_wconf 90' lang='lat' dir='ltr'>possidendam,</span> <span class='ocrx_word' id='word_1_360' title='bbox 1426 4787 1565 4869; x_wconf 91' lang='lat' dir='ltr'>ideoque</span> <span class='ocrx_word' id='word_1_361' title='bbox 1583 4806 1645 4848; x_wconf 92' lang='lat' dir='ltr'>nos</span> 
     </span>
     <span class='ocr_line' id='line_1_42' title="bbox 380 4891 1643 4974; baseline 0.001 -22"><span class='ocrx_word' id='word_1_362' title='bbox 380 4893 557 4973; x_wconf 88' lang='lat' dir='ltr'>predictam</span> <span class='ocrx_word' id='word_1_363' title='bbox 588 4892 720 4954; x_wconf 88' lang='lat' dir='ltr'>totalem</span> <span class='ocrx_word' id='word_1_364' title='bbox 754 4893 941 4974; x_wconf 88' lang='lat' dir='ltr'>porcionem</span> <span class='ocrx_word' id='word_1_365' title='bbox 974 4892 1256 4974; x_wconf 88' lang='lat' dir='ltr'>possessionariam</span> <span class='ocrx_word' id='word_1_366' title='bbox 1286 4891 1399 4974; x_wconf 84' lang='lat' dir='ltr'>prelati</span> <span class='ocrx_word' id='word_1_367' title='bbox 1429 4891 1559 4974; x_wconf 87' lang='lat' dir='ltr'>Georgii</span> <span class='ocrx_word' id='word_1_368' title='bbox 1584 4891 1643 4953; x_wconf 86' lang='lat' dir='ltr'>filii</span> 
     </span>
     <span class='ocr_line' id='line_1_43' title="bbox 380 4997 1642 5084; baseline 0.003 -26"><span class='ocrx_word' id='word_1_369' title='bbox 380 4998 478 5080; x_wconf 86' lang='lat' dir='ltr'>ipsius</span> <span class='ocrx_word' id='word_1_370' title='bbox 512 4999 596 5062; x_wconf 89' lang='lat' dir='ltr'>Petri</span> <span class='ocrx_word' id='word_1_371' title='bbox 629 4997 728 5078; x_wconf 88' lang='lat' dir='ltr'>labri,</span> <span class='ocrx_word' id='word_1_372' title='bbox 760 5000 863 5082; x_wconf 89' lang='lat' dir='ltr'>ipsum</span> <span class='ocrx_word' id='word_1_373' title='bbox 897 4999 929 5062; x_wconf 93' lang='lat' dir='ltr'>in</span> <span class='ocrx_word' id='word_1_374' title='bbox 960 4999 1110 5084; x_wconf 91' lang='lat' dir='ltr'>predictis</span> <span class='ocrx_word' id='word_1_375' title='bbox 1143 4999 1398 5082; x_wconf 85' lang='lat' dir='ltr'>possessionibus</span> <span class='ocrx_word' id='word_1_376' title='bbox 1429 4999 1529 5084; x_wconf 88' lang='lat' dir='ltr'>ipsius</span> <span class='ocrx_word' id='word_1_377' title='bbox 1560 4999 1642 5062; x_wconf 87' lang='lat' dir='ltr'>Petri</span> 
     </span>
    </p>
   </div>
   <div class='ocr_carea' id='block_1_4' title="bbox 0 0 1844 5800">
    <p class='ocr_par' dir='ltr' id='par_1_4' title="bbox 0 0 1844 5800">
     <span class='ocr_line' id='line_1_44' title="bbox 0 0 1844 5800; baseline 0 1"><span class='ocrx_word' id='word_1_378' title='bbox 0 0 1844 5800; x_wconf 95' lang='lat' dir='ltr'> </span> 
     </span>
    </p>
   </div>
  </div>
 </body>
</html>
