3740 5810
750 517 834 568 Anno
859 507 949 586 1418.
976 545 1014 554 -
1040 524 1091 589 29.
1109 515 1193 588 julii.

457 724 535 786 Item
560 722 743 785 Anthonius
768 721 965 784 Herihouich
983 733 1092 783 contra
1116 721 1279 785 Andream
1296 723 1401 806 prImo
1418 723 1531 785 citatus
1547 741 1613 782 non

351 830 541 912 comparuit.

456 938 533 1000 Item
558 937 661 998 Katha
686 935 824 997 Picucha
856 949 965 997 contra
988 935 1176 1017 magistrum
1201 935 1399 1019 Stephanum
1431 937 1535 1018 primo
1570 937 1613 997 ci·

351 1056 415 1105 tata
439 1063 504 1104 non
530 1042 719 1124 comparuit.

459 1149 537 1211 Item
563 1147 686 1230 Gaspar
701 1148 826 1230 pridem
849 1147 969 1228 juratus
993 1161 1102 1210 contra
1120 1149 1263 1211 Blasium
1288 1147 1483 1211 Curmanich
1508 1149 1613 1230 prImo

351 1257 466 1318 citatus
498 1276 563 1317 non
589 1255 777 1337 comparuit.

459 1363 536 1424 Item
562 1361 722 1442 Georgius
748 1361 887 1423 Puchich
915 1381 989 1423 cum
1020 1361 1189 1424 sufficienti
1221 1363 1405 1424 testimonio
1431 1375 1613 1424 nostrorum

351 1471 535 1533 concivium
569 1488 676 1532 coram
709 1468 801 1530 nobis
832 1469 1064 1551 comprobavit,
1097 1470 1185 1552 quod
1218 1470 1356 1532 condam
1383 1471 1492 1531 Petrus
1516 1470 1613 1530 Meri·

351 1577 478 1639 chichin
504 1577 617 1656 dictus,
646 1595 721 1636 suus
745 1574 855 1636 fuisset
878 1577 1146 1656 consanguineus.

457 1685 533 1746 Item
561 1682 743 1745 Petriarcha
767 1697 876 1744 contra
903 1682 1088 1744 Ladislaum
1112 1682 1235 1764 pridem
1261 1683 1400 1764 juratum
1432 1682 1536 1764 primo
1570 1681 1613 1742 ci-

350 1805 434 1854 tatus
458 1811 523 1852 non
548 1790 738 1872 comparuit.

457 1898 535 1959 Item
560 1896 743 1958 Anthonius
767 1895 964 1958 Cumechich
988 1896 1093 1978 primo
1126 1895 1239 1958 citatus
1271 1915 1336 1957 non
1363 1896 1551 1978 comparuit.

385 2051 389 2058 .
459 2005 537 2066 Item
573 2003 719 2064 Thomas
751 2016 858 2082 sutor,
890 2003 999 2064 Bartol
1030 2003 1176 2072 similiter
1208 2015 1306 2082 sutor,
1338 2003 1457 2064 Paulus
1488 2003 1614 2084 sagipar

352 2125 460 2172 contra
486 2110 657 2172 Nicolaum
681 2123 820 2170 sutorem
847 2109 950 2191 prImo
975 2109 1061 2170 citati
1086 2128 1150 2169 non
1176 2123 1433 2191 comparuerunt.

458 2217 537 2278 Item
570 2235 697 2278 causam
730 2215 810 2276 inter
849 2215 982 2276 Paulum
1015 2214 1169 2294 Naglicha
1195 2228 1226 2276 et
1257 2215 1456 2297 Stephanum
1488 2215 1613 2298 pridem

353 2323 490 2405 juratum
514 2322 553 2384 ad
578 2341 690 2404 pacem
713 2335 901 2402 receperunt
923 2340 1025 2402 usque
1049 2321 1188 2402 primurn
1213 2321 1379 2402 judicium.

457 2428 535 2490 Item
560 2427 721 2489 Iohannes
751 2442 781 2489 et
813 2427 978 2488 Emericus
1010 2427 1183 2489 Brumnich
1216 2427 1303 2510 dicti,
1335 2447 1408 2490 cum
1440 2426 1612 2490 sufficienti

352 2535 539 2597 testimonio
564 2554 670 2596 coram
703 2535 796 2595 nobis
829 2535 1091 2615 comprobarunt,
1114 2535 1202 2615 quod
1235 2554 1306 2596 cum
1332 2534 1461 2596 Andrea
1486 2535 1612 2617 pridem

353 2641 459 2724 judice
485 2643 516 2702 in
541 2661 635 2702 causa
660 2641 742 2702 inter
768 2641 854 2722 ipsos
881 2654 1023 2701 vertente
1047 2640 1176 2721 plenam
1209 2660 1321 2721 pacem
1345 2640 1530 2702 habuissent
1554 2660 1613 2723 pro

352 2760 425 2810 octo
450 2747 556 2830 pensis
580 2747 797 2826 denariorum,
822 2760 852 2807 et
876 2746 997 2808 ibidem
1019 2747 1280 2828 comprobarunt,
1313 2747 1401 2828 quod
1426 2766 1464 2808 ex
1488 2747 1610 2808 eisdem

353 2867 425 2918 octo
450 2855 565 2934 pensis,
591 2875 643 2915 sex
668 2854 903 2936 persolvissent,
929 2866 959 2916 et
983 2853 1069 2915 idern
1094 2853 1238 2914 Andreas
1263 2853 1302 2915 de
1320 2853 1411 2914 dictis
1436 2873 1489 2915 sex
1505 2854 1613 2936 pensis

353 2974 522 3024 contentus
545 2959 656 3022 luisset
679 2973 774 3041 prout
806 2980 889 3021 unus
920 2979 958 3020 ex
992 2959 1125 3020 testibus
1149 2959 1229 3020 dirit
1261 2979 1368 3021 coram
1394 2978 1459 3040 quo
1484 2957 1614 3022 fuerunt

352 3067 523 3150 persolute,
556 3067 617 3128 hoc
648 3066 740 3147 jurati
773 3065 1006 3148 adjudicarunt,
1039 3079 1069 3126 et
1097 3065 1182 3126 idem
1216 3066 1360 3127 Andreas
1385 3065 1424 3127 de
1449 3066 1613 3148 premissis

355 3193 419 3235 non
448 3174 631 3254 (contentus
655 3174 695 3236 ad
720 3173 868 3255 antiquos
892 3172 1013 3254 judices
1037 3171 1233 3254 appellavit).

434 3391 530 3466 Faria
558 3401 656 3466 sexta
685 3397 838 3483 proxima
867 3402 942 3482 post
970 3395 1094 3466 festum
1127 3395 1214 3465 beati
1244 3393 1362 3482 Jacohi
1391 3394 1546 3482 apostoli.

892 3547 956 3622 (29.
973 3549 1070 3622 julii).

462 3686 559 3760 Quod
584 3687 659 3768 quia
693 3685 805 3748 Gallus
838 3687 981 3748 literatus
1012 3685 1096 3748 lilius
1124 3685 1289 3747 Michaelis
1321 3686 1359 3746 de
1385 3685 1507 3746 Achina
1539 3705 1614 3748 cum

355 3793 520 3872 fidedigno
552 3793 737 3854 testimonio
770 3812 877 3854 coram
910 3793 1003 3854 nobis
1035 3792 1266 3874 comprobavit,
1299 3792 1388 3874 quod
1419 3793 1479 3854 sibi
1504 3807 1613 3855 nostra

355 3899 577 3977 communitas,
603 3899 680 3960 alias
704 3900 763 3960 sibi
789 3899 961 3980 quemdam
993 3899 1128 3960 fundum
1163 3919 1299 3960 vacuum
1336 3899 1417 3962 inter
1442 3899 1558 3962 fundos
1582 3915 1616 3964 et

355 4005 458 4068 curias
482 4003 611 4065 Thome
635 4005 750 4066 sutoris
775 4004 927 4067 Ochwirlr
953 4019 982 4066 et
1014 4005 1151 4067 condam
1177 4004 1302 4085 Crisan,
1326 4005 1466 4067 mediam
1491 4007 1613 4068 curiam

356 4110 552 4188 vendiderat,
577 4124 608 4172 et
630 4124 739 4192 postea
765 4113 830 4193 ipse
860 4110 974 4173 Gallus
1004 4111 1144 4174 eundem
1169 4110 1306 4173 fundum
1338 4133 1395 4195 pro
1420 4114 1485 4175 alio
1510 4112 1613 4177 fundo

354 4216 483 4278 Andree
507 4217 617 4279 sartori
643 4237 701 4300 pro
725 4237 788 4279 una
812 4231 933 4299 quarta,
958 4238 1020 4300 que
1046 4218 1183 4280 condam
1209 4217 1404 4281 szenicha
1429 4219 1556 4302 prefuit,
1583 4236 1615 4284 et

355 4323 456 4384 eciam
480 4323 652 4385 medietate
676 4323 792 4385 domus
816 4337 846 4386 et
870 4325 1001 4404 cellarii,
1031 4325 1105 4387 ideo
1129 4325 1231 4406 ipsam
1255 4339 1400 4406 quartam
1429 4327 1514 4388 curie
1540 4347 1613 4389 cum

354 4429 525 4491 medietate
549 4429 664 4491 domus
688 4442 718 4491 et
742 4430 862 4491 cellarii
887 4430 992 4492 eidem
1017 4429 1112 4492 Gallo
1136 4432 1304 4492 statuimus
1330 4431 1567 4514 possidendam.

462 4535 560 4609 Quod
585 4536 659 4617 quia
692 4537 723 4597 in
747 4549 938 4599 testamento
971 4537 1108 4600 condam
1139 4537 1295 4600 Anthonii
1327 4539 1442 4600 sutoris
1474 4539 1615 4602 vidimus

355 4641 522 4721 contineri,
547 4642 634 4723 quod
660 4641 736 4703 dum
763 4643 848 4704 idem
873 4643 1056 4706 Anthonius
1091 4645 1121 4706 in
1148 4646 1295 4706 extremis
1319 4646 1504 4725 laborasset,
1536 4658 1613 4709 tunc

355 4746 489 4809 domum
514 4767 604 4808 suam
629 4748 710 4809 inter
735 4749 849 4810 domos
873 4765 903 4810 et
927 4749 1044 4812 fundos
1068 4751 1234 4812 Benedicti
1266 4752 1382 4814 sutoris
1406 4752 1611 4815 lwanlrouich

355 4868 386 4915 et
410 4853 585 4916 liberorum
603 4855 738 4916 condam
759 4855 941 4937 Ozmonog,
959 4876 1056 4918 unam
1078 4871 1220 4938 quartam
1247 4859 1343 4936 curie,
1369 4859 1483 4938 Agneti
1502 4859 1612 4922 relicte

355 4970 386 5022 et
412 4959 513 5021 Elene
538 4958 603 5022 filie
628 4961 692 5022 suis
717 4964 851 5042 legasset
875 4982 940 5043 quo
966 4964 1132 5041 advitam,
1157 4978 1187 5025 et
1211 4964 1277 5046 ipsa
1295 4964 1394 5027 Elena
1419 4968 1614 5045 mortuaad
