3740 5810
558 543 645 600 Anno
668 556 759 619 1432.
784 575 824 585 -
851 556 901 602 22.
917 543 1069 617 januarii.
1384 561 1438 620 151

284 753 366 815 Item
391 753 465 835 quia
483 753 639 816 Martinus
655 765 743 814 sutor
759 751 844 815 filius
869 752 1000 834 Georgii
1018 753 1058 814 ad
1075 753 1298 816 redimendam
1322 753 1442 816 medie·

172 873 277 923 tatem
310 860 477 922 cuiusdam
509 859 601 922 fundi
626 873 657 920 et
687 859 803 921 domus
831 861 863 921 in
895 860 966 921 vico
991 860 1138 922 exteriori
1171 874 1327 939 sutorum,
1360 861 1443 922 inter

172 968 293 1029 domos
318 981 349 1029 et
366 967 484 1029 fundos
501 966 634 1049 Georgii
658 967 733 1028 dicti
751 967 816 1028 lsac
833 967 950 1028 sutoris
973 968 1012 1028 ab
1038 986 1111 1045 una,
1129 981 1160 1028 et
1176 981 1264 1049 parte
1282 969 1322 1028 ab
1340 968 1439 1029 altera

173 1073 288 1137 relicte
312 1074 434 1136 Vrbani
458 1073 575 1136 sutoris
598 1073 698 1136 babiti
720 1086 751 1135 et
774 1073 947 1151 existentis,
973 1093 1070 1134 unam
1088 1087 1234 1155 quartam
1260 1074 1292 1134 in
1317 1093 1350 1134 se
1366 1093 1443 1135 con·

170 1181 326 1259 tinentia,
359 1199 456 1262 quam
487 1180 608 1242 scilicet
638 1179 774 1241 domum
814 1192 845 1242 et
877 1177 1015 1240 fundum
1048 1179 1194 1262 Mathyas
1229 1193 1317 1240 sotor
1357 1178 1441 1241 filius

174 1286 330 1368 Gregorii
354 1285 496 1348 habitare
520 1299 552 1347 et
575 1284 739 1368 possidere
755 1285 942 1364 dinoscitur,
967 1299 997 1346 et
1022 1284 1062 1346 ad
1087 1285 1314 1367 deponendam
1339 1286 1441 1367 ipsam

173 1393 350 1476 pecuniam
374 1411 433 1474 pro
460 1413 523 1474 qua
547 1393 615 1474 ipsa
639 1392 794 1454 medietas
813 1392 928 1453 redimi
952 1391 1082 1453 deberet
1099 1391 1139 1452 ad
1164 1391 1442 1474 persolvendaque

175 1501 272 1580 plura
298 1500 387 1561 dacia
413 1513 444 1561 et
467 1499 618 1562 collectas
642 1499 680 1559 de
705 1497 818 1561 eadem
842 1498 1014 1561 medietate
1032 1499 1149 1560 domus
1172 1511 1203 1560 et
1227 1497 1330 1577 fundi,
1355 1498 1442 1559 etad

176 1605 577 1686 exhibendasvigilaturas
601 1619 632 1667 et
648 1603 906 1666 contributiones
930 1625 947 1664 a
972 1603 1085 1686 viginti
1109 1605 1211 1666 tribus
1235 1603 1337 1682 annis,
1361 1605 1443 1666 trina

174 1711 298 1772 forensi
334 1730 445 1793 ymmo
469 1730 506 1772 ex
542 1710 838 1792 superhabundanti
871 1723 983 1792 quarta
1007 1709 1125 1772 forensi
1157 1709 1287 1792 publica
1319 1710 1443 1789 procla-

174 1817 326 1878 matione
351 1815 432 1879 facta
456 1817 628 1900 superinde
649 1836 715 1878 non
741 1816 827 1878 venit
844 1835 949 1899 neque
973 1815 1060 1877 misit
1075 1815 1219 1897 aliquem
1243 1835 1301 1898 pro
1325 1835 1369 1895 se,
1387 1816 1444 1879 sed

177 1943 256 1984 sea
290 1921 370 1984 facie
401 1923 490 2004 juris,
521 1923 711 2005 justicieque
746 1923 874 2006 penitus
905 1922 1100 1999 absentavit3
1136 1935 1167 1984 et
1197 1922 1273 2004 quia
1303 1920 1444 2004 prefatus

176 2029 330 2112 Mathyas
354 2044 442 2090 sutor
466 2051 483 2090 a
508 2049 644 2092 numero
668 2049 826 2091 annorum
848 2029 1065 2112 predictorum
1089 2041 1120 2091 et
1142 2048 1244 2110 usque
1268 2049 1353 2090 nunc
1378 2029 1444 2091 col·

173 2136 288 2214 lectas,
312 2135 402 2198 dacia
427 2151 457 2197 et
481 2136 667 2218 vigilaturas
690 2155 726 2198 ac
744 2135 996 2198 contribucionis
1020 2148 1051 2196 et
1074 2135 1136 2197 alia
1154 2135 1263 2196 omnia
1288 2135 1396 2197 debita
1414 2147 1444 2196 et

173 2257 364 2324 opportuna
386 2243 519 2304 servicia
537 2262 626 2304 more
651 2256 682 2304 et
705 2242 846 2304 adinstar
862 2255 1040 2304 ceterorum
1059 2241 1241 2304 concivium
1262 2255 1444 2303 nostrorum

173 2349 219 2436 de
243 2349 387 2431 predicta
412 2349 584 2411 medietate
616 2349 733 2410 domus
756 2362 787 2410 et
811 2347 914 2427 fundi,
946 2367 1044 2430 quam
1077 2348 1144 2430 ipse
1177 2347 1332 2409 Martinus
1356 2361 1444 2408 sutor

175 2456 340 2518 redimere
365 2457 537 2536 debuisset,
554 2455 715 2518 veniendo
736 2455 835 2518 nostri
860 2455 892 2516 in
911 2455 1053 2516 medium
1075 2453 1228 2536 persolvit
1245 2467 1275 2516 et
1300 2453 1444 2516 exhibuit

175 2577 214 2625 ut
239 2564 362 2642 debuit,
387 2563 526 2644 ideoque
543 2583 602 2624 nos
618 2563 794 2645 predictam
815 2561 1019 2624 medietatem
1036 2561 1135 2643 ipsius
1152 2561 1268 2622 domus
1292 2575 1323 2622 et
1340 2559 1444 2640 fundi,

174 2689 291 2754 ymmo
315 2670 503 2751 premissam
527 2683 627 2731 totam
653 2669 786 2730 domum
812 2682 843 2730 et
865 2667 1002 2730 fundum
1026 2669 1121 2730 unius
1145 2680 1255 2749 quarte
1280 2686 1354 2728 cum
1377 2668 1442 2728 suis

175 2776 385 2859 pertinenciis
402 2775 544 2858 predicto
557 2775 686 2858 Mathye
700 2775 799 2837 sutori
816 2774 985 2836 statuimus
998 2787 1153 2855 perpetuo
1171 2773 1396 2855 possidendam
1409 2787 1440 2834 et

176 2883 487 2966 quomodocumque
501 2882 640 2944 voluerit
661 2881 907 2964 disponendam,
921 2881 1178 2942 contradictione
1188 2877 1301 2962 prefati
1313 2879 1442 2941 Martini

181 2991 300 3052 sutoris
324 3002 356 3051 et
379 2989 515 3051 aliorum
533 2988 753 3070 quorumlibet
781 3006 846 3048 non
870 2989 1015 3048 obstante
1033 3005 1137 3068 neque
1162 2986 1293 3048 obviare
1317 2986 1442 3047 valente

177 3095 460 3158 consvetudinaria
474 3095 544 3177 lege
558 3109 588 3156 et
602 3094 800 3177 privilegiata
810 3094 955 3156 libertate
965 3093 1100 3154 civitatis
1113 3091 1233 3174 prefate
1248 3093 1442 3174 requirente.

204 3313 304 3387 Faria
334 3317 440 3387 tercia
467 3317 622 3404 proxima
651 3321 728 3404 post
755 3313 877 3386 testum
906 3315 1002 3386 beate
1030 3311 1168 3403 Agnetis
1196 3316 1339 3402 virginis
1367 3323 1400 3386 et

726 3441 890 3510 martiris.

678 3589 744 3670 (22.
760 3591 935 3672 januaris).

285 3732 365 3794 Item
391 3731 566 3814 Elyzabetb
591 3731 675 3793 dicta
700 3731 844 3792 Dobrota
862 3730 925 3792 filia
943 3732 1038 3809 Petri,
1064 3731 1174 3794 relicta
1197 3732 1336 3794 condam
1354 3732 1440 3794 Galli

179 3839 236 3901 filii
261 3838 392 3900 Andree
416 3851 447 3899 et
470 3838 607 3900 Martina
620 3857 711 3898 soror
734 3837 834 3919 ipsius
852 3837 936 3899 Galli
962 3838 1053 3898 aliter
1077 3836 1192 3898 Vrsula
1217 3851 1340 3916 vocata,
1357 3857 1443 3899 nunc

178 3964 311 4008 consors
337 3944 494 4005 Francisci
518 3943 636 4022 claudi,
665 3944 697 4004 in
722 3943 797 4005 sede
830 3957 937 4005 nostra
968 3942 1134 4024 judiciaria
1159 3962 1265 4004 coram
1291 3943 1384 4004 nobis
1409 3943 1442 4004 iu

177 4052 311 4135 judici0,
329 4051 569 4133 composicione
592 4051 769 4132 proborum
786 4051 928 4111 virorum
946 4049 1118 4126 mediante,
1135 4050 1180 4110 sic
1202 4048 1350 4110 benivole
1368 4068 1444 4110 con-

179 4158 365 4236 cordarunt,
390 4156 477 4238 quod
502 4156 657 4218 medietas
681 4157 772 4217 vinee
797 4169 827 4217 et
851 4156 929 4216 silve
955 4155 1053 4236 ipsius
1078 4153 1175 4234 Galli,
1200 4155 1340 4236 predicte
1366 4155 1443 4237 Ely-

180 4263 295 4326 zabeth
322 4263 450 4324 mulieri
475 4263 583 4324 relicte
615 4262 715 4344 ipsius
743 4260 829 4323 Galli
862 4263 954 4323 cessit
986 4261 1160 4322 dividenda
1185 4276 1216 4322 et
1239 4261 1444 4343 possidenda,

180 4371 241 4432 alia
266 4383 376 4430 autem
401 4368 555 4430 medietas
583 4368 727 4430 eiusdem
759 4369 851 4429 vinee
883 4382 914 4429 et
938 4368 1016 4428 silve
1048 4368 1142 4428 cessit
1166 4382 1197 4428 et
1220 4367 1349 4429 devenit
1373 4388 1443 4450 pre-

180 4475 241 4538 fate
267 4476 416 4554 Martine,
440 4474 552 4536 Vrsule
577 4475 669 4536 aliter
694 4489 815 4553 vocate,
833 4472 1005 4534 dividenda
1024 4487 1055 4534 et
1071 4473 1283 4555 possidenda;
1308 4488 1338 4533 et
1363 4473 1440 4534 dum

181 4582 342 4644 dividetur
365 4581 459 4642 vinea
484 4595 514 4642 et
538 4581 616 4643 silva
640 4581 793 4662 predicta,
817 4593 894 4641 tunc
910 4581 1050 4662 predicta
1077 4579 1252 4663 Elyzabeth
1271 4580 1366 4642 habet
1383 4581 1440 4642 eli-

185 4708 257 4769 gere
282 4688 371 4770 prius
394 4687 581 4769 porcionem
606 4707 706 4749 suam.

287 4794 366 4855 item
384 4793 459 4874 quia
477 4793 652 4855 Katherina
669 4795 778 4855 relicta
796 4794 933 4855 condam
952 4792 1106 4854 Johannis
1124 4791 1341 4853 Theuthonici
1359 4792 1443 4852 auri-

185 4899 276 4980 fabri,
299 4900 356 4962 filii
382 4900 478 4978 Petri,
503 4901 534 4960 id
567 4919 639 4961 cum
671 4898 842 4962 sufficienti
875 4913 906 4961 et
929 4898 1093 4981 fidedigno
1126 4913 1306 4959 nostrorum
1339 4899 1444 4959 conci-

185 5007 270 5070 vium
291 5007 479 5072 testimouio
504 5005 635 5072 insede
660 5020 768 5070 nostra
793 5005 958 5090 judiciaria
984 5006 1066 5070 clare
1092 5004 1313 5092 comprobavit
1338 5024 1443 5068 coram
