<?xml version="1.0" encoding="UTF-8"?>
<!DOCTYPE html PUBLIC "-//W3C//DTD XHTML 1.0 Transitional//EN"
    "http://www.w3.org/TR/xhtml1/DTD/xhtml1-transitional.dtd">
<html xmlns="http://www.w3.org/1999/xhtml" xml:lang="en" lang="en">
 <head>
  <title>
</title>
<meta http-equiv="Content-Type" content="text/html;charset=utf-8" />
  <meta name='ocr-system' content='tesseract 3.04.00' />
  <meta name='ocr-capabilities' content='ocr_page ocr_carea ocr_par ocr_line ocrx_word'/>
</head>
<body>
  <div class='ocr_page' id='page_1' title='image "./monumentahistor14laszgoog_0177.png"; bbox 0 0 3740 5810; ppageno 0'>
   <div class='ocr_carea' id='block_1_1' title="bbox 547 569 1449 654">
    <p class='ocr_par' dir='ltr' id='par_1_1' title="bbox 547 569 1449 654">
     <span class='ocr_line' id='line_1_1' title="bbox 547 569 1449 654; baseline 0.008 -28"><span class='ocrx_word' id='word_1_1' title='bbox 547 569 633 626; x_wconf 81' lang='lat' dir='ltr'><strong>Anno</strong></span> <span class='ocrx_word' id='word_1_2' title='bbox 660 583 751 648; x_wconf 75' lang='lat'><em>1430.</em></span> <span class='ocrx_word' id='word_1_3' title='bbox 775 603 819 614; x_wconf 92' lang='lat'><em>-</em></span> <span class='ocrx_word' id='word_1_4' title='bbox 841 584 892 648; x_wconf 78' lang='lat'><strong>24.</strong></span> <span class='ocrx_word' id='word_1_5' title='bbox 918 570 1092 632; x_wconf 80' lang='lat' dir='ltr'><em>novembris.</em></span> <span class='ocrx_word' id='word_1_6' title='bbox 1391 591 1449 654; x_wconf 83' lang='lat'><strong>¹29</strong></span> 
     </span>
    </p>
   </div>
   <div class='ocr_carea' id='block_1_2' title="bbox 156 778 1505 5113">
    <p class='ocr_par' dir='ltr' id='par_1_2' title="bbox 179 778 1505 2882">
     <span class='ocr_line' id='line_1_2' title="bbox 179 778 1449 862; baseline 0.006 -24"><span class='ocrx_word' id='word_1_7' title='bbox 179 778 321 841; x_wconf 89' lang='lat' dir='ltr'><strong>civitatis</strong></span> <span class='ocrx_word' id='word_1_8' title='bbox 344 779 464 862; x_wconf 88' lang='lat' dir='ltr'><strong>prefate</strong></span> <span class='ocrx_word' id='word_1_9' title='bbox 497 781 579 844; x_wconf 91' lang='lat' dir='ltr'><strong>inter</strong></span> <span class='ocrx_word' id='word_1_10' title='bbox 610 785 721 844; x_wconf 89' lang='lat' dir='ltr'><strong>vineas</strong></span> <span class='ocrx_word' id='word_1_11' title='bbox 752 793 783 844; x_wconf 89' lang='lat' dir='ltr'><strong>et</strong></span> <span class='ocrx_word' id='word_1_12' title='bbox 812 781 908 842; x_wconf 87' lang='lat' dir='ltr'><strong>silvas</strong></span> <span class='ocrx_word' id='word_1_13' title='bbox 938 781 1114 845; x_wconf 89' lang='lat' dir='ltr'><strong>liberorum</strong></span> <span class='ocrx_word' id='word_1_14' title='bbox 1148 783 1286 845; x_wconf 90' lang='lat' dir='ltr'><strong>condam</strong></span> <span class='ocrx_word' id='word_1_15' title='bbox 1311 784 1449 846; x_wconf 87' lang='lat' dir='ltr'><strong>Janzlini</strong></span> 
     </span>
     <span class='ocr_line' id='line_1_3' title="bbox 181 885 1448 971; baseline 0.006 -26"><span class='ocrx_word' id='word_1_16' title='bbox 181 885 324 966; x_wconf 89' lang='lat' dir='ltr'><strong>lapicide</strong></span> <span class='ocrx_word' id='word_1_17' title='bbox 348 886 424 948; x_wconf 93' lang='lat' dir='ltr'><strong>dicti</strong></span> <span class='ocrx_word' id='word_1_18' title='bbox 449 887 554 969; x_wconf 87' lang='lat' dir='ltr'><strong>parler</strong></span> <span class='ocrx_word' id='word_1_19' title='bbox 578 907 616 950; x_wconf 85' lang='lat' dir='ltr'><strong>ex</strong></span> <span class='ocrx_word' id='word_1_20' title='bbox 639 907 703 950; x_wconf 86' lang='lat' dir='ltr'><strong>una</strong></span> <span class='ocrx_word' id='word_1_21' title='bbox 727 902 817 970; x_wconf 90' lang='lat' dir='ltr'><strong>parte</strong></span> <span class='ocrx_word' id='word_1_22' title='bbox 841 887 992 950; x_wconf 87' lang='lat' dir='ltr'><strong>videlicet</strong></span> <span class='ocrx_word' id='word_1_23' title='bbox 1018 889 1284 971; x_wconf 83' lang='lat' dir='ltr'>septemtrionali,</span> <span class='ocrx_word' id='word_1_24' title='bbox 1309 903 1340 950; x_wconf 92' lang='lat' dir='ltr'><strong>et</strong></span> <span class='ocrx_word' id='word_1_25' title='bbox 1364 891 1448 952; x_wconf 89' lang='lat' dir='ltr'><strong>viam</strong></span> 
     </span>
     <span class='ocr_line' id='line_1_4' title="bbox 180 993 1450 1076; baseline 0.003 -22"><span class='ocrx_word' id='word_1_26' title='bbox 180 1011 392 1054; x_wconf 89' lang='lat' dir='ltr'><strong>communem</strong></span> <span class='ocrx_word' id='word_1_27' title='bbox 418 993 458 1054; x_wconf 90' lang='lat' dir='ltr'><strong>ab</strong></span> <span class='ocrx_word' id='word_1_28' title='bbox 483 993 632 1056; x_wconf 83' lang='lat' dir='ltr'>orientali</span> <span class='ocrx_word' id='word_1_29' title='bbox 657 1007 746 1076; x_wconf 89' lang='lat' dir='ltr'><strong>parte</strong></span> <span class='ocrx_word' id='word_1_30' title='bbox 769 1013 806 1056; x_wconf 90' lang='lat' dir='ltr'><strong>ac</strong></span> <span class='ocrx_word' id='word_1_31' title='bbox 834 993 974 1056; x_wconf 90' lang='lat' dir='ltr'><strong>rivulum</strong></span> <span class='ocrx_word' id='word_1_32' title='bbox 999 995 1039 1056; x_wconf 90' lang='lat' dir='ltr'><strong>ab</strong></span> <span class='ocrx_word' id='word_1_33' title='bbox 1071 995 1237 1057; x_wconf 89' lang='lat' dir='ltr'><strong>occidente</strong></span> <span class='ocrx_word' id='word_1_34' title='bbox 1262 995 1294 1057; x_wconf 91' lang='lat' dir='ltr'><strong>in</strong></span> <span class='ocrx_word' id='word_1_35' title='bbox 1320 996 1450 1058; x_wconf 89' lang='lat' dir='ltr'><strong>modico</strong></span> 
     </span>
     <span class='ocr_line' id='line_1_5' title="bbox 181 1099 1449 1184; baseline 0.002 -24"><span class='ocrx_word' id='word_1_36' title='bbox 181 1112 294 1162; x_wconf 89' lang='lat' dir='ltr'><strong>tamen</strong></span> <span class='ocrx_word' id='word_1_37' title='bbox 319 1100 429 1182; x_wconf 89' lang='lat' dir='ltr'><strong>spacio</strong></span> <span class='ocrx_word' id='word_1_38' title='bbox 453 1101 544 1182; x_wconf 92' lang='lat' dir='ltr'><strong>quasi</strong></span> <span class='ocrx_word' id='word_1_39' title='bbox 561 1099 603 1162; x_wconf 94' lang='lat' dir='ltr'><strong>ad</strong></span> <span class='ocrx_word' id='word_1_40' title='bbox 626 1099 873 1162; x_wconf 81' lang='lat' dir='ltr'>meridionalem</span> <span class='ocrx_word' id='word_1_41' title='bbox 894 1100 1111 1182; x_wconf 90' lang='lat' dir='ltr'><strong>procedendo,</strong></span> <span class='ocrx_word' id='word_1_42' title='bbox 1129 1101 1196 1182; x_wconf 91' lang='lat' dir='ltr'><strong>ipsa</strong></span> <span class='ocrx_word' id='word_1_43' title='bbox 1220 1101 1271 1162; x_wconf 91' lang='lat' dir='ltr'><strong>via</strong></span> <span class='ocrx_word' id='word_1_44' title='bbox 1289 1121 1361 1164; x_wconf 93' lang='lat' dir='ltr'><strong>cum</strong></span> <span class='ocrx_word' id='word_1_45' title='bbox 1379 1123 1449 1184; x_wconf 89' lang='lat' dir='ltr'><strong>pre-</strong></span> 
     </span>
     <span class='ocr_line' id='line_1_6' title="bbox 182 1205 1449 1289; baseline 0.002 -23"><span class='ocrx_word' id='word_1_46' title='bbox 182 1205 272 1268; x_wconf 88' lang='lat' dir='ltr'><strong>dicto</strong></span> <span class='ocrx_word' id='word_1_47' title='bbox 298 1206 404 1268; x_wconf 87' lang='lat' dir='ltr'><strong>rivulo</strong></span> <span class='ocrx_word' id='word_1_48' title='bbox 428 1225 462 1267; x_wconf 88' lang='lat' dir='ltr'><strong>se</strong></span> <span class='ocrx_word' id='word_1_49' title='bbox 485 1205 735 1287; x_wconf 77' lang='lat' dir='ltr'><strong>conjungentem</strong></span> <span class='ocrx_word' id='word_1_50' title='bbox 761 1205 895 1284; x_wconf 87' lang='lat' dir='ltr'><strong>habitas,</strong></span> <span class='ocrx_word' id='word_1_51' title='bbox 919 1205 1057 1288; x_wconf 77' lang='lat' dir='ltr'>desuper</span> <span class='ocrx_word' id='word_1_52' title='bbox 1080 1226 1097 1268; x_wconf 91' lang='lat' dir='ltr'><strong>a</strong></span> <span class='ocrx_word' id='word_1_53' title='bbox 1122 1206 1263 1289; x_wconf 92' lang='lat' dir='ltr'><strong>predicta</strong></span> <span class='ocrx_word' id='word_1_54' title='bbox 1288 1207 1338 1268; x_wconf 88' lang='lat' dir='ltr'><strong>via</strong></span> <span class='ocrx_word' id='word_1_55' title='bbox 1363 1227 1449 1268; x_wconf 91' lang='lat' dir='ltr'><strong>com-</strong></span> 
     </span>
     <span class='ocr_line' id='line_1_7' title="bbox 181 1311 1449 1396; baseline 0.002 -22"><span class='ocrx_word' id='word_1_56' title='bbox 181 1313 274 1374; x_wconf 90' lang='lat' dir='ltr'><strong>muni</strong></span> <span class='ocrx_word' id='word_1_57' title='bbox 311 1325 342 1374; x_wconf 91' lang='lat' dir='ltr'><strong>et</strong></span> <span class='ocrx_word' id='word_1_58' title='bbox 365 1311 448 1374; x_wconf 81' lang='lat' dir='ltr'><strong>infra</strong></span> <span class='ocrx_word' id='word_1_59' title='bbox 479 1333 581 1395; x_wconf 89' lang='lat' dir='ltr'><strong>usque</strong></span> <span class='ocrx_word' id='word_1_60' title='bbox 614 1312 792 1396; x_wconf 91' lang='lat' dir='ltr'><strong>predictum</strong></span> <span class='ocrx_word' id='word_1_61' title='bbox 824 1313 966 1375; x_wconf 91' lang='lat' dir='ltr'><strong>rivulum</strong></span> <span class='ocrx_word' id='word_1_62' title='bbox 989 1333 1022 1373; x_wconf 90' lang='lat' dir='ltr'><strong>se</strong></span> <span class='ocrx_word' id='word_1_63' title='bbox 1055 1313 1291 1392; x_wconf 82' lang='lat' dir='ltr'><strong>extendentem,</strong></span> <span class='ocrx_word' id='word_1_64' title='bbox 1316 1313 1449 1396; x_wconf 88' lang='lat' dir='ltr'><strong>predicti</strong></span> 
     </span>
     <span class='ocr_line' id='line_1_8' title="bbox 181 1417 1450 1504; baseline 0 -24"><span class='ocrx_word' id='word_1_65' title='bbox 181 1419 297 1480; x_wconf 90' lang='lat' dir='ltr'><strong>Jacobi</strong></span> <span class='ocrx_word' id='word_1_66' title='bbox 323 1419 424 1504; x_wconf 84' lang='lat' dir='ltr'><strong>Bolye</strong></span> <span class='ocrx_word' id='word_1_67' title='bbox 449 1420 501 1481; x_wconf 88' lang='lat' dir='ltr'><strong>avi</strong></span> <span class='ocrx_word' id='word_1_68' title='bbox 525 1432 753 1482; x_wconf 75' lang='lat' dir='ltr'><strong>annotatorum</strong></span> <span class='ocrx_word' id='word_1_69' title='bbox 782 1418 893 1480; x_wconf 90' lang='lat' dir='ltr'><strong>Jacobi</strong></span> <span class='ocrx_word' id='word_1_70' title='bbox 926 1417 1019 1500; x_wconf 88' lang='lat' dir='ltr'><strong>jurati</strong></span> <span class='ocrx_word' id='word_1_71' title='bbox 1044 1432 1076 1480; x_wconf 91' lang='lat' dir='ltr'><strong>et</strong></span> <span class='ocrx_word' id='word_1_72' title='bbox 1100 1419 1254 1480; x_wconf 89' lang='lat' dir='ltr'><strong>Johannis</strong></span> <span class='ocrx_word' id='word_1_73' title='bbox 1278 1419 1450 1482; x_wconf 75' lang='lat' dir='ltr'><strong>literatorie</strong></span> 
     </span>
     <span class='ocr_line' id='line_1_9' title="bbox 182 1522 1505 1608; baseline 0.001 -22"><span class='ocrx_word' id='word_1_74' title='bbox 182 1537 215 1586; x_wconf 90' lang='lat' dir='ltr'><strong>et</strong></span> <span class='ocrx_word' id='word_1_75' title='bbox 239 1523 375 1606; x_wconf 85' lang='lat' dir='ltr'>juridice</span> <span class='ocrx_word' id='word_1_76' title='bbox 399 1526 586 1604; x_wconf 78' lang='lat' dir='ltr'><strong>extitissent,</strong></span> <span class='ocrx_word' id='word_1_77' title='bbox 610 1539 641 1586; x_wconf 92' lang='lat' dir='ltr'><strong>et</strong></span> <span class='ocrx_word' id='word_1_78' title='bbox 664 1525 825 1608; x_wconf 89' lang='lat' dir='ltr'><strong>predictus</strong></span> <span class='ocrx_word' id='word_1_79' title='bbox 850 1523 1012 1586; x_wconf 83' lang='lat' dir='ltr'><strong>lohannes</strong></span> <span class='ocrx_word' id='word_1_80' title='bbox 1044 1522 1140 1604; x_wconf 85' lang='lat' dir='ltr'><strong>judex</strong></span> <span class='ocrx_word' id='word_1_81' title='bbox 1163 1523 1248 1587; x_wconf 91' lang='lat' dir='ltr'><strong>filius</strong></span> <span class='ocrx_word' id='word_1_82' title='bbox 1276 1525 1375 1608; x_wconf 88' lang='lat' dir='ltr'><strong>ipsius</strong></span> <span class='ocrx_word' id='word_1_83' title='bbox 1400 1526 1450 1587; x_wconf 87' lang='lat' dir='ltr'><strong>Ja·</strong></span> <span class='ocrx_word' id='word_1_84' title='bbox 1503 1552 1505 1558; x_wconf 95' lang='lat'>·</span> 
     </span>
     <span class='ocr_line' id='line_1_10' title="bbox 182 1631 1450 1715; baseline 0.001 -22"><span class='ocrx_word' id='word_1_85' title='bbox 182 1632 259 1694; x_wconf 87' lang='lat' dir='ltr'><strong>cobi</strong></span> <span class='ocrx_word' id='word_1_86' title='bbox 286 1632 388 1715; x_wconf 91' lang='lat' dir='ltr'><strong>Bolye</strong></span> <span class='ocrx_word' id='word_1_87' title='bbox 413 1645 502 1715; x_wconf 88' lang='lat' dir='ltr'><strong>pater</strong></span> <span class='ocrx_word' id='word_1_88' title='bbox 525 1632 686 1694; x_wconf 92' lang='lat' dir='ltr'><strong>dictorum</strong></span> <span class='ocrx_word' id='word_1_89' title='bbox 710 1633 820 1694; x_wconf 88' lang='lat' dir='ltr'><strong>Jacobi</strong></span> <span class='ocrx_word' id='word_1_90' title='bbox 853 1631 946 1714; x_wconf 89' lang='lat' dir='ltr'><strong>jurati</strong></span> <span class='ocrx_word' id='word_1_91' title='bbox 971 1645 1002 1694; x_wconf 91' lang='lat' dir='ltr'><strong>et</strong></span> <span class='ocrx_word' id='word_1_92' title='bbox 1026 1631 1181 1694; x_wconf 83' lang='lat' dir='ltr'><strong>lobannis</strong></span> <span class='ocrx_word' id='word_1_93' title='bbox 1204 1651 1331 1714; x_wconf 85' lang='lat' dir='ltr'><strong>semper</strong></span> <span class='ocrx_word' id='word_1_94' title='bbox 1355 1646 1385 1694; x_wconf 90' lang='lat' dir='ltr'><strong>et</strong></span> <span class='ocrx_word' id='word_1_95' title='bbox 1410 1635 1450 1695; x_wconf 88' lang='lat' dir='ltr'><strong>ab</strong></span> 
     </span>
     <span class='ocr_line' id='line_1_11' title="bbox 182 1737 1450 1821; baseline 0 -21"><span class='ocrx_word' id='word_1_96' title='bbox 182 1737 321 1819; x_wconf 86' lang='lat' dir='ltr'><strong>antiquo</strong></span> <span class='ocrx_word' id='word_1_97' title='bbox 346 1751 418 1820; x_wconf 91' lang='lat' dir='ltr'><strong>post</strong></span> <span class='ocrx_word' id='word_1_98' title='bbox 450 1739 617 1801; x_wconf 84' lang='lat' dir='ltr'><strong>decessum</strong></span> <span class='ocrx_word' id='word_1_99' title='bbox 648 1739 782 1821; x_wconf 89' lang='lat' dir='ltr'><strong>predicti</strong></span> <span class='ocrx_word' id='word_1_100' title='bbox 816 1738 926 1800; x_wconf 86' lang='lat' dir='ltr'><strong>Jacobi</strong></span> <span class='ocrx_word' id='word_1_101' title='bbox 953 1737 1051 1821; x_wconf 73' lang='lat' dir='ltr'><strong>liolye</strong></span> <span class='ocrx_word' id='word_1_102' title='bbox 1085 1751 1116 1800; x_wconf 91' lang='lat' dir='ltr'><strong>et</strong></span> <span class='ocrx_word' id='word_1_103' title='bbox 1139 1738 1269 1800; x_wconf 88' lang='lat' dir='ltr'><strong>tandem</strong></span> <span class='ocrx_word' id='word_1_104' title='bbox 1301 1751 1373 1820; x_wconf 90' lang='lat' dir='ltr'><strong>post</strong></span> <span class='ocrx_word' id='word_1_105' title='bbox 1396 1738 1450 1800; x_wconf 94' lang='lat' dir='ltr'><strong>de·</strong></span> 
     </span>
     <span class='ocr_line' id='line_1_12' title="bbox 180 1843 1450 1927; baseline 0.001 -22"><span class='ocrx_word' id='word_1_106' title='bbox 180 1863 309 1905; x_wconf 88' lang='lat' dir='ltr'><strong>cessum</strong></span> <span class='ocrx_word' id='word_1_107' title='bbox 346 1843 421 1906; x_wconf 93' lang='lat' dir='ltr'><strong>dicti</strong></span> <span class='ocrx_word' id='word_1_108' title='bbox 455 1843 610 1906; x_wconf 91' lang='lat' dir='ltr'><strong>Johannis</strong></span> <span class='ocrx_word' id='word_1_109' title='bbox 645 1844 759 1927; x_wconf 80' lang='lat' dir='ltr'><strong>judicis</strong></span> <span class='ocrx_word' id='word_1_110' title='bbox 789 1845 886 1927; x_wconf 90' lang='lat' dir='ltr'><strong>patris</strong></span> <span class='ocrx_word' id='word_1_111' title='bbox 918 1844 1062 1927; x_wconf 88' lang='lat' dir='ltr'><strong>ipsorum</strong></span> <span class='ocrx_word' id='word_1_112' title='bbox 1087 1844 1197 1906; x_wconf 91' lang='lat' dir='ltr'><strong>Jacobi</strong></span> <span class='ocrx_word' id='word_1_113' title='bbox 1230 1857 1261 1907; x_wconf 91' lang='lat' dir='ltr'><strong>et</strong></span> <span class='ocrx_word' id='word_1_114' title='bbox 1285 1843 1450 1924; x_wconf 85' lang='lat' dir='ltr'><strong>lobannis,</strong></span> 
     </span>
     <span class='ocr_line' id='line_1_13' title="bbox 180 1949 1450 2034; baseline 0.002 -24"><span class='ocrx_word' id='word_1_115' title='bbox 180 1949 283 2011; x_wconf 89' lang='lat' dir='ltr'><strong>iidem</strong></span> <span class='ocrx_word' id='word_1_116' title='bbox 309 1950 449 2011; x_wconf 86' lang='lat' dir='ltr'><strong>lacobus</strong></span> <span class='ocrx_word' id='word_1_117' title='bbox 472 1949 593 2030; x_wconf 86' lang='lat' dir='ltr'><strong>juratus</strong></span> <span class='ocrx_word' id='word_1_118' title='bbox 617 1963 648 2012; x_wconf 90' lang='lat' dir='ltr'><strong>et</strong></span> <span class='ocrx_word' id='word_1_119' title='bbox 679 1949 841 2012; x_wconf 88' lang='lat' dir='ltr'><strong>Johannes</strong></span> <span class='ocrx_word' id='word_1_120' title='bbox 872 1949 968 2012; x_wconf 83' lang='lat' dir='ltr'><strong>frater</strong></span> <span class='ocrx_word' id='word_1_121' title='bbox 999 1971 1075 2012; x_wconf 89' lang='lat' dir='ltr'><strong>suus</strong></span> <span class='ocrx_word' id='word_1_122' title='bbox 1106 1950 1271 2032; x_wconf 89' lang='lat' dir='ltr'><strong>hucusque</strong></span> <span class='ocrx_word' id='word_1_123' title='bbox 1296 1951 1328 2012; x_wconf 90' lang='lat' dir='ltr'><strong>in</strong></span> <span class='ocrx_word' id='word_1_124' title='bbox 1353 1951 1450 2034; x_wconf 92' lang='lat' dir='ltr'><strong>pleno</strong></span> 
     </span>
     <span class='ocr_line' id='line_1_14' title="bbox 180 2053 1450 2137; baseline 0.002 -21"><span class='ocrx_word' id='word_1_125' title='bbox 180 2068 214 2116; x_wconf 90' lang='lat' dir='ltr'><strong>et</strong></span> <span class='ocrx_word' id='word_1_126' title='bbox 238 2053 374 2137; x_wconf 85' lang='lat' dir='ltr'><strong>pacifico</strong></span> <span class='ocrx_word' id='word_1_127' title='bbox 401 2056 548 2118; x_wconf 89' lang='lat' dir='ltr'><strong>dominio</strong></span> <span class='ocrx_word' id='word_1_128' title='bbox 572 2057 730 2118; x_wconf 84' lang='lat' dir='ltr'><strong>dictarum</strong></span> <span class='ocrx_word' id='word_1_129' title='bbox 754 2056 921 2118; x_wconf 86' lang='lat' dir='ltr'><strong>vinearum</strong></span> <span class='ocrx_word' id='word_1_130' title='bbox 942 2056 1138 2118; x_wconf 88' lang='lat' dir='ltr'><strong>desertarum</strong></span> <span class='ocrx_word' id='word_1_131' title='bbox 1164 2069 1194 2118; x_wconf 92' lang='lat' dir='ltr'><strong>et</strong></span> <span class='ocrx_word' id='word_1_132' title='bbox 1223 2057 1376 2119; x_wconf 87' lang='lat' dir='ltr'><strong>silvarum</strong></span> <span class='ocrx_word' id='word_1_133' title='bbox 1400 2077 1450 2119; x_wconf 88' lang='lat' dir='ltr'><strong>ea·</strong></span> 
     </span>
     <span class='ocr_line' id='line_1_15' title="bbox 181 2160 1452 2245; baseline 0.002 -23"><span class='ocrx_word' id='word_1_134' title='bbox 181 2160 335 2223; x_wconf 79' lang='lat' dir='ltr'><strong>eumdem</strong></span> <span class='ocrx_word' id='word_1_135' title='bbox 362 2161 491 2224; x_wconf 89' lang='lat' dir='ltr'><strong>nemine</strong></span> <span class='ocrx_word' id='word_1_136' title='bbox 514 2163 642 2245; x_wconf 89' lang='lat' dir='ltr'><strong>penitus</strong></span> <span class='ocrx_word' id='word_1_137' title='bbox 658 2161 896 2224; x_wconf 85' lang='lat' dir='ltr'><strong>contradicente</strong></span> <span class='ocrx_word' id='word_1_138' title='bbox 913 2161 1124 2244; x_wconf 88' lang='lat' dir='ltr'><strong>perstitissent</strong></span> <span class='ocrx_word' id='word_1_139' title='bbox 1146 2175 1300 2244; x_wconf 86' lang='lat' dir='ltr'><strong>tanquam</strong></span> <span class='ocrx_word' id='word_1_140' title='bbox 1317 2162 1452 2224; x_wconf 85' lang='lat' dir='ltr'><strong>heredes</strong></span> 
     </span>
     <span class='ocr_line' id='line_1_16' title="bbox 185 2267 1450 2351; baseline 0.001 -23"><span class='ocrx_word' id='word_1_141' title='bbox 185 2281 220 2328; x_wconf 92' lang='lat' dir='ltr'><strong>et</strong></span> <span class='ocrx_word' id='word_1_142' title='bbox 251 2268 437 2350; x_wconf 83' lang='lat' dir='ltr'><strong>superstites</strong></span> <span class='ocrx_word' id='word_1_143' title='bbox 469 2269 613 2351; x_wconf 89' lang='lat' dir='ltr'><strong>ipsorum</strong></span> <span class='ocrx_word' id='word_1_144' title='bbox 644 2268 906 2351; x_wconf 88' lang='lat' dir='ltr'><strong>predecessorum</strong></span> <span class='ocrx_word' id='word_1_145' title='bbox 938 2267 1029 2329; x_wconf 91' lang='lat' dir='ltr'><strong>vivos</strong></span> <span class='ocrx_word' id='word_1_146' title='bbox 1059 2282 1131 2350; x_wconf 91' lang='lat' dir='ltr'><strong>post</strong></span> <span class='ocrx_word' id='word_1_147' title='bbox 1163 2287 1218 2330; x_wconf 90' lang='lat' dir='ltr'><strong>eos</strong></span> <span class='ocrx_word' id='word_1_148' title='bbox 1241 2283 1450 2348; x_wconf 86' lang='lat' dir='ltr'><strong>remanentes,</strong></span> 
     </span>
     <span class='ocr_line' id='line_1_17' title="bbox 182 2373 1451 2457; baseline 0 -21"><span class='ocrx_word' id='word_1_149' title='bbox 182 2373 329 2456; x_wconf 88' lang='lat' dir='ltr'><strong>ideoque</strong></span> <span class='ocrx_word' id='word_1_150' title='bbox 355 2393 414 2436; x_wconf 93' lang='lat' dir='ltr'><strong>nos</strong></span> <span class='ocrx_word' id='word_1_151' title='bbox 438 2375 566 2436; x_wconf 86' lang='lat' dir='ltr'><strong>easdem</strong></span> <span class='ocrx_word' id='word_1_152' title='bbox 591 2375 701 2437; x_wconf 85' lang='lat' dir='ltr'><strong>vineas</strong></span> <span class='ocrx_word' id='word_1_153' title='bbox 724 2387 755 2437; x_wconf 93' lang='lat' dir='ltr'><strong>et</strong></span> <span class='ocrx_word' id='word_1_154' title='bbox 778 2374 874 2436; x_wconf 88' lang='lat' dir='ltr'><strong>silvas</strong></span> <span class='ocrx_word' id='word_1_155' title='bbox 894 2393 967 2436; x_wconf 92' lang='lat' dir='ltr'><strong>cum</strong></span> <span class='ocrx_word' id='word_1_156' title='bbox 984 2373 1135 2457; x_wconf 92' lang='lat' dir='ltr'><strong>predictis</strong></span> <span class='ocrx_word' id='word_1_157' title='bbox 1158 2375 1222 2436; x_wconf 89' lang='lat' dir='ltr'><strong>suis</strong></span> <span class='ocrx_word' id='word_1_158' title='bbox 1246 2375 1451 2456; x_wconf 87' lang='lat' dir='ltr'><strong>pertinenciis</strong></span> 
     </span>
     <span class='ocr_line' id='line_1_18' title="bbox 181 2479 1449 2563; baseline 0.001 -21"><span class='ocrx_word' id='word_1_159' title='bbox 181 2480 347 2542; x_wconf 88' lang='lat' dir='ltr'><strong>annotatis</strong></span> <span class='ocrx_word' id='word_1_160' title='bbox 372 2481 493 2543; x_wconf 91' lang='lat' dir='ltr'><strong>Jacobo</strong></span> <span class='ocrx_word' id='word_1_161' title='bbox 516 2481 621 2562; x_wconf 89' lang='lat' dir='ltr'><strong>jurato</strong></span> <span class='ocrx_word' id='word_1_162' title='bbox 654 2493 685 2544; x_wconf 91' lang='lat' dir='ltr'><strong>et</strong></span> <span class='ocrx_word' id='word_1_163' title='bbox 717 2480 854 2543; x_wconf 87' lang='lat' dir='ltr'><strong>lohanni</strong></span> <span class='ocrx_word' id='word_1_164' title='bbox 880 2479 967 2542; x_wconf 87' lang='lat' dir='ltr'><strong>fratri</strong></span> <span class='ocrx_word' id='word_1_165' title='bbox 995 2501 1054 2543; x_wconf 90' lang='lat' dir='ltr'><strong>suo</strong></span> <span class='ocrx_word' id='word_1_166' title='bbox 1087 2501 1123 2542; x_wconf 89' lang='lat' dir='ltr'><strong>ac</strong></span> <span class='ocrx_word' id='word_1_167' title='bbox 1146 2499 1203 2563; x_wconf 90' lang='lat' dir='ltr'><strong>per</strong></span> <span class='ocrx_word' id='word_1_168' title='bbox 1227 2500 1283 2542; x_wconf 86' lang='lat' dir='ltr'><strong>eos</strong></span> <span class='ocrx_word' id='word_1_169' title='bbox 1307 2481 1449 2563; x_wconf 91' lang='lat' dir='ltr'><strong>ipsorum</strong></span> 
     </span>
     <span class='ocr_line' id='line_1_19' title="bbox 180 2585 1450 2670; baseline 0.003 -24"><span class='ocrx_word' id='word_1_170' title='bbox 180 2585 357 2648; x_wconf 88' lang='lat' dir='ltr'><strong>heredibus</strong></span> <span class='ocrx_word' id='word_1_171' title='bbox 380 2587 550 2649; x_wconf 85' lang='lat' dir='ltr'><strong>statuimus</strong></span> <span class='ocrx_word' id='word_1_172' title='bbox 577 2601 609 2650; x_wconf 92' lang='lat' dir='ltr'><strong>et</strong></span> <span class='ocrx_word' id='word_1_173' title='bbox 640 2588 861 2650; x_wconf 87' lang='lat' dir='ltr'><strong>commisimus</strong></span> <span class='ocrx_word' id='word_1_174' title='bbox 892 2600 1050 2670; x_wconf 91' lang='lat' dir='ltr'><strong>perpetuo</strong></span> <span class='ocrx_word' id='word_1_175' title='bbox 1081 2586 1292 2669; x_wconf 91' lang='lat' dir='ltr'><strong>possidendas</strong></span> <span class='ocrx_word' id='word_1_176' title='bbox 1316 2601 1346 2648; x_wconf 90' lang='lat' dir='ltr'><strong>et</strong></span> <span class='ocrx_word' id='word_1_177' title='bbox 1370 2607 1450 2670; x_wconf 92' lang='lat' dir='ltr'><strong>quo·</strong></span> 
     </span>
     <span class='ocr_line' id='line_1_20' title="bbox 180 2692 1450 2776; baseline 0 -22"><span class='ocrx_word' id='word_1_178' title='bbox 180 2692 429 2775; x_wconf 90' lang='lat' dir='ltr'><strong>modocumque</strong></span> <span class='ocrx_word' id='word_1_179' title='bbox 464 2693 626 2756; x_wconf 89' lang='lat' dir='ltr'><strong>voluerint</strong></span> <span class='ocrx_word' id='word_1_180' title='bbox 664 2693 881 2776; x_wconf 87' lang='lat' dir='ltr'><strong>disponendas</strong></span> <span class='ocrx_word' id='word_1_181' title='bbox 924 2693 1009 2755; x_wconf 83' lang='lat' dir='ltr'><strong>iuxta</strong></span> <span class='ocrx_word' id='word_1_182' title='bbox 1046 2692 1272 2755; x_wconf 89' lang='lat' dir='ltr'><strong>condicionem</strong></span> <span class='ocrx_word' id='word_1_183' title='bbox 1314 2693 1450 2755; x_wconf 88' lang='lat' dir='ltr'><strong>civitatis</strong></span> 
     </span>
     <span class='ocr_line' id='line_1_21' title="bbox 181 2811 365 2882; baseline 0 -22"><span class='ocrx_word' id='word_1_184' title='bbox 181 2811 365 2882; x_wconf 82' lang='lat' dir='ltr'><strong>prenotate.</strong></span> 
     </span>
    </p>

    <p class='ocr_par' dir='ltr' id='par_1_3' title="bbox 181 2904 1450 3208">
     <span class='ocr_line' id='line_1_22' title="bbox 294 2904 1449 2988; baseline 0.003 -22"><span class='ocrx_word' id='word_1_185' title='bbox 294 2904 373 2967; x_wconf 89' lang='lat' dir='ltr'><strong>ltem</strong></span> <span class='ocrx_word' id='word_1_186' title='bbox 405 2904 597 2968; x_wconf 89' lang='lat' dir='ltr'><strong>Valentinus</strong></span> <span class='ocrx_word' id='word_1_187' title='bbox 627 2917 730 2968; x_wconf 83' lang='lat' dir='ltr'><strong>sartor</strong></span> <span class='ocrx_word' id='word_1_188' title='bbox 760 2904 898 2967; x_wconf 90' lang='lat' dir='ltr'><strong>condam</strong></span> <span class='ocrx_word' id='word_1_189' title='bbox 930 2905 1064 2968; x_wconf 90' lang='lat' dir='ltr'><strong>servitor</strong></span> <span class='ocrx_word' id='word_1_190' title='bbox 1087 2904 1219 2988; x_wconf 84' lang='lat' dir='ltr'><strong>Georgii</strong></span> <span class='ocrx_word' id='word_1_191' title='bbox 1252 2905 1367 2986; x_wconf 87' lang='lat' dir='ltr'><strong>judicis</strong></span> <span class='ocrx_word' id='word_1_192' title='bbox 1391 2905 1449 2969; x_wconf 87' lang='lat' dir='ltr'><strong>filii</strong></span> 
     </span>
     <span class='ocr_line' id='line_1_23' title="bbox 182 3011 1450 3096; baseline 0.001 -22"><span class='ocrx_word' id='word_1_193' title='bbox 182 3011 363 3090; x_wconf 88' lang='lat' dir='ltr'><strong>Valentini,</strong></span> <span class='ocrx_word' id='word_1_194' title='bbox 387 3011 483 3074; x_wconf 90' lang='lat' dir='ltr'><strong>debet</strong></span> <span class='ocrx_word' id='word_1_195' title='bbox 507 3011 547 3074; x_wconf 86' lang='lat' dir='ltr'><strong>ad</strong></span> <span class='ocrx_word' id='word_1_196' title='bbox 568 3011 708 3096; x_wconf 90' lang='lat' dir='ltr'><strong>primum</strong></span> <span class='ocrx_word' id='word_1_197' title='bbox 739 3011 896 3093; x_wconf 90' lang='lat' dir='ltr'><strong>judicium</strong></span> <span class='ocrx_word' id='word_1_198' title='bbox 924 3011 1119 3094; x_wconf 88' lang='lat' dir='ltr'><strong>respondere</strong></span> <span class='ocrx_word' id='word_1_199' title='bbox 1150 3026 1260 3074; x_wconf 88' lang='lat' dir='ltr'><strong>contra</strong></span> <span class='ocrx_word' id='word_1_200' title='bbox 1283 3013 1450 3095; x_wconf 85' lang='lat' dir='ltr'><strong>proposita</strong></span> 
     </span>
     <span class='ocr_line' id='line_1_24' title="bbox 181 3117 1301 3208; baseline -0.001 -28"><span class='ocrx_word' id='word_1_201' title='bbox 181 3137 240 3181; x_wconf 84' lang='lat' dir='ltr'><strong>seu</strong></span> <span class='ocrx_word' id='word_1_202' title='bbox 265 3119 416 3180; x_wconf 80' lang='lat' dir='ltr'><strong>acciones</strong></span> <span class='ocrx_word' id='word_1_203' title='bbox 440 3118 540 3201; x_wconf 89' lang='lat' dir='ltr'><strong>ipsius</strong></span> <span class='ocrx_word' id='word_1_204' title='bbox 564 3117 697 3200; x_wconf 78' lang='lat' dir='ltr'><strong>Georgii</strong></span> <span class='ocrx_word' id='word_1_205' title='bbox 721 3117 845 3200; x_wconf 87' lang='lat' dir='ltr'><strong>judicis.</strong></span> <span class='ocrx_word' id='word_1_206' title='bbox 1294 3190 1301 3208; x_wconf 63' lang='lat'><strong>,</strong></span> 
     </span>
    </p>

    <p class='ocr_par' dir='ltr' id='par_1_4' title="bbox 181 3223 1450 3520">
     <span class='ocr_line' id='line_1_25' title="bbox 300 3223 1450 3307; baseline 0 -21"><span class='ocrx_word' id='word_1_207' title='bbox 300 3224 377 3287; x_wconf 91' lang='lat' dir='ltr'><strong>ltem</strong></span> <span class='ocrx_word' id='word_1_208' title='bbox 392 3224 544 3286; x_wconf 90' lang='lat' dir='ltr'><strong>dominus</strong></span> <span class='ocrx_word' id='word_1_209' title='bbox 555 3224 739 3287; x_wconf 87' lang='lat' dir='ltr'><strong>Anthoniua</strong></span> <span class='ocrx_word' id='word_1_210' title='bbox 754 3225 910 3307; x_wconf 90' lang='lat' dir='ltr'><strong>presbiter</strong></span> <span class='ocrx_word' id='word_1_211' title='bbox 921 3223 1079 3307; x_wconf 87' lang='lat' dir='ltr'><strong>plebanus</strong></span> <span class='ocrx_word' id='word_1_212' title='bbox 1092 3224 1224 3286; x_wconf 90' lang='lat' dir='ltr'><strong>ecclesie</strong></span> <span class='ocrx_word' id='word_1_213' title='bbox 1237 3225 1336 3287; x_wconf 88' lang='lat' dir='ltr'><strong>sancti</strong></span> <span class='ocrx_word' id='word_1_214' title='bbox 1352 3225 1450 3286; x_wconf 91' lang='lat' dir='ltr'><strong>Marci</strong></span> 
     </span>
     <span class='ocr_line' id='line_1_26' title="bbox 182 3329 1446 3439; baseline 0 -47"><span class='ocrx_word' id='word_1_215' title='bbox 182 3331 393 3412; x_wconf 81' lang='lat' dir='ltr'><strong>ewangeliste</strong></span> <span class='ocrx_word' id='word_1_216' title='bbox 412 3343 528 3439; x_wconf 66' lang='lat' dir='ltr'><strong>contra</strong></span> <span class='ocrx_word' id='word_1_217' title='bbox 553 3329 759 3393; x_wconf 88' lang='lat' dir='ltr'><strong>Leonardum</strong></span> <span class='ocrx_word' id='word_1_218' title='bbox 784 3331 929 3394; x_wconf 90' lang='lat' dir='ltr'><strong>ltalicum</strong></span> <span class='ocrx_word' id='word_1_219' title='bbox 953 3331 1217 3392; x_wconf 88' lang='lat' dir='ltr'><strong>tricesimatorem</strong></span> <span class='ocrx_word' id='word_1_220' title='bbox 1241 3331 1385 3393; x_wconf 89' lang='lat' dir='ltr'><strong>secundo</strong></span> <span class='ocrx_word' id='word_1_221' title='bbox 1404 3331 1446 3394; x_wconf 93' lang='lat' dir='ltr'><strong>ci·</strong></span> 
     </span>
     <span class='ocr_line' id='line_1_27' title="bbox 181 3435 574 3520; baseline 0.005 -20"><span class='ocrx_word' id='word_1_222' title='bbox 181 3451 268 3500; x_wconf 87' lang='lat' dir='ltr'><strong>tatus</strong></span> <span class='ocrx_word' id='word_1_223' title='bbox 293 3456 359 3500; x_wconf 92' lang='lat' dir='ltr'><strong>non</strong></span> <span class='ocrx_word' id='word_1_224' title='bbox 385 3435 574 3520; x_wconf 88' lang='lat' dir='ltr'><strong>comparuit.</strong></span> 
     </span>
    </p>

    <p class='ocr_par' dir='ltr' id='par_1_5' title="bbox 183 3542 1450 4368">
     <span class='ocr_line' id='line_1_28' title="bbox 293 3542 1450 3627; baseline 0 -22"><span class='ocrx_word' id='word_1_225' title='bbox 293 3543 372 3606; x_wconf 89' lang='lat' dir='ltr'><strong>Item</strong></span> <span class='ocrx_word' id='word_1_226' title='bbox 397 3543 530 3606; x_wconf 90' lang='lat' dir='ltr'><strong>domina</strong></span> <span class='ocrx_word' id='word_1_227' title='bbox 562 3543 660 3605; x_wconf 89' lang='lat' dir='ltr'><strong>Lucia</strong></span> <span class='ocrx_word' id='word_1_228' title='bbox 688 3543 797 3606; x_wconf 88' lang='lat' dir='ltr'><strong>relicta</strong></span> <span class='ocrx_word' id='word_1_229' title='bbox 829 3542 967 3606; x_wconf 90' lang='lat' dir='ltr'><strong>condam</strong></span> <span class='ocrx_word' id='word_1_230' title='bbox 999 3543 1156 3606; x_wconf 91' lang='lat' dir='ltr'><strong>Johannis</strong></span> <span class='ocrx_word' id='word_1_231' title='bbox 1187 3543 1367 3627; x_wconf 89' lang='lat' dir='ltr'><strong>Zygethsak</strong></span> <span class='ocrx_word' id='word_1_232' title='bbox 1392 3543 1450 3605; x_wconf 92' lang='lat' dir='ltr'><strong>do-</strong></span> 
     </span>
     <span class='ocr_line' id='line_1_29' title="bbox 183 3647 1450 3731; baseline 0.001 -20"><span class='ocrx_word' id='word_1_233' title='bbox 183 3649 310 3712; x_wconf 80' lang='lat' dir='ltr'><strong>minam</strong></span> <span class='ocrx_word' id='word_1_234' title='bbox 334 3650 545 3712; x_wconf 88' lang='lat' dir='ltr'><strong>Katherinam</strong></span> <span class='ocrx_word' id='word_1_235' title='bbox 578 3649 721 3712; x_wconf 88' lang='lat' dir='ltr'><strong>relictam</strong></span> <span class='ocrx_word' id='word_1_236' title='bbox 753 3650 891 3712; x_wconf 91' lang='lat' dir='ltr'><strong>condam</strong></span> <span class='ocrx_word' id='word_1_237' title='bbox 916 3649 1115 3731; x_wconf 89' lang='lat' dir='ltr'><strong>Sigismundi</strong></span> <span class='ocrx_word' id='word_1_238' title='bbox 1146 3647 1239 3731; x_wconf 83' lang='lat' dir='ltr'><strong>jurati</strong></span> <span class='ocrx_word' id='word_1_239' title='bbox 1265 3669 1350 3712; x_wconf 91' lang='lat' dir='ltr'><strong>nunc</strong></span> <span class='ocrx_word' id='word_1_240' title='bbox 1374 3669 1450 3712; x_wconf 90' lang='lat' dir='ltr'><strong>con·</strong></span> 
     </span>
     <span class='ocr_line' id='line_1_30' title="bbox 183 3754 1449 3839; baseline 0.002 -23"><span class='ocrx_word' id='word_1_241' title='bbox 183 3769 306 3817; x_wconf 88' lang='lat' dir='ltr'><strong>sortem</strong></span> <span class='ocrx_word' id='word_1_242' title='bbox 322 3754 453 3838; x_wconf 88' lang='lat' dir='ltr'><strong>Mathye</strong></span> <span class='ocrx_word' id='word_1_243' title='bbox 472 3755 590 3818; x_wconf 86' lang='lat' dir='ltr'><strong>Faslras</strong></span> <span class='ocrx_word' id='word_1_244' title='bbox 602 3755 731 3818; x_wconf 82' lang='lat' dir='ltr'><strong>racione</strong></span> <span class='ocrx_word' id='word_1_245' title='bbox 747 3755 966 3837; x_wconf 82' lang='lat' dir='ltr'><strong>juramentalis</strong></span> <span class='ocrx_word' id='word_1_246' title='bbox 978 3755 1204 3839; x_wconf 89' lang='lat' dir='ltr'><strong>deposicionis,</strong></span> <span class='ocrx_word' id='word_1_247' title='bbox 1221 3775 1319 3838; x_wconf 89' lang='lat' dir='ltr'><strong>quam</strong></span> <span class='ocrx_word' id='word_1_248' title='bbox 1336 3757 1449 3820; x_wconf 86' lang='lat' dir='ltr'><strong>eadem</strong></span> 
     </span>
     <span class='ocr_line' id='line_1_31' title="bbox 183 3860 1449 3944; baseline 0.001 -21"><span class='ocrx_word' id='word_1_249' title='bbox 183 3861 319 3923; x_wconf 89' lang='lat' dir='ltr'><strong>domina</strong></span> <span class='ocrx_word' id='word_1_250' title='bbox 345 3861 520 3923; x_wconf 90' lang='lat' dir='ltr'><strong>Katherina</strong></span> <span class='ocrx_word' id='word_1_251' title='bbox 543 3881 599 3944; x_wconf 92' lang='lat' dir='ltr'><strong>per</strong></span> <span class='ocrx_word' id='word_1_252' title='bbox 624 3861 779 3943; x_wconf 82' lang='lat' dir='ltr'><strong>judicium</strong></span> <span class='ocrx_word' id='word_1_253' title='bbox 803 3861 981 3943; x_wconf 86' lang='lat' dir='ltr'><strong>juratorum</strong></span> <span class='ocrx_word' id='word_1_254' title='bbox 1006 3862 1038 3923; x_wconf 92' lang='lat' dir='ltr'><strong>in</strong></span> <span class='ocrx_word' id='word_1_255' title='bbox 1063 3860 1147 3925; x_wconf 84' lang='lat' dir='ltr'><strong>facto</strong></span> <span class='ocrx_word' id='word_1_256' title='bbox 1172 3861 1338 3924; x_wconf 85' lang='lat' dir='ltr'><strong>cuiusdam</strong></span> <span class='ocrx_word' id='word_1_257' title='bbox 1355 3875 1449 3924; x_wconf 91' lang='lat' dir='ltr'><strong>testa-</strong></span> 
     </span>
     <span class='ocr_line' id='line_1_32' title="bbox 183 3966 1449 4051; baseline 0.002 -23"><span class='ocrx_word' id='word_1_258' title='bbox 183 3967 287 4030; x_wconf 90' lang='lat' dir='ltr'><strong>menti</strong></span> <span class='ocrx_word' id='word_1_259' title='bbox 313 3967 468 4029; x_wconf 89' lang='lat' dir='ltr'><strong>lohannis</strong></span> <span class='ocrx_word' id='word_1_260' title='bbox 493 3966 621 4051; x_wconf 87' lang='lat' dir='ltr'><strong>Gracyn</strong></span> <span class='ocrx_word' id='word_1_261' title='bbox 638 3969 736 4050; x_wconf 86' lang='lat' dir='ltr'><strong>patris</strong></span> <span class='ocrx_word' id='word_1_262' title='bbox 760 3967 860 4050; x_wconf 89' lang='lat' dir='ltr'><strong>ipsius</strong></span> <span class='ocrx_word' id='word_1_263' title='bbox 883 3968 1015 4030; x_wconf 91' lang='lat' dir='ltr'><strong>domine</strong></span> <span class='ocrx_word' id='word_1_264' title='bbox 1034 3969 1132 4031; x_wconf 88' lang='lat' dir='ltr'><strong>Lucie</strong></span> <span class='ocrx_word' id='word_1_265' title='bbox 1155 3981 1187 4030; x_wconf 90' lang='lat' dir='ltr'><strong>et</strong></span> <span class='ocrx_word' id='word_1_266' title='bbox 1209 3968 1373 4031; x_wconf 88' lang='lat' dir='ltr'><strong>literarum</strong></span> <span class='ocrx_word' id='word_1_267' title='bbox 1392 3969 1449 4030; x_wconf 92' lang='lat' dir='ltr'><strong>ali·</strong></span> 
     </span>
     <span class='ocr_line' id='line_1_33' title="bbox 184 4073 1450 4160; baseline 0.001 -25"><span class='ocrx_word' id='word_1_268' title='bbox 184 4093 324 4155; x_wconf 90' lang='lat' dir='ltr'><strong>quarum</strong></span> <span class='ocrx_word' id='word_1_269' title='bbox 349 4093 435 4136; x_wconf 90' lang='lat' dir='ltr'><strong>nunc</strong></span> <span class='ocrx_word' id='word_1_270' title='bbox 459 4074 622 4156; x_wconf 90' lang='lat' dir='ltr'><strong>deponere</strong></span> <span class='ocrx_word' id='word_1_271' title='bbox 646 4073 794 4152; x_wconf 87' lang='lat' dir='ltr'><strong>habebat,</strong></span> <span class='ocrx_word' id='word_1_272' title='bbox 817 4073 982 4156; x_wconf 87' lang='lat' dir='ltr'><strong>pacificam</strong></span> <span class='ocrx_word' id='word_1_273' title='bbox 1019 4089 1050 4136; x_wconf 90' lang='lat' dir='ltr'><strong>et</strong></span> <span class='ocrx_word' id='word_1_274' title='bbox 1073 4075 1214 4160; x_wconf 89' lang='lat' dir='ltr'><strong>quietam</strong></span> <span class='ocrx_word' id='word_1_275' title='bbox 1240 4074 1362 4138; x_wconf 90' lang='lat' dir='ltr'><strong>dimisit</strong></span> <span class='ocrx_word' id='word_1_276' title='bbox 1394 4095 1450 4157; x_wconf 90' lang='lat' dir='ltr'><strong>per</strong></span> 
     </span>
     <span class='ocr_line' id='line_1_34' title="bbox 185 4179 1449 4264; baseline 0.001 -23"><span class='ocrx_word' id='word_1_277' title='bbox 185 4179 307 4259; x_wconf 84' lang='lat' dir='ltr'><strong>omnis,</strong></span> <span class='ocrx_word' id='word_1_278' title='bbox 334 4179 469 4242; x_wconf 89' lang='lat' dir='ltr'><strong>eandem</strong></span> <span class='ocrx_word' id='word_1_279' title='bbox 492 4179 633 4262; x_wconf 88' lang='lat' dir='ltr'><strong>amplius</strong></span> <span class='ocrx_word' id='word_1_280' title='bbox 656 4181 784 4242; x_wconf 87' lang='lat' dir='ltr'><strong>racione</strong></span> <span class='ocrx_word' id='word_1_281' title='bbox 813 4180 889 4242; x_wconf 88' lang='lat' dir='ltr'><strong>dicti</strong></span> <span class='ocrx_word' id='word_1_282' title='bbox 921 4181 1102 4243; x_wconf 88' lang='lat' dir='ltr'><strong>testamenti</strong></span> <span class='ocrx_word' id='word_1_283' title='bbox 1127 4194 1158 4242; x_wconf 88' lang='lat' dir='ltr'><strong>et</strong></span> <span class='ocrx_word' id='word_1_284' title='bbox 1181 4181 1346 4242; x_wconf 87' lang='lat' dir='ltr'><strong>literarum</strong></span> <span class='ocrx_word' id='word_1_285' title='bbox 1379 4201 1449 4264; x_wconf 87' lang='lat' dir='ltr'><strong>pre·</strong></span> 
     </span>
     <span class='ocr_line' id='line_1_35' title="bbox 185 4284 1168 4368; baseline 0.002 -22"><span class='ocrx_word' id='word_1_286' title='bbox 185 4284 345 4348; x_wconf 87' lang='lat' dir='ltr'><strong>dictarum</strong></span> <span class='ocrx_word' id='word_1_287' title='bbox 370 4285 555 4349; x_wconf 88' lang='lat' dir='ltr'><strong>nullatenus</strong></span> <span class='ocrx_word' id='word_1_288' title='bbox 580 4286 732 4368; x_wconf 88' lang='lat' dir='ltr'><strong>deinceps</strong></span> <span class='ocrx_word' id='word_1_289' title='bbox 755 4287 939 4368; x_wconf 88' lang='lat' dir='ltr'><strong>perturbare</strong></span> <span class='ocrx_word' id='word_1_290' title='bbox 964 4286 1168 4349; x_wconf 86' lang='lat' dir='ltr'><strong>assumendo.</strong></span> 
     </span>
    </p>

    <p class='ocr_par' dir='ltr' id='par_1_6' title="bbox 156 4391 1451 5113">
     <span class='ocr_line' id='line_1_36' title="bbox 293 4391 1447 4475; baseline 0.003 -22"><span class='ocrx_word' id='word_1_291' title='bbox 293 4391 372 4454; x_wconf 92' lang='lat' dir='ltr'><strong>ltem</strong></span> <span class='ocrx_word' id='word_1_292' title='bbox 396 4393 472 4473; x_wconf 89' lang='lat' dir='ltr'><strong>quia</strong></span> <span class='ocrx_word' id='word_1_293' title='bbox 497 4391 679 4475; x_wconf 90' lang='lat' dir='ltr'><strong>Stephanus</strong></span> <span class='ocrx_word' id='word_1_294' title='bbox 702 4407 791 4454; x_wconf 90' lang='lat' dir='ltr'><strong>sutor</strong></span> <span class='ocrx_word' id='word_1_295' title='bbox 818 4391 903 4454; x_wconf 89' lang='lat' dir='ltr'><strong>filius</strong></span> <span class='ocrx_word' id='word_1_296' title='bbox 920 4391 1004 4454; x_wconf 85' lang='lat' dir='ltr'><strong>lwan</strong></span> <span class='ocrx_word' id='word_1_297' title='bbox 1029 4393 1170 4455; x_wconf 89' lang='lat' dir='ltr'><strong>concivis</strong></span> <span class='ocrx_word' id='word_1_298' title='bbox 1186 4407 1304 4473; x_wconf 89' lang='lat' dir='ltr'><strong>noster,</strong></span> <span class='ocrx_word' id='word_1_299' title='bbox 1325 4393 1357 4455; x_wconf 92' lang='lat' dir='ltr'><strong>id</strong></span> <span class='ocrx_word' id='word_1_300' title='bbox 1375 4413 1447 4456; x_wconf 91' lang='lat' dir='ltr'><strong>cum</strong></span> 
     </span>
     <span class='ocr_line' id='line_1_37' title="bbox 184 4496 1450 4582; baseline 0.002 -23"><span class='ocrx_word' id='word_1_301' title='bbox 184 4496 356 4560; x_wconf 84' lang='lat' dir='ltr'><strong>sufficienti</strong></span> <span class='ocrx_word' id='word_1_302' title='bbox 389 4499 574 4561; x_wconf 87' lang='lat' dir='ltr'><strong>testimonio</strong></span> <span class='ocrx_word' id='word_1_303' title='bbox 607 4513 788 4562; x_wconf 86' lang='lat' dir='ltr'><strong>nostrorum</strong></span> <span class='ocrx_word' id='word_1_304' title='bbox 822 4499 1002 4560; x_wconf 87' lang='lat' dir='ltr'><strong>concivium</strong></span> <span class='ocrx_word' id='word_1_305' title='bbox 1035 4499 1119 4560; x_wconf 90' lang='lat' dir='ltr'><strong>clare</strong></span> <span class='ocrx_word' id='word_1_306' title='bbox 1150 4500 1391 4582; x_wconf 90' lang='lat' dir='ltr'><strong>comprobavit,</strong></span> <span class='ocrx_word' id='word_1_307' title='bbox 1415 4514 1450 4561; x_wconf 93' lang='lat' dir='ltr'><strong>ut</strong></span> 
     </span>
     <span class='ocr_line' id='line_1_38' title="bbox 186 4601 1449 4686; baseline 0.002 -22"><span class='ocrx_word' id='word_1_308' title='bbox 186 4601 264 4665; x_wconf 91' lang='lat' dir='ltr'><strong>dum</strong></span> <span class='ocrx_word' id='word_1_309' title='bbox 289 4601 457 4665; x_wconf 78' lang='lat' dir='ltr'><strong>ladislaus</strong></span> <span class='ocrx_word' id='word_1_310' title='bbox 482 4604 635 4686; x_wconf 88' lang='lat' dir='ltr'><strong>patruelis</strong></span> <span class='ocrx_word' id='word_1_311' title='bbox 658 4603 796 4667; x_wconf 83' lang='lat' dir='ltr'><strong>condam</strong></span> <span class='ocrx_word' id='word_1_312' title='bbox 822 4602 954 4685; x_wconf 90' lang='lat' dir='ltr'><strong>Georgii</strong></span> <span class='ocrx_word' id='word_1_313' title='bbox 974 4605 1131 4666; x_wconf 90' lang='lat' dir='ltr'><strong>sellatoris</strong></span> <span class='ocrx_word' id='word_1_314' title='bbox 1155 4605 1186 4666; x_wconf 89' lang='lat' dir='ltr'><strong>in</strong></span> <span class='ocrx_word' id='word_1_315' title='bbox 1212 4604 1361 4666; x_wconf 82' lang='lat' dir='ltr'><strong>extremis</strong></span> <span class='ocrx_word' id='word_1_316' title='bbox 1384 4605 1449 4666; x_wconf 90' lang='lat' dir='ltr'><strong>vite</strong></span> 
     </span>
     <span class='ocr_line' id='line_1_39' title="bbox 184 4707 1450 4793; baseline 0.002 -23"><span class='ocrx_word' id='word_1_317' title='bbox 184 4727 241 4772; x_wconf 89' lang='lat' dir='ltr'><strong>sue</strong></span> <span class='ocrx_word' id='word_1_318' title='bbox 264 4709 453 4792; x_wconf 89' lang='lat' dir='ltr'><strong>temporalis</strong></span> <span class='ocrx_word' id='word_1_319' title='bbox 477 4707 663 4789; x_wconf 85' lang='lat' dir='ltr'><strong>laborasset,</strong></span> <span class='ocrx_word' id='word_1_320' title='bbox 687 4723 763 4772; x_wconf 90' lang='lat' dir='ltr'><strong>tunc</strong></span> <span class='ocrx_word' id='word_1_321' title='bbox 788 4709 853 4792; x_wconf 89' lang='lat' dir='ltr'><strong>ipse</strong></span> <span class='ocrx_word' id='word_1_322' title='bbox 882 4711 1038 4791; x_wconf 85' lang='lat' dir='ltr'><strong>quasdam</strong></span> <span class='ocrx_word' id='word_1_323' title='bbox 1072 4711 1242 4793; x_wconf 88' lang='lat' dir='ltr'><strong>porciones</strong></span> <span class='ocrx_word' id='word_1_324' title='bbox 1265 4731 1337 4772; x_wconf 89' lang='lat' dir='ltr'><strong>suas</strong></span> <span class='ocrx_word' id='word_1_325' title='bbox 1361 4711 1450 4772; x_wconf 92' lang='lat' dir='ltr'><strong>vide-</strong></span> 
     </span>
     <span class='ocr_line' id='line_1_40' title="bbox 184 4814 1449 4900; baseline 0.002 -24"><span class='ocrx_word' id='word_1_326' title='bbox 184 4814 261 4878; x_wconf 86' lang='lat' dir='ltr'><strong>licet</strong></span> <span class='ocrx_word' id='word_1_327' title='bbox 284 4815 402 4878; x_wconf 88' lang='lat' dir='ltr'><strong>domus</strong></span> <span class='ocrx_word' id='word_1_328' title='bbox 425 4829 456 4878; x_wconf 90' lang='lat' dir='ltr'><strong>et</strong></span> <span class='ocrx_word' id='word_1_329' title='bbox 480 4815 587 4900; x_wconf 72' lang='lat' dir='ltr'><strong>(hlorti</strong></span> <span class='ocrx_word' id='word_1_330' title='bbox 612 4817 718 4900; x_wconf 88' lang='lat' dir='ltr'><strong>ipsum</strong></span> <span class='ocrx_word' id='word_1_331' title='bbox 735 4816 909 4878; x_wconf 89' lang='lat' dir='ltr'><strong>literatorie</strong></span> <span class='ocrx_word' id='word_1_332' title='bbox 930 4832 1169 4897; x_wconf 88' lang='lat' dir='ltr'><strong>concernentes,</strong></span> <span class='ocrx_word' id='word_1_333' title='bbox 1188 4818 1272 4880; x_wconf 86' lang='lat' dir='ltr'><strong>iuxta</strong></span> <span class='ocrx_word' id='word_1_334' title='bbox 1298 4831 1449 4880; x_wconf 88' lang='lat' dir='ltr'><strong>contenta</strong></span> 
     </span>
     <span class='ocr_line' id='line_1_41' title="bbox 156 4921 1450 5007; baseline 0.002 -24"><span class='ocrx_word' id='word_1_335' title='bbox 156 4921 157 4925; x_wconf 71' lang='grc'>’</span> <span class='ocrx_word' id='word_1_336' title='bbox 185 4921 351 4984; x_wconf 88' lang='lat' dir='ltr'><strong>literarum</strong></span> <span class='ocrx_word' id='word_1_337' title='bbox 376 4921 460 4985; x_wconf 90' lang='lat' dir='ltr'><strong>dicte</strong></span> <span class='ocrx_word' id='word_1_338' title='bbox 484 4923 620 4986; x_wconf 85' lang='lat' dir='ltr'><strong>civitatis</strong></span> <span class='ocrx_word' id='word_1_339' title='bbox 645 4921 894 5005; x_wconf 89' lang='lat' dir='ltr'><strong>privilegialium</strong></span> <span class='ocrx_word' id='word_1_340' title='bbox 917 4943 976 5006; x_wconf 93' lang='lat' dir='ltr'><strong>pro</strong></span> <span class='ocrx_word' id='word_1_341' title='bbox 1000 4937 1089 5006; x_wconf 87' lang='lat' dir='ltr'><strong>parte</strong></span> <span class='ocrx_word' id='word_1_342' title='bbox 1113 4924 1161 4986; x_wconf 89' lang='lat' dir='ltr'><strong>sui</strong></span> <span class='ocrx_word' id='word_1_343' title='bbox 1186 4925 1357 5007; x_wconf 88' lang='lat' dir='ltr'><strong>superinde</strong></span> <span class='ocrx_word' id='word_1_344' title='bbox 1375 4945 1450 4998; x_wconf 86' lang='lat' dir='ltr'><strong>con·</strong></span> 
     </span>
     <span class='ocr_line' id='line_1_42' title="bbox 186 5024 1451 5113; baseline 0.005 -25"><span class='ocrx_word' id='word_1_345' title='bbox 186 5024 351 5109; x_wconf 86' lang='lat' dir='ltr'><strong>lectarum,</strong></span> <span class='ocrx_word' id='word_1_346' title='bbox 377 5047 413 5090; x_wconf 82' lang='lat' dir='ltr'><strong>sc</strong></span> <span class='ocrx_word' id='word_1_347' title='bbox 437 5029 515 5090; x_wconf 89' lang='lat' dir='ltr'><strong>alias</strong></span> <span class='ocrx_word' id='word_1_348' title='bbox 538 5049 588 5092; x_wconf 91' lang='lat' dir='ltr'><strong>res</strong></span> <span class='ocrx_word' id='word_1_349' title='bbox 612 5042 642 5091; x_wconf 87' lang='lat' dir='ltr'><strong>et</strong></span> <span class='ocrx_word' id='word_1_350' title='bbox 663 5030 746 5090; x_wconf 87' lang='lat' dir='ltr'><strong>bona</strong></span> <span class='ocrx_word' id='word_1_351' title='bbox 765 5048 821 5090; x_wconf 88' lang='lat' dir='ltr'><strong>sua</strong></span> <span class='ocrx_word' id='word_1_352' title='bbox 838 5027 897 5111; x_wconf 87' lang='lat' dir='ltr'><strong>ipsi</strong></span> <span class='ocrx_word' id='word_1_353' title='bbox 917 5030 1079 5113; x_wconf 89' lang='lat' dir='ltr'><strong>Stephano</strong></span> <span class='ocrx_word' id='word_1_354' title='bbox 1104 5031 1203 5094; x_wconf 90' lang='lat' dir='ltr'><strong>sutori</strong></span> <span class='ocrx_word' id='word_1_355' title='bbox 1228 5031 1396 5112; x_wconf 86' lang='lat' dir='ltr'><strong>legavisset</strong></span> <span class='ocrx_word' id='word_1_356' title='bbox 1420 5046 1451 5094; x_wconf 90' lang='lat' dir='ltr'><strong>et</strong></span> 
     </span>
    </p>
   </div>
   <div class='ocr_carea' id='block_1_3' title="bbox 1344 5146 1362 5203">
    <p class='ocr_par' dir='ltr' id='par_1_7' title="bbox 1344 5146 1362 5203">
     <span class='ocr_line' id='line_1_43' title="bbox 1344 5146 1362 5203; baseline 0 0"><span class='ocrx_word' id='word_1_357' title='bbox 1344 5146 1362 5203; x_wconf 75' lang='lat'>9</span> 
     </span>
    </p>
   </div>
   <div class='ocr_carea' id='block_1_4' title="bbox 0 0 1880 5810">
    <p class='ocr_par' dir='ltr' id='par_1_8' title="bbox 0 0 1880 5810">
     <span class='ocr_line' id='line_1_44' title="bbox 0 0 1880 5810; baseline 0 0"><span class='ocrx_word' id='word_1_358' title='bbox 0 0 1880 5810; x_wconf 95' lang='lat' dir='ltr'><strong> </strong></span> 
     </span>
    </p>
   </div>
  </div>
 </body>
</html>
