3796 5812
482 747 579 823 Feria
607 759 706 823 sexta
734 751 888 841 proxima
916 759 992 838 post
1018 749 1141 821 testum
1170 751 1346 822 beatorum
1374 746 1528 840 Symonts
1557 759 1593 822 et
1621 751 1705 840 Jude

973 872 1214 962 apostoloram.

570 1007 649 1070 ltem
673 1027 767 1070 causa
792 1007 960 1069 Laureucii
993 1005 1086 1088 jurati
1119 1020 1228 1069 contra
1254 1021 1434 1070 consortem
1470 1009 1623 1070 Hanslini
1649 1007 1728 1070 Cha-

465 1113 573 1174 rintini
595 1133 652 1196 per
676 1114 832 1176 Jacobum
857 1113 994 1176 condam
1018 1112 1160 1194 judicem
1184 1127 1215 1174 et
1233 1113 1404 1175 Nicolaum
1428 1113 1569 1196 juratum
1595 1135 1633 1176 ac
1659 1115 1725 1195 My-

465 1220 608 1282 chaelem
633 1220 672 1283 ad
697 1235 848 1282 octavum
872 1219 958 1282 diem
983 1219 1023 1281 ad
1047 1239 1158 1302 pacem
1184 1232 1231 1282 est
1254 1235 1390 1303 recepta.

572 1326 648 1388 Item
667 1325 860 1388 Benedictus
876 1325 980 1388 dictus
993 1324 1186 1409 Moanarych
1203 1341 1312 1388 contra
1330 1327 1508 1389 Barnaham
1527 1328 1726 1390 sacerdotem

465 1433 570 1515 primo
594 1433 708 1496 citatus
740 1451 804 1494 non
829 1432 1018 1513 comparuit.

574 1539 651 1600 ltem
684 1558 777 1600 causa
801 1537 887 1600 lwan
912 1536 1068 1600 carnificis
1091 1553 1201 1601 contra
1231 1537 1424 1620 Gregorium
1449 1537 1552 1600 filium
1579 1539 1729 1622 Symonis

467 1666 525 1728 per
550 1645 747 1728 Stephanum
775 1695 781 1706 .
807 1691 814 1706 .
839 1644 878 1706 ad
903 1659 1051 1706 octavum
1077 1645 1163 1707 diem
1188 1645 1229 1706 ad
1257 1665 1368 1729 pacem
1394 1659 1440 1708 est
1463 1659 1604 1729 recepta.

574 1751 651 1813 ltem
683 1750 874 1813 Valentinus
905 1749 1066 1813 Malcnich
1098 1765 1207 1813 contra
1239 1750 1420 1842 lohannem
1461 1751 1564 1814 filium
1598 1751 1727 1814 Fabiani

465 1859 570 1940 primo
595 1858 707 1920 citatus
732 1875 796 1918 non
822 1857 1010 1939 comparuit.

570 1964 649 2026 Item
666 1963 849 2026 Anthoniua
866 1962 1022 2046 Zytarych
1040 1977 1149 2026 contra
1163 1963 1319 2025 Jacobum
1338 1962 1440 2025 filium
1458 1963 1610 2046 Dyonisii
1625 1964 1724 2047 primo

465 2071 579 2132 citatus
602 2089 667 2132 non
696 2069 885 2151 comparuit.

574 2177 651 2238 ltem
676 2195 770 2238 causa
787 2175 913 2237 Nicolai
931 2191 1039 2238 contra
1061 2179 1188 2237 Annam
1207 2177 1401 2259 penesticam
1419 2176 1459 2237 ad
1475 2188 1630 2238 octavum
1647 2175 1726 2237 diem

465 2283 505 2344 ad
530 2301 642 2366 pacem
667 2297 713 2344 est
736 2295 872 2365 recepta.

574 2389 651 2450 ltem
676 2387 795 2449 Paulus
818 2388 961 2449 literatus
976 2385 1061 2449 filius
1085 2387 1263 2449 Clementis
1284 2401 1392 2450 contra
1418 2387 1612 2449 Michaelem
1630 2386 1726 2449 filium

466 2493 615 2556 Damiani
640 2493 782 2556 secundo
807 2492 920 2556 citatus
943 2512 1008 2554 non
1033 2493 1222 2574 comparuit.

575 2599 652 2661 ltem
676 2619 769 2660 causa
804 2596 952 2680 Gregorii
984 2598 1149 2682 Voyachar
1180 2613 1290 2661 contra
1319 2599 1490 2661 Nicolaum
1521 2598 1662 2660 condam
1685 2596 1726 2676 ju·

466 2706 570 2767 dicem
596 2725 652 2788 per
676 2719 771 2766 testes
794 2705 834 2766 ad
859 2724 971 2787 pacem
996 2718 1042 2766 est
1066 2717 1203 2787 recepta.

574 2811 652 2872 ltem
682 2809 794 2873 Petrus
817 2824 849 2873 et
873 2809 1049 2892 Gregorius
1080 2810 1388 2874 lilius·Chudauech
1418 2831 1451 2872 se
1475 2825 1591 2893 sponte
1617 2826 1647 2872 et

467 2917 596 2978 domine
620 2918 776 2978 consortis
800 2916 925 2978 Nicolai
950 2917 1088 2978 condam
1112 2915 1226 2998 judicis
1251 2918 1283 2978 in
1309 2915 1392 2980 lacto
1417 2917 1578 2999 vituperii.

573 3023 651 3086 ltem
675 3023 838 3085 lohannes
861 3023 998 3085 condam
1023 3022 1118 3104 judex
1143 3035 1252 3086 contra
1273 3023 1453 3085 lohannem
1478 3023 1651 3106 lapicidam
1676 3041 1724 3083 oc·

466 3143 540 3192 tavo
565 3130 618 3192 die
642 3129 737 3191 debet
761 3129 964 3211 respondere.

576 3236 654 3298 ltem
680 3237 833 3298 Lucasius
856 3233 941 3296 filius
958 3236 1101 3317 Draghsa
1125 3250 1234 3298 contra
1251 3236 1431 3297 lohannem
1453 3249 1610 3296 sartorem
1628 3235 1725 3317 primo

468 3342 582 3404 citatus
605 3363 670 3404 non
699 3343 888 3424 comparuit.

574 3448 653 3510 ltem
678 3447 839 3510 lohannes
863 3448 1011 3510 sacerdos
1035 3449 1138 3510 dictus
1155 3448 1297 3510 Pozorch
1323 3464 1432 3512 contra
1456 3448 1639 3511 Fabianum
1663 3448 1724 3509 lite·

468 3567 571 3616 ratum
595 3554 738 3616 secundo
761 3555 874 3616 citatus
898 3573 963 3614 non
988 3555 1178 3636 comparuit.

576 3660 653 3722 ltem
672 3661 784 3722 Petrus
800 3659 884 3722 lilius
902 3660 1030 3742 Mathey
1055 3675 1164 3723 contra
1182 3661 1310 3723 Petrum
1336 3660 1438 3724 lilium
1457 3663 1594 3746 Mylaech
1620 3674 1722 3723 octavo

468 3767 519 3827 die
545 3767 761 3848 respondebit.

574 3874 651 3936 ltem
684 3875 822 3936 Martino
846 3872 913 3935 filio
940 3874 1054 3936 Palech
1079 3887 1125 3936 est
1150 3874 1347 3956 prohibitum
1373 3875 1463 3937 utin
1489 3877 1620 3939 civitate
1643 3873 1720 3936 nulla
1832 3869 1833 3882 ¹

468 3979 580 4062 (arma)
604 3994 730 4062 portare
754 4001 810 4041 seu
832 3979 913 4041 ferre
938 3980 1054 4042 debeat
1077 4000 1135 4042 nec
1159 3981 1284 4062 aliquas
1309 4031 1316 4044 .
1342 4031 1348 4043 .
1374 4031 1381 4044 .

573 4087 651 4148 ltem
678 4088 788 4148 Kuslto
811 4086 940 4168 jobagio
965 4086 1105 4148 liliorum
1131 4087 1283 4170 Stephani
1309 4101 1417 4149 contra
1442 4135 1583 4151 .....

1087 4327 1123 4397 B.

468 4476 636 4540 (Fragmenta
653 4477 744 4526 horum
762 4476 886 4526 librorum
905 4477 983 4526 Citat.
1003 4483 1028 4525 et
1059 4478 1175 4530 Sentent.
1201 4479 1349 4526 introeunte
1368 4492 1434 4527 saec.
1454 4477 1520 4528 XV.
1540 4479 1636 4544 scripta
1652 4469 1719 4532 saul.)

1087 4604 1117 4668 1.

521 4734 616 4808 Feria
643 4743 742 4808 sexta
770 4739 924 4825 proxima
952 4744 1028 4826 post
1060 4736 1188 4808 lestum
1219 4737 1315 4808 beate
1344 4737 1449 4808 llarie
1478 4736 1675 4824 llattdalene.

572 4870 648 4931 ltem
674 4890 766 4931 causa
792 4870 873 4930 inter
890 4870 1041 4950 Egidium
1061 4869 1271 4950 jobagionem
1292 4868 1458 4930 Michaelis
1475 4869 1605 4950 pridem
1621 4861 1716 4948 judicis
1832 4923 1833 4968 p

468 4975 523 5035 lilii
542 4975 719 5035 Sebastiam
734 4990 763 5035 et
778 4975 955 5055 Georgium
970 4975 1153 5036 Crouacum
1171 4975 1365 5036 modernum
1382 4973 1523 5054 juratum
1539 4976 1579 5036 ad
1597 4975 1714 5060 primum

467 5080 621 5160 judicium
646 5081 686 5140 ad
710 5101 821 5162 pacem
846 5095 892 5143 est
917 5097 1051 5162 recepta.
