3876 5798
663 550 750 608 Anno
772 563 865 626 1444.
889 582 933 590 -
957 563 1004 608 10.
1022 549 1106 624 julii.

360 763 436 824 Item
462 781 541 823 uxor
565 761 690 822 Nicolai
717 760 902 822 Mechotreb
939 779 1036 841 penes
1061 761 1279 821 testimonium
1311 779 1402 820 suum
1429 761 1515 840 quod

252 869 284 930 in
310 867 393 930 facto
418 868 560 950 predicte
585 867 690 948 supari
717 887 774 948 pro
792 867 839 928 sui
865 866 1099 948 expurgatione
1120 865 1270 948 produxit
1294 865 1390 926 hodie
1408 879 1516 926 contra

252 974 429 1056 predictam
456 973 690 1054 lvlargaretham
724 973 902 1050 mulierem,
937 971 1080 1034 secundo
1112 991 1145 1032 se
1177 972 1322 1053 personis
1346 971 1404 1032 sibi
1430 972 1516 1032 simi-

252 1081 338 1142 libus
361 1081 465 1162 jurare
498 1081 658 1142 tenebitur
691 1094 804 1141 octavo
834 1079 884 1140 die
917 1099 1012 1160 super
1037 1099 1121 1140 aram
1155 1093 1262 1140 sancte
1287 1078 1399 1140 Crucis
1422 1099 1517 1160 super

253 1207 303 1266 eo,
327 1201 361 1249 ut
384 1188 452 1270 ipsa
476 1187 660 1249 nescivisset
684 1188 772 1268 quod
797 1187 863 1268 ipsa
888 1207 1022 1268 suparus
1055 1185 1197 1268 predicte
1222 1185 1366 1246 mulieris
1392 1187 1515 1266 Marga-

252 1293 351 1374 rethe,
376 1312 472 1375 quam
498 1294 565 1375 ipsa
590 1293 622 1354 in
649 1292 719 1354 foro
743 1293 872 1374 publice
890 1293 1097 1375 comparavit,
1123 1291 1233 1353 luisset
1256 1293 1425 1354 subtracta.

359 1399 435 1461 ltem
462 1419 541 1460 uxor
566 1399 662 1460 Blasii
688 1398 745 1460 filii
771 1399 925 1460 lobannis
941 1399 1020 1460 Wllr
1045 1399 1141 1460 tercia
1165 1419 1196 1459 se
1223 1401 1366 1480 personis
1389 1399 1450 1460 sibi
1475 1399 1515 1460 si·

253 1505 383 1566 milibus
410 1519 524 1566 octavo
542 1505 593 1566 die
613 1525 708 1587 super
725 1525 810 1566 aram
836 1519 942 1567 sancte
961 1505 1074 1568 Crucis
1090 1519 1198 1566 contra
1217 1504 1371 1586 prefatam
1390 1506 1514 1586 Marga-

253 1612 374 1674 retham
413 1612 581 1674 mulierem
613 1631 707 1692 super
738 1631 787 1689 eo,
823 1627 858 1674 ut
891 1613 957 1694 ipsa
989 1613 1171 1674 nescivisset
1195 1613 1282 1694 quod
1316 1614 1382 1696 ipse
1415 1629 1517 1676 vestes

255 1738 335 1799 quas
362 1739 442 1779 uxor
466 1718 598 1800 predicti
626 1719 717 1780 Pauli
742 1719 781 1779 de
806 1719 890 1780 dicta
908 1719 1100 1781 Deschervcz
1125 1739 1195 1781 cum
1221 1739 1330 1781 sorore
1354 1740 1409 1781 sua
1434 1721 1515 1782 circa

254 1825 354 1906 ipsam
380 1845 511 1886 uxorem
546 1823 677 1906 predicti
711 1825 808 1886 Blasii
840 1826 971 1886 nomine
1004 1825 1161 1906 Agatham
1196 1825 1235 1886 ad
1261 1827 1515 1888 conservandum

253 1943 460 2012 apportasset,
485 1933 641 1992 subtracte
667 1929 810 2010 fuissent,
846 1951 950 2013 neque
974 1932 1081 2012 plures
1106 1945 1207 1993 vestes
1232 1951 1327 2014 quam
1354 1933 1411 1994 iste
1436 1953 1515 2014 quas

254 2035 348 2116 jurati
375 2037 413 2098 ad
439 2057 553 2098 manus
577 2057 688 2098 eorum
713 2052 909 2118 receperunt,
943 2038 1024 2099 circa
1049 2038 1150 2120 ipsam
1182 2051 1348 2120 apportate
1373 2038 1515 2101 luissent.

360 2143 436 2204 Item
462 2147 571 2225 Agnes
595 2144 704 2205 relicta
728 2145 864 2205 condam
889 2145 999 2205 lacobi
1017 2144 1131 2227 judicis
1155 2143 1211 2206 filii
1237 2145 1391 2206 lobannis
1417 2147 1515 2230 Bolye

253 2250 322 2312 sola
346 2271 402 2311 sua
428 2251 459 2311 in
484 2268 618 2332 persona
643 2265 756 2312 octavo
782 2251 833 2312 die
855 2265 963 2312 contra
981 2251 1110 2312 Petrum
1135 2251 1272 2332 juratum
1301 2251 1403 2312 filium
1432 2253 1514 2314 Petri

255 2356 377 2438 Saphar
413 2376 509 2438 super
532 2375 618 2418 aram
644 2376 699 2438 per
723 2356 999 2438 adjudicationem
1024 2356 1201 2438 juratorum
1229 2357 1332 2437 jurare
1356 2359 1517 2420 tenebitur

253 2482 347 2544 super
372 2483 421 2542 eo,
445 2475 480 2523 ut
504 2461 665 2543 predictus
682 2463 819 2524 lacobus
836 2463 931 2546 judex
949 2464 1080 2525 maritus
1098 2464 1196 2546 ipsius
1213 2465 1345 2544 Agnetis
1370 2465 1515 2526 mulieris

253 2570 381 2630 Andree
406 2569 503 2650 judici
529 2566 615 2630 fratri
640 2569 739 2651 ipsius
757 2570 836 2631 Pero
861 2569 954 2651 jurati
973 2569 1071 2631 nichil
1089 2571 1215 2652 penitus
1240 2568 1350 2633 fuisset
1375 2571 1513 2650 debitor,

254 2696 311 2737 nec
336 2677 404 2758 ipsa
428 2678 460 2738 in
479 2676 595 2738 eodem
619 2675 728 2739 debito
746 2677 869 2758 aliquid
886 2677 1013 2759 penitus
1036 2677 1178 2738 scivisset
1200 2679 1254 2738 sed
1273 2679 1406 2740 omnino
1425 2679 1515 2740 inno-

253 2801 328 2844 cens
351 2797 442 2844 esset.

288 2999 386 3075 Faria
414 3012 512 3076 sexta
541 3006 694 3094 proxima
723 3010 801 3074 ante
831 3003 952 3074 testum
981 3002 1234 3074 Translacionis
1263 3005 1351 3074 beati
1382 3005 1480 3076 Bene·

755 3129 836 3198 dicti
866 3126 1008 3198 abbatis.

798 3277 862 3358 (10.
879 3278 978 3360 julia).

360 3422 438 3483 ltem
463 3421 587 3502 Agatha
606 3441 684 3483 uxor
710 3421 807 3482 blasii
837 3419 892 3480 lilii
911 3419 1065 3480 lobannis
1089 3419 1166 3480 Wlk
1191 3421 1286 3481 tercia
1312 3441 1344 3481 se
1369 3422 1514 3502 personis

254 3528 312 3588 sibi
337 3528 496 3588 similibus
520 3527 616 3588 hodie
641 3547 736 3609 super
760 3547 844 3586 aram
876 3540 981 3586 sancte
1008 3525 1120 3588 Crucis
1145 3540 1252 3588 contra
1280 3528 1512 3606 Margaretham

255 3635 422 3694 mulierem
449 3635 486 3694 dc
513 3635 715 3694 lablanowcz
734 3649 766 3694 ut
791 3633 949 3708 actricem,
968 3647 1112 3713 presente
1138 3633 1267 3694 Vrbano
1285 3633 1388 3712 jurato
1406 3647 1516 3694 nostro

256 3741 423 3818 moderno,
447 3761 542 3821 super
567 3761 604 3801 eo
623 3741 835 3820 juramentum
859 3740 993 3821 prestitit
1017 3753 1047 3801 et
1071 3740 1219 3821 deposuit
1243 3739 1328 3818 juxta
1354 3739 1516 3820 adjudica-

259 3847 385 3908 cionem
400 3848 589 3926 juratorum,
603 3861 637 3907 ut
655 3847 719 3927 ipsa
735 3847 928 3922 nescivisset,
946 3845 1033 3926 quod
1053 3846 1118 3928 ipse
1135 3859 1237 3906 vestes
1251 3865 1417 3926 quasuxor
1428 3847 1516 3907 Pauli

257 3953 313 4014 lilii
338 3952 493 4013 Anthonii
519 3953 558 4012 de
584 3952 776 4012 Deschewcz
801 3971 872 4012 cum
906 3971 1013 4011 sorore
1039 3971 1094 4011 sua
1117 3952 1197 4012 circa
1230 3953 1331 4034 ipsam
1357 3951 1514 4032 Agatham

254 4059 292 4119 ad
312 4060 565 4120 conservandum
595 4073 792 4140 apportasset
816 4059 973 4118 subtracta
991 4055 1133 4134 fuissent,
1156 4077 1260 4140 neque
1280 4059 1387 4139 plures
1415 4071 1517 4119 vestes

254 4185 351 4246 quam
376 4167 433 4227 iste
458 4185 537 4246 quas
562 4165 652 4246 jurati
678 4165 717 4225 ad
742 4184 855 4224 manus
880 4184 991 4225 eorum
1017 4165 1097 4225 circa
1124 4165 1224 4246 ipsam
1250 4165 1407 4245 Agatham
1432 4185 1516 4225 rece·

254 4287 379 4353 petunt,
404 4273 484 4332 circa
510 4272 643 4332 eandem
664 4271 821 4350 Agatham
847 4283 1012 4351 apportate
1031 4269 1174 4348 luissent,
1193 4271 1266 4331 ideo
1284 4271 1384 4352 ipsam
1410 4271 1516 4331 reddi-

254 4379 360 4439 dimus
383 4378 555 4460 superinde
580 4379 738 4458 expiatam
763 4391 793 4438 et
817 4391 1034 4458 expurgatam.

361 4484 438 4544 Item
468 4484 682 4566 juramentum
710 4484 799 4544 Pauli
826 4483 957 4564 predicti
983 4481 1038 4543 filii
1064 4483 1162 4564 ipsius
1186 4482 1342 4545 Anthonii
1368 4483 1408 4544 de
1433 4483 1516 4543 dicta

257 4589 458 4668 Deschervcz,
477 4590 565 4670 quod
579 4589 675 4650 hodie
693 4604 801 4650 contra
820 4591 918 4670 ipsam
939 4588 1173 4670 Margaretham
1191 4589 1359 4650 mulierem
1377 4589 1416 4649 de
1434 4589 1516 4649 dicta

255 4696 460 4757 lablanowcz
485 4696 515 4756 in
542 4695 624 4756 facto
649 4696 754 4776 supari
780 4709 810 4756 et
831 4697 967 4756 vestium
985 4695 1128 4756 eiusdem
1155 4695 1353 4775 Margarethe
1371 4694 1515 4756 mulieris

255 4803 415 4884 deponere
441 4815 471 4863 et
497 4817 635 4884 prestare
654 4803 799 4880 debebat,
825 4823 862 4862 ex
879 4821 1036 4863 consensu
1061 4801 1204 4863 eiusdem
1230 4801 1428 4881 Margarethe
1446 4820 1516 4861 rnu-

254 4909 341 4969 lieris
364 4928 422 4990 pro
449 4908 647 4988 experiencia
672 4921 702 4968 et
731 4909 901 4969 resciencia
933 4929 969 4968 ac
994 4907 1243 4987 investigacione
1277 4905 1363 4967 finali
1388 4919 1419 4968 et
1450 4926 1515 4967 cer·

254 5015 331 5076 ciori
356 5016 585 5077 subtractionis
609 5015 749 5096 ipsarum
775 5016 909 5076 vestium
935 5033 1036 5096 usque
1065 5013 1104 5074 ad
1129 5013 1309 5094 quindenas
1332 5033 1388 5074 seu
1412 5031 1513 5093 usque
