3734 5796
449 547 511 626 256
830 546 1030 628 Anno1436.
1055 585 1100 594 —
1124 563 1170 628 17.
1194 553 1321 627 augure.

667 657 732 662 --.-
1672 659 1701 666 .-

553 760 631 822 ltem
654 761 730 842 quia
755 761 944 824 Valentinus
967 761 1051 823 filius
1074 761 1212 824 condam
1237 762 1386 844 Gregorii
1410 761 1541 843 literati,
1567 765 1598 826 id
1626 762 1701 825 sulti·

450 868 570 930 cienter
597 883 628 930 et
651 867 813 950 fidedigne
846 889 953 931 coram
985 869 1079 931 nobis
1110 870 1140 930 in
1166 869 1287 952 judicio
1318 871 1540 951 comprobavit
1572 877 1656 932 clare
1677 884 1703 934 et

446 975 576 1055 seriose,
601 989 635 1037 ut
659 976 728 1058 ipse
752 995 846 1038 verus
870 974 955 1038 filius
980 989 1011 1037 et
1033 976 1147 1038 unicus
1164 976 1255 1038 heres
1277 996 1313 1038 ac
1337 990 1498 1059 superstes
1513 977 1616 1060 ipsius
1634 976 1703 1040 Gre-

445 1081 529 1162 gorii
554 1081 671 1142 literati
703 1081 867 1164 scriptoris
899 1081 1055 1144 librorum
1088 1081 1145 1144 filii
1178 1082 1307 1144 Andree
1331 1081 1371 1144 de
1403 1083 1530 1166 Athyna
1563 1083 1704 1144 inventus

447 1203 493 1250 est
516 1209 554 1252 ex
578 1202 695 1268 acerto,
727 1190 769 1250 ob
793 1188 920 1272 hocque
952 1207 1065 1250 omnes
1097 1189 1315 1272 possessiones
1336 1203 1367 1251 et
1391 1191 1476 1251 bona
1508 1189 1609 1271 ipsius
1633 1189 1703 1252 Gre-

446 1296 528 1377 gorii
554 1295 669 1358 literati
694 1295 780 1376 juata
805 1295 904 1378 ipsius
928 1295 1065 1357 civitatis
1081 1295 1246 1378 antiquam
1269 1296 1534 1358 consvetudinem
1559 1311 1591 1358 et
1615 1297 1702 1379 privi-

447 1401 596 1484 legiatam
621 1401 801 1464 libertatern
826 1421 921 1484 super
950 1402 1055 1484 ipsum
1087 1401 1295 1464 Valentinum
1318 1401 1420 1464 filiurn
1453 1421 1548 1464 suum
1579 1402 1702 1464 devolvi

447 1510 608 1571 debebant
632 1523 663 1570 et
686 1508 860 1570 redundari
886 1509 925 1568 de
950 1507 1030 1588 jure,
1054 1507 1194 1590 ideoque
1227 1528 1286 1571 nos
1317 1509 1473 1592 quasdam
1498 1509 1579 1571 duas
1604 1509 1704 1570 vinear

447 1613 560 1698 prelati
586 1615 734 1697 Gregorii
761 1613 878 1678 literati
903 1615 935 1676 in
959 1615 1119 1678 territorio
1144 1615 1282 1678 civitatis
1298 1615 1433 1694 habitas,
1458 1616 1563 1697 ipsum
1587 1616 1702 1677 scilicet

449 1721 641 1802 Gregorium
667 1723 831 1784 literatum
857 1721 1037 1802 empcionis
1060 1722 1154 1784 titulo
1178 1722 1352 1784 literatorie
1369 1735 1610 1800 concernentes,
1635 1741 1700 1784 cum

447 1829 513 1890 suis
536 1829 729 1891 utilitatibus
753 1843 783 1890 et
801 1828 1005 1911 pertinenciis
1023 1829 1179 1890 universis
1196 1827 1319 1910 prelato
1333 1828 1506 1891 Valentino
1523 1827 1591 1890 filio
1611 1828 1702 1910 ipsius

447 1934 596 2016 Gregorii
621 1935 737 1997 literati
763 1955 799 1996 ac
823 1955 879 2018 per
903 1953 976 1996 eum
1002 1935 1068 1996 suis
1091 1934 1264 1996 heredibus
1290 1935 1459 1997 statuimus
1485 1955 1522 1996 ex
1546 1935 1701 2017 premissis

445 2041 513 2122 jure
537 2057 692 2124 perpetuo
716 2055 747 2104 et
772 2040 1022 2102 irrevocabiliter
1045 2041 1255 2122 possidendas
1278 2055 1308 2102 et
1325 2041 1635 2123 quomodocumque
1651 2060 1700 2101 vo·

445 2148 540 2209 luerit
564 2147 782 2230 disponendas
805 2147 889 2230 juxta
915 2147 1142 2210 condicionem
1159 2147 1295 2209 civitatis
1319 2161 1484 2230 prenotate
1508 2149 1549 2208 ab
1574 2148 1701 2228 antiquo

445 2255 655 2336 approbatam
681 2255 810 2316 nemine
834 2255 961 2336 penitus
985 2254 1223 2316 contradicente
1247 2273 1306 2316 nec
1338 2254 1449 2335 aliquo
1473 2253 1700 2316 contradictore

445 2361 571 2442 penitus
595 2373 779 2443 apparente.

550 2465 627 2526 Item
654 2467 730 2547 quia
754 2465 887 2548 provida
912 2465 1028 2527 mulier
1043 2465 1142 2528 Elena
1159 2477 1282 2544 vocata,
1303 2466 1411 2527 relicta
1429 2466 1566 2528 condam
1584 2464 1696 2528 Vrbani

444 2573 560 2633 sutoris
584 2571 641 2633 filii
667 2572 797 2634 Martini
824 2571 855 2632 id
880 2591 953 2632 cum
986 2570 1155 2633 sufficienti
1182 2585 1213 2632 et
1240 2570 1404 2653 fidedigno
1428 2586 1609 2634 nostrorum
1632 2591 1701 2633 con·

445 2680 564 2741 civium
587 2679 775 2741 testimonio
800 2679 831 2740 in
856 2678 930 2739 sede
955 2691 1061 2740 nostra
1094 2677 1259 2759 judiciaria
1284 2678 1366 2740 clare
1412 2697 1520 2739 coram
1552 2678 1644 2740 nobis
1673 2677 1701 2737 in

445 2786 565 2866 judicio
584 2785 815 2868 comprobavit,
840 2799 874 2846 ut
898 2785 975 2846 dum
1000 2781 1141 2866 prelatus
1165 2784 1313 2846 Vrbanus
1337 2785 1369 2845 in
1394 2784 1543 2846 extremis
1564 2785 1626 2845 vite
1650 2803 1701 2844 sue

445 2891 633 2974 temporalis
664 2891 856 2970 laborasset,
888 2903 964 2952 tunc
995 2891 1061 2973 ipse
1093 2875 1256 2972 qdandam
1288 2890 1421 2952 domum
1454 2909 1545 2952 suam
1572 2890 1603 2951 in
1635 2891 1701 2950 vico

445 2999 545 3081 ipsius
568 2998 704 3060 civitatis
720 2997 869 3060 exteriori
887 3017 943 3058 seu
967 2997 1072 3080 platea
1094 3011 1239 3059 sutorum
1257 2995 1410 3074 habitam,
1427 2996 1537 3078 (unam
1561 3009 1700 3077 quartam

445 3105 543 3188 curie)
569 3106 600 3167 in
626 3125 657 3166 se
684 3105 915 3183 continentem,
933 3105 1038 3185 ipsum
1063 3103 1195 3185 juridice
1213 3117 1244 3166 ct
1261 3103 1434 3165 literatorie
1451 3115 1700 3179 concernentem,

444 3232 517 3273 curn
542 3213 607 3274 suis
631 3212 821 3274 utilitatibus
845 3225 876 3273 et
908 3211 1112 3293 pertinenciis
1136 3209 1291 3272 universis
1308 3209 1449 3292 predicte
1474 3209 1574 3272 Elene
1598 3209 1699 3271 relicte

444 3339 500 3380 sue
525 3319 694 3400 legavisset
710 3317 778 3400 jure
796 3317 983 3401 perhennali
1001 3317 1246 3400 possidendam
1264 3329 1295 3378 et
1311 3317 1386 3398 quia
1404 3337 1422 3378 a
1438 3329 1582 3398 tempore
1598 3316 1700 3377 obitus

444 3424 578 3508 predicti
605 3425 722 3488 Vrbani
755 3425 872 3487 sutoris
904 3424 971 3506 ipsa
1004 3423 1104 3486 Elena
1134 3423 1252 3485 mulier
1275 3442 1376 3504 usque
1409 3442 1495 3484 nnnc
1520 3423 1551 3484 in
1574 3420 1696 3504 pacifica

445 3532 644 3613 possessione
669 3531 810 3613 predicte
838 3531 955 3594 domus
986 3550 1042 3591 sue
1066 3529 1240 3612 permansit
1272 3529 1364 3590 nullo
1396 3528 1628 3590 contradictore
1659 3526 1696 3587 ad

443 3639 560 3699 trinam
585 3637 745 3700 forensem
762 3637 926 3720 publicam
943 3637 1236 3720 proclamacionem
1253 3636 1425 3718 superinde
1444 3635 1559 3698 factam
1579 3635 1699 3718 penitus

444 3758 618 3827 apparente
643 3765 701 3806 nec
725 3744 835 3825 aliquo
859 3743 987 3826 penitus
1011 3743 1259 3818 contradicente,
1284 3742 1423 3823 ideoque
1450 3762 1509 3803 nos
1532 3741 1697 3824 predictam

445 3851 578 3912 domurn
603 3851 698 3912 simul
724 3869 795 3912 curn
823 3849 924 3911 fundo
949 3863 979 3911 et
1003 3847 1171 3927 hedificiis,
1194 3849 1330 3930 aliisque
1353 3848 1475 3910 cunctis
1499 3849 1563 3909 suis
1585 3847 1696 3908 utilita-

444 3959 529 4019 tibus
553 3971 584 4019 et
608 3957 812 4038 pertinenciis
836 3956 991 4018 universis
1009 3955 1129 4037 prefate
1147 3955 1248 4018 Elene
1266 3955 1393 4017 mulieri
1419 3975 1455 4016 ac
1471 3975 1528 4036 per
1552 3973 1617 4015 earn
1633 3953 1694 4014 auis

445 4063 617 4125 heredibus
646 4063 816 4125 statuimus
840 4076 871 4123 et
901 4061 1121 4124 commisimus
1153 4081 1190 4122 er
1222 4060 1383 4142 premissis
1406 4059 1473 4140 jure
1499 4073 1646 4143 perpetuo
1669 4071 1697 4118 et

446 4169 697 4233 irrevocabiliter
714 4167 940 4251 possidendam
959 4183 990 4228 et
1002 4167 1308 4249 quomodocumque
1322 4165 1461 4228 voluerit
1473 4162 1694 4248 disponendam

445 4277 530 4360 juxta
556 4275 781 4338 condicionem
806 4275 942 4336 civitatis
966 4287 1142 4356 prenotate.

551 4383 628 4444 Item
653 4381 728 4462 quia
754 4380 947 4442 Benedictus
971 4379 1055 4442 filius
1083 4377 1216 4460 Georgii
1248 4377 1323 4440 dicti
1349 4378 1523 4440 Ztanchich
1547 4391 1576 4439 et
1597 4375 1691 4437 Elena

445 4487 534 4551 aliter
558 4489 647 4549 lellra
672 4501 783 4549 vocata
814 4486 878 4548 filia
912 4487 1055 4548 eiusdem
1089 4483 1221 4565 Georgii
1255 4483 1441 4562 Ztanchrch,
1466 4485 1499 4545 id
1523 4503 1592 4545 curn
1613 4478 1693 4542 sulfi-

445 4596 540 4658 cienti
575 4595 761 4656 testimonio
793 4613 900 4655 coram
935 4593 1027 4654 nobis
1055 4593 1085 4652 in
1119 4590 1239 4672 judicio
1272 4591 1355 4653 clare
1380 4591 1633 4672 comprobarunt,
1663 4597 1694 4645 nt

445 4702 522 4763 dum
558 4699 698 4782 prefatus
732 4699 891 4781 Georgius
922 4698 1093 4760 Ztanchich
1126 4712 1215 4781 pater
1239 4699 1381 4781 ipsorum
1414 4697 1445 4758 in
1471 4695 1612 4759 extremis
1634 4692 1691 4752 vite

445 4828 501 4869 sue
525 4807 712 4888 temporalis
735 4807 921 4884 laborasset,
954 4820 1028 4867 tunc
1054 4805 1119 4886 ipse
1152 4804 1317 4866 intestatus
1349 4805 1389 4865 ab
1412 4802 1472 4864 hac
1503 4804 1573 4864 luce
1593 4799 1690 4860 deces-

445 4915 545 4991 sisset,
570 4927 600 4973 et
623 4913 699 4994 quia
724 4914 791 4995 ipse
816 4914 1008 4974 Benedictus
1039 4910 1123 4972 filius
1155 4925 1186 4972 et
1210 4911 1292 4972 dicta
1325 4910 1425 4972 Elena
1457 4909 1523 4971 filia
1547 4928 1579 4970 ac
1599 4905 1688 4966 eciam

446 5020 564 5081 Paulus
588 5019 687 5080 cliens
712 5039 796 5080 nunc
817 5021 847 5080 in
866 5021 1008 5102 partibus
1029 5017 1142 5078 alienis
1166 5016 1312 5079 habitans
1328 5015 1412 5077 filius
1436 5015 1579 5077 similiter
1599 5010 1690 5092 ipsius
