3678 5800
559 541 646 598 Anno
669 552 758 616 [435.
783 572 824 582 -
848 553 897 598 21.
914 539 1066 613 januarii.
1377 555 1439 617 219

175 747 230 810 lati
254 749 381 812 Nicolai
407 751 602 833 Lippouecz,
628 751 660 811 in
677 750 819 832 predicta
840 751 965 812 civitate
983 763 1014 813 et
1038 750 1106 812 eius
1122 749 1283 812 territorio
1310 749 1436 828 habitis,

176 855 376 934 existentem,
401 877 472 918 cum
498 858 650 920 omnibus
681 858 746 918 suis
776 858 966 919 utilitatibus
991 869 1021 918 et
1054 857 1259 939 pertinenciis
1284 856 1440 918 universis

175 977 357 1024 memorato
382 963 553 1026 Leonardo
579 964 693 1044 jurato,
716 965 840 1026 concivi
873 977 994 1042 nostro,
1018 983 1055 1025 ac
1085 983 1141 1046 per
1165 981 1237 1024 eum
1262 961 1326 1024 suis
1350 962 1440 1024 here-

175 1069 271 1130 dibus
308 1071 490 1132 nacionibus
515 1085 545 1132 et
569 1071 670 1132 causis
702 1091 739 1131 ex
770 1069 931 1153 premissis
961 1069 1130 1132 statuimus
1161 1083 1315 1152 perpetuo
1339 1069 1440 1150 possi·

176 1173 316 1237 dendam
334 1190 365 1236 et
381 1176 690 1257 quomodocumque
708 1177 846 1238 voluerit
863 1176 1098 1259 disponendam
1113 1175 1197 1256 juxta
1215 1174 1440 1238 condicionem

175 1281 313 1342 civitatis
335 1297 501 1363 prenotate
525 1284 565 1345 ab
590 1285 724 1365 antiquo
756 1284 978 1366 approbatam,
1012 1283 1139 1344 nemine
1164 1282 1292 1364 penitus
1315 1293 1439 1342 contra-

175 1386 301 1450 dicente
325 1409 385 1449 nec
409 1390 519 1471 aliquo
544 1389 778 1452 contradictore
802 1402 987 1472 apparente.

284 1494 361 1556 ltem
396 1496 472 1576 quia
505 1495 651 1558 Thomas
678 1495 763 1558 lilius
791 1495 921 1558 Andree
953 1496 985 1556 id
1010 1515 1083 1558 cum
1114 1493 1285 1557 sufficienti
1309 1505 1340 1554 et
1362 1491 1439 1554 lide·

176 1598 277 1680 digno
293 1615 476 1664 nostrorum
494 1603 676 1664 concivium
700 1603 887 1664 testimonio
905 1603 1030 1664 insede
1048 1616 1154 1664 nostra
1173 1599 1338 1683 judiciaria
1357 1599 1439 1660 clare

175 1719 207 1767 et
229 1707 349 1768 seriose
373 1727 482 1770 coram
508 1710 601 1770 nobis
625 1709 657 1770 in
682 1709 802 1791 judicio
827 1709 1060 1791 comprobavit,
1085 1723 1120 1771 ut
1144 1709 1221 1769 dum
1247 1707 1345 1790 proba
1365 1723 1440 1766 con-

176 1811 251 1872 dam
277 1814 394 1875 mulier
417 1815 542 1896 Agatha
567 1814 659 1876 aliter
680 1819 809 1898 Agycza
827 1828 950 1894 vocata,
974 1813 1039 1876 filia
1064 1815 1192 1876 Andree
1217 1811 1375 1889 Piuarich,
1392 1830 1440 1872 re·

176 1918 251 1980 licta
276 1921 365 2002 olym
390 1921 552 1983 Valentini
585 1921 808 1983 Mozlauchich
842 1922 873 1982 in
906 1921 1055 1984 extremis
1079 1922 1142 1984 vite
1175 1941 1230 1982 sue
1254 1917 1441 2001 temporalis

176 2025 363 2106 laborasset,
387 2041 463 2090 tunc
487 2029 555 2110 ipsa
578 2029 710 2090 totalem
736 2029 923 2110 porcionem
955 2029 1121 2090 cuiusdam
1154 2028 1270 2089 domus
1294 2039 1325 2088 et
1349 2023 1440 2086 fundi

176 2130 280 2212 ipsam
304 2132 437 2212 juridice
461 2149 491 2196 et
515 2135 689 2197 literatorie
714 2149 973 2214 concernentem,
990 2134 1135 2218 predicto
1153 2134 1282 2196 Thome
1301 2131 1439 2194 vendere

177 2250 209 2298 et
233 2257 291 2319 pro
316 2239 423 2301 anima
446 2261 502 2303 sua
527 2242 706 2323 expendere
724 2242 903 2323 legavisset,
929 2242 1068 2324 ideoque
1086 2262 1144 2302 nos
1168 2240 1344 2324 predictam
1369 2257 1441 2320 por·

178 2343 307 2406 cionem
331 2345 447 2408 domus
464 2361 495 2410 et
516 2346 617 2426 fundi,
642 2349 829 2430 porcionem
847 2348 996 2410 videlicet
1020 2349 1118 2431 ipsius
1139 2347 1261 2428 Agathe
1286 2345 1442 2423 mulieris,

178 2468 253 2510 cum
284 2451 350 2513 suis
383 2455 598 2534 pertinenciis,
630 2455 774 2536 predicto
806 2454 935 2516 Thome
964 2455 1093 2536 plenam
1125 2451 1287 2516 vendendi
1319 2465 1349 2514 et
1382 2471 1440 2534 pro

177 2555 285 2618 anima
308 2558 407 2639 ipsius
429 2561 554 2642 Agathe
572 2561 773 2644 expendendi
797 2562 966 2623 statuimus
982 2560 1164 2624 facultatem
1191 2559 1377 2622 racionibus
1402 2577 1440 2618 ex

177 2682 350 2744 premissis.

259 2829 355 2906 Feria
383 2843 483 2908 sexta
514 2839 546 2906 in
575 2837 661 2908 lesto
689 2839 845 2910 videlicet
874 2839 971 2910 beate
999 2835 1138 2926 Agnetis
1166 2837 1310 2925 virginis
1340 2840 1372 2904 et

649 2964 803 3033 martiris
841 2961 976 3034 Christi.

691 3109 752 3176 (21.
768 3099 929 3177 sirnuarail.

288 3215 365 3277 ltem
397 3237 469 3278 cum
504 3217 710 3282 honorabiles
740 3220 799 3282 viri
836 3220 959 3282 domini
993 3219 1136 3300 Capituli
1168 3217 1301 3280 ecclesie
1334 3233 1442 3296 aegra·

179 3319 300 3381 biensis
324 3323 497 3404 quemdam
523 3347 651 3387 servum
669 3327 791 3388 domini
819 3326 983 3388 Michaelis
1000 3326 1194 3388 succentoris
1211 3325 1292 3386 dicte
1310 3323 1442 3386 ecclesie

179 3428 407 3509 zagrabiensis,
433 3451 506 3494 cum
530 3432 646 3494 eodem
679 3434 814 3495 domino
845 3433 1002 3496 Michaele
1027 3446 1213 3495 succentore
1244 3445 1384 3494 nostram
1409 3431 1441 3492 in

180 3536 380 3614 presenciam
405 3539 435 3599 in
462 3538 570 3600 sedem
598 3555 738 3603 nostram
771 3539 972 3620 judiciariam
997 3553 1106 3601 contra
1140 3538 1319 3600 lohannem
1352 3538 1443 3600 aliter

182 3639 275 3722 Gyan
290 3643 461 3724 pellificem
475 3645 577 3707 lilium
597 3647 691 3726 Petri,
712 3648 878 3708 concivem
896 3661 1051 3724 nostrum,
1069 3645 1316 3708 transmisissent
1333 3657 1443 3706 contra

181 3747 320 3809 eundem
347 3749 451 3833 Gyani
481 3773 537 3814 seu
569 3753 749 3814 lohannem
781 3753 952 3836 pellificem
978 3773 1016 3814 eo
1049 3752 1148 3813 modo
1173 3763 1389 3834 proponentes
1413 3763 1444 3812 et

182 3852 334 3936 dicentes,
360 3859 526 3939 quomodo
551 3879 610 3921 nos
642 3861 747 3941 ipsum
779 3880 906 3922 servum
932 3860 1007 3922 dicti
1041 3859 1162 3921 domini
1190 3857 1354 3920 Michaelis
1386 3877 1443 3918 no·

181 3961 267 4024 mine
291 3963 486 4044 Emericum,
510 3967 708 4045 monoclum,
732 3967 773 4028 de
797 3967 913 4045 Crisio,
940 3966 980 4028 ad
1013 3967 1200 4028 instanciam
1226 3966 1325 4048 ipsius
1350 3965 1442 4048 Gyan

183 4069 330 4151 pellificis
353 4073 474 4154 absque
499 4074 587 4136 oriani
612 4073 706 4156 culpa
731 4075 833 4156 ipsius
858 4074 995 4136 Emerici
1025 4073 1272 4136 detinuissemus
1295 4073 1442 4155 potencia

182 4176 355 4256 mediante,
380 4192 411 4240 et
434 4179 509 4260 quia
534 4181 601 4262 ipse
627 4180 720 4263 Gyan
745 4179 875 4262 pellifex
909 4193 1011 4241 certos
1034 4193 1065 4240 et
1089 4179 1236 4262 ydoneos
1259 4179 1344 4240 viros
1368 4198 1443 4240 con·

182 4283 267 4344 cives
290 4285 410 4346 scilicet
434 4300 559 4347 nostros
575 4285 755 4368 fidedignos
772 4299 882 4348 contra
909 4287 1014 4367 ipsum
1034 4285 1217 4346 Emericum
1236 4285 1443 4367 producebat,

185 4389 353 4470 quomodo
378 4392 443 4473 ipse
470 4391 635 4454 Emericus
658 4413 768 4454 servus
794 4393 893 4475 ipsius
910 4393 1004 4476 Gyan
1025 4392 1170 4476 pellificis
1195 4391 1306 4453 luisset
1330 4405 1360 4454 et
1384 4392 1443 4453 sibi

186 4495 217 4556 in
243 4496 388 4576 pluribus
412 4498 552 4579 pellibus
575 4499 730 4560 hinulinis
761 4519 796 4560 ac
832 4499 903 4561 aliis
927 4500 1020 4561 certis
1052 4499 1146 4560 rebus
1177 4498 1242 4558 suis
1266 4497 1443 4580 dampnum

183 4603 352 4682 intulisset,
377 4617 407 4666 et
431 4607 474 4666 ob
497 4605 579 4668 hanc
602 4625 729 4667 causam
751 4606 891 4668 eundem
908 4606 1094 4668 Emericum
1118 4619 1282 4687 tamquam
1308 4625 1396 4666 reum
1414 4617 1445 4666 et

185 4709 378 4791 culpabilem
403 4731 476 4772 cum
500 4713 602 4794 capite
627 4733 686 4774 suo
719 4713 853 4774 detineri
879 4712 1003 4774 fecisset
1035 4712 1158 4795 justicia
1189 4712 1389 4794 requirente;
1414 4723 1445 4774 et

184 4817 312 4879 tandem
338 4818 415 4880 dum
440 4819 507 4900 ipse
533 4820 697 4882 Emericus
722 4821 761 4882 de
786 4841 909 4882 carcere
935 4820 1068 4882 emissus
1097 4821 1260 4898 extitisset,
1284 4833 1361 4880 tunc
1384 4819 1443 4900 ipsi

185 4923 276 5007 Gyan
301 4924 432 5008 pellifici
458 4926 490 4987 in
516 4947 554 4988 eo
578 4947 685 4992 coram
709 4927 854 5009 pluribus
879 4926 1049 5006 fidedignis
1066 4927 1141 4987 viris
1165 4927 1385 5008 supplicasset,
1410 4938 1445 4985 ut

189 5031 290 5112 ipsum
318 5031 348 5091 in
367 5032 509 5114 predicta
534 5052 627 5094 causa
644 5053 739 5116 super
755 5033 812 5094 XL
830 5033 978 5094 denarios
996 5033 1177 5113 dimisisset,
1195 5033 1325 5094 demum
1343 5033 1444 5094 eciam
