3740 5810
613 512 700 572 Anno
723 527 811 590 1431.
836 547 880 557 —
903 528 953 575 22.
970 516 1063 591 sanai.
1411 536 1463 595 ¹4¹

201 721 334 784 Martini
358 741 375 783 a
400 722 453 784 die
477 724 733 805 comparacionis
757 725 856 806 ipsius
872 725 966 787 vinee
990 723 1156 806 hucusque
1181 727 1385 807 persolvisset
1409 749 1467 791 nec

201 829 305 892 eciam
330 830 515 911 persolvere
539 831 666 893 debitor
689 829 811 894 luisset.

311 935 390 998 Item
414 937 490 1018 quia
516 936 610 999 Clara
636 935 701 999 filia
725 937 851 1000 Nicolai
876 937 985 1000 relicta
1011 939 1149 1001 Emerici
1175 938 1389 1020 juramentum
1408 942 1467 1004 sibi

201 1042 235 1104 in
260 1041 346 1105 Iacto
364 1043 465 1106 debiti
482 1043 553 1105 XIII
569 1064 742 1127 pensarum
763 1044 969 1107 denariorum
987 1064 1178 1126 magnorum
1196 1059 1305 1108 contra
1324 1047 1467 1109 Marcum

201 1169 338 1231 parvum
373 1150 509 1232 prestitit
537 1163 572 1212 ut
603 1151 726 1230 debuit,
759 1150 832 1212 ideo
865 1151 932 1233 ipse
958 1151 1083 1213 Marcus
1114 1151 1209 1214 debet
1233 1153 1292 1214 sibi
1318 1152 1469 1215 videlicet

202 1255 300 1318 Clare
325 1275 427 1339 usque
452 1257 632 1339 quindenas
656 1256 695 1318 de
721 1256 872 1340 predictis
897 1256 967 1318 XIII
996 1257 1102 1339 pensis
1126 1258 1331 1320 denariorum
1356 1259 1467 1343 inpen-

201 1363 279 1424 dere
304 1363 481 1446 plenariam
505 1362 771 1426 satisfachonem.

310 1469 389 1531 Item
414 1470 489 1552 quia
515 1468 675 1552 Georqus
699 1483 852 1552 purgator
875 1469 1060 1550 gladiorum
1094 1469 1179 1532 filius
1204 1472 1334 1556 Mathye
1359 1489 1468 1538 contra

201 1575 374 1636 Nicolaum
400 1575 576 1638 Prechinen
601 1576 817 1658 juramentum
840 1576 900 1638 sibi
917 1575 1138 1657 adiudicatum
1156 1578 1189 1638 ln
1214 1577 1298 1642 Iacto
1315 1579 1467 1643 lurticinii

200 1681 341 1764 prestitit
365 1694 399 1743 ut
423 1681 545 1762 debuit,
570 1683 643 1745 ideo
660 1683 728 1766 ipse
751 1683 904 1745 Nicolaus
928 1683 1050 1746 dictum
1068 1681 1262 1766 Gregorium
1286 1705 1381 1767 super
1397 1687 1467 1770 ipso

200 1786 287 1850 lacto
312 1786 466 1850 Iurticinii
491 1787 630 1851 reddidit
653 1790 799 1871 quietum
824 1789 1075 1872 etexpeditum.

312 1895 390 1956 Item
416 1895 540 1957 Blasius
564 1895 668 1958 dictus
691 1896 793 1978 Wrag
817 1897 916 1958 tercio
940 1916 973 1958 se
997 1897 1142 1978 personis
1166 1909 1279 1959 contra
1297 1899 1465 1962 Nicolaum

201 2000 382 2063 Prechinen
407 2001 524 2083 jurabit
547 2015 661 2064 octavo
686 2001 737 2064 die
762 2021 857 2085 super
880 2021 967 2064 aram
996 2022 1165 2085 supereo,
1191 2015 1225 2065 ut
1249 2003 1317 2086 ipse
1344 2003 1467 2067 Blasius

200 2108 325 2170 nullam
350 2109 521 2191 pecuniam
545 2109 646 2192 ipsius
669 2109 793 2171 Nicolai
819 2109 1033 2172 subtraxisset.

227 2307 326 2383 Ieria
351 2317 450 2383 sexta
478 2315 634 2401 proxima
662 2319 740 2384 ante
768 2312 892 2384 leston
920 2313 1120 2385 Nativitatis
1150 2313 1238 2384 beati
1266 2313 1430 2402 Johannls

757 2438 913 2528 baptiste.

741 2592 803 2669 (22.
818 2593 926 2668 sienis).

311 2731 391 2793 Item
407 2731 519 2793 Petrus
536 2730 657 2812 juratus
673 2730 757 2793 filius
774 2731 858 2794 Petri
880 2730 1003 2813 Saphar
1019 2745 1128 2793 contra
1147 2732 1303 2793 Iacobum
1326 2731 1465 2812 juratum

198 2835 304 2899 filiurn
330 2837 485 2899 lobannis
509 2837 609 2920 Bolye
634 2839 738 2920 primo
763 2837 876 2899 citatus
908 2856 973 2898 non
998 2838 1187 2919 comparuit.

309 2943 388 3006 Item
413 2943 558 3006 Thomas
581 2945 682 3026 pistor
713 2963 833 3026 panum
866 2957 975 3005 contra
1007 2943 1144 3005 Paulum
1175 2943 1302 3026 pridem
1326 2943 1465 3025 juratum

198 3052 307 3133 primo
332 3051 445 3114 citatus
469 3070 533 3114 non
558 3051 748 3134 comparuit.

308 3156 386 3218 Item
412 3157 510 3218 Lucia
543 3157 651 3218 relicta
684 3157 820 3218 condam
854 3155 982 3218 Thome
1007 3156 1124 3218 sutoris
1156 3155 1231 3216 dicti
1258 3153 1465 3217 Gerdsewich

200 3275 313 3324 contra
338 3263 472 3324 Luciam
496 3262 639 3324 relictam
672 3261 821 3344 Gregorii
855 3261 1040 3342 Dragchech
1069 3260 1126 3322 filii
1158 3262 1257 3344 ipsius
1279 3260 1408 3322 Thome
1433 3261 1465 3321 in

199 3371 308 3452 primo
332 3369 452 3450 judicio
476 3369 620 3452 proxime
644 3368 782 3430 affuturo
806 3369 967 3430 tenebitur
990 3367 1195 3450 respondere.

309 3475 387 3538 Item
414 3475 526 3537 Petrus
549 3474 670 3557 juratus
694 3474 778 3536 lilius
804 3475 886 3536 Petri
913 3474 1035 3558 Saphar
1058 3488 1168 3535 eontra
1190 3474 1360 3536 Nicolaum
1387 3473 1465 3534 Kra-

199 3584 296 3665 wyak
320 3581 426 3664 prImo
450 3582 563 3643 citatus
590 3600 655 3643 non
680 3581 870 3664 comparuit.

310 3687 387 3750 Item
413 3687 488 3770 quia
511 3687 686 3751 Katherina
711 3687 819 3749 relicta
844 3687 982 3748 condam
1011 3687 1144 3768 Georgii
1170 3687 1335 3768 piscatoris
1361 3687 1464 3747 Koza-

199 3793 278 3878 rych
303 3793 390 3872 dicti,
415 3793 447 3855 id
471 3813 544 3856 cum
561 3792 730 3856 sufficienti
749 3807 779 3855 et
795 3791 960 3874 fidedigno
978 3807 1161 3855 nostrorum
1178 3792 1361 3854 concivium
1378 3792 1465 3853 testi-

200 3901 314 3964 monio
339 3901 462 3963 insede
480 3915 587 3963 nostra
603 3900 771 3982 judiciaria
789 3900 872 3962 clare
890 3901 1122 3982 comprobavit,
1140 3913 1175 3961 ut
1192 3899 1331 3981 quedam
1349 3899 1465 3960 domus

200 4021 232 4071 et
264 4007 384 4070 fundus
416 4009 515 4090 ipsius
547 4007 679 4090 Georgii
713 4007 870 4069 Kozarich
903 4007 934 4069 in
960 4007 1086 4069 clvitate
1119 4006 1227 4068 habita
1264 4020 1294 4068 et
1318 4005 1466 4084 existens,

200 4135 275 4177 cum
299 4114 366 4176 suis
388 4115 593 4197 pertinenciis
616 4127 689 4196 post
712 4113 839 4175 obitum
869 4113 970 4195 ipsius
994 4112 1126 4195 Georgii
1151 4113 1317 4194 piscatoris
1341 4111 1465 4172 domiai

200 4234 232 4283 et
256 4221 363 4283 mariti
387 4221 435 4283 sui
461 4235 492 4283 et
515 4233 587 4302 post
611 4221 735 4282 obitum
761 4239 934 4301 puerorum
964 4239 1076 4280 eorum
1100 4239 1195 4300 super
1220 4219 1321 4300 ipsam
1348 4217 1464 4279 Kathe-

199 4327 305 4388 rinam
327 4341 481 4409 tanquam
507 4326 635 4388 unicam
659 4325 811 4388 heredem
836 4339 866 4388 et
889 4325 1091 4408 superstitem
1116 4327 1259 4408 ipsorum
1288 4325 1393 4386 vIvam
1418 4345 1465 4385 re-

200 4445 386 4495 manentem
413 4432 566 4495 devoluta
591 4432 694 4494 extitit
726 4445 756 4493 et
787 4431 985 4492 redundatua
1008 4431 1093 4512 juxta
1127 4433 1226 4514 ipsius
1250 4432 1385 4492 civitatis
1411 4451 1464 4492 an-

199 4539 324 4621 tiquam
349 4539 615 4601 consvetudinem
634 4552 665 4600 et
681 4538 917 4621 prIvilegIatam
934 4538 1126 4616 libertatem,
1153 4538 1226 4599 ideo
1252 4557 1310 4598 nos
1327 4538 1464 4599 eandem

201 4644 335 4708 domum
361 4659 393 4706 et
415 4644 551 4706 fundum
577 4663 649 4706 cum
675 4644 836 4726 premissis
860 4644 982 4706 cunctis
1009 4644 1074 4706 suis
1098 4644 1289 4706 utilitatibus
1314 4657 1345 4706 et
1369 4645 1464 4726 perti·

200 4751 324 4813 nenciis
348 4751 504 4812 universis
521 4751 625 4812 eidem
644 4750 818 4813 Katherine
836 4750 963 4810 mulieri
989 4769 1024 4810 ac
1041 4769 1097 4831 per
1114 4769 1185 4810 eam
1202 4750 1266 4810 suis
1291 4748 1464 4811 heredibus

200 4859 371 4921 statuimus
388 4870 420 4920 et
443 4857 664 4919 commisImus
688 4871 843 4938 perpetuo
862 4856 1089 4939 possidendam
1107 4871 1138 4916 et
1155 4855 1463 4937 quomodocumque

199 4966 339 5028 voluerit
364 4965 596 5048 disponendam
622 4963 707 5044 juata
732 4963 956 5025 condicionem
990 4963 1137 5024 civitatis.
