3678 5800
857 569 942 625 Anno
967 581 1054 643 1432.
1082 599 1122 610 -
1148 562 1178 626 6.
1195 567 1288 641 janai.

537 776 615 839 Item
640 779 715 859 quia
733 777 879 840 Thomas
903 774 988 837 filius
1006 774 1089 838 Petri
1113 774 1330 856 juramentum
1346 775 1406 838 sibi
1423 775 1569 838 solitario
1586 791 1689 837 contra

432 902 564 945 uxorem
590 881 723 964 Georgii
742 879 902 966 Aythycb,
922 881 1024 942 Kussa
1041 892 1198 958 vocatam,
1223 894 1255 942 et
1271 881 1478 942 Ambrosium
1503 880 1604 942 filium
1623 879 1689 944 Cle·

434 989 551 1052 mentis
576 989 760 1070 privignum
786 987 884 1070 ipsius
909 985 1041 1068 Georgii
1067 987 1099 1047 in
1123 984 1208 1048 facto
1241 985 1407 1047 cuiusdam
1431 987 1578 1068 pecunie,
1602 1005 1690 1066 quam

435 1096 515 1158 alias
540 1095 606 1176 ipsa
629 1114 708 1156 uxor
725 1093 858 1174 Georgii
883 1107 914 1154 et
938 1093 1041 1154 dictus
1058 1093 1248 1154 Ambrosius
1272 1105 1382 1154 contra
1407 1093 1512 1173 ipsum
1538 1091 1689 1153 Thomam

437 1204 671 1285 proponebant,
697 1220 753 1283 per
772 1201 892 1280 juratos
924 1199 1142 1280 adjudicatum
1174 1199 1309 1281 prestitit
1339 1217 1434 1281 super
1466 1218 1516 1276 eo,
1542 1199 1690 1280 utipsam

436 1309 605 1392 pecuniam
620 1308 793 1388 litigiosam
817 1307 952 1368 omnino
969 1305 1174 1387 persolvisset
1194 1319 1224 1366 et
1248 1305 1346 1366 nichil
1372 1305 1499 1386 penitus
1523 1325 1560 1365 ex
1578 1303 1690 1365 eisdem

403 1433 404 1438 ’
434 1415 559 1478 debitor
584 1414 798 1491 remansisset,
823 1413 897 1473 ideo
922 1413 1026 1494 ipsum
1052 1411 1216 1473 Thomam
1233 1430 1329 1494 super
1353 1411 1439 1473 dicto
1464 1410 1642 1490 juramento
1665 1425 1692 1486 et

436 1523 513 1605 ipsis
538 1521 681 1603 pecuniis
706 1519 905 1580 reddidimus
929 1518 1056 1600 penitus
1080 1517 1276 1600 expeditum.

543 1645 620 1706 ltem
649 1644 724 1724 quia
749 1643 934 1704 Anthonius
961 1640 1099 1704 carnifex
1124 1641 1208 1703 lilius
1229 1641 1383 1704 iohannis
1406 1640 1464 1702 lilii
1490 1641 1631 1724 Myklini,
1662 1643 1691 1700 ut

435 1754 467 1814 in
492 1770 620 1814 causam
645 1763 805 1827 attractus,
825 1768 920 1831 super
937 1749 1094 1810 universis
1111 1747 1226 1810 debitis
1239 1749 1370 1810 domine
1395 1747 1568 1810 Katherine
1585 1748 1685 1808 relicte

437 1859 574 1921 condam
600 1856 739 1918 Ladislai
765 1855 840 1918 dicti
866 1855 1114 1932 Brolrunowich,
1139 1854 1204 1915 filie
1229 1855 1324 1933 Petri,
1347 1875 1435 1916 nunc
1458 1854 1610 1916 consortis
1633 1854 1686 1936 Sy·

437 1965 544 2027 monis
568 1963 682 2044 judicis
706 1961 921 2044 provincialis,
947 1975 982 2022 ut
1015 1961 1138 2022 actricis
1170 1975 1201 2023 et
1232 1961 1365 2044 predicti
1402 1960 1540 2022 Ladislai
1566 1959 1688 2021 viriani

438 2072 653 2154 juramentum
670 2069 729 2130 sibi
746 2088 803 2150 per
819 2069 938 2149 juratos
962 2068 1156 2149 nuperrime,
1181 2067 1332 2130 videlicet
1349 2067 1426 2129 feria
1450 2081 1535 2129 sexta
1553 2066 1686 2149 proxima

438 2191 510 2261 post
535 2177 649 2239 festum
675 2175 900 2259 Apparicionis
932 2175 1030 2236 sancti
1064 2175 1229 2236 Michaelis
1262 2174 1456 2256 archangeli,
1480 2175 1686 2256 adjudicatum

437 2299 467 2346 et
493 2285 523 2345 in
550 2285 682 2344 fraterno
706 2293 815 2343 nostro
832 2282 971 2362 presenti
992 2281 1156 2342 communi
1175 2283 1408 2362 consignatum,
1433 2295 1541 2343 contra
1559 2281 1684 2342 eandem

437 2391 602 2452 dominam
629 2387 837 2450 Katherinam
862 2401 897 2449 ut
920 2387 1079 2466 actricem,
1104 2387 1240 2468 prestitit
1257 2401 1287 2448 et
1311 2387 1461 2470 deposuit
1487 2407 1581 2470 super
1604 2407 1639 2447 eo
1658 2399 1689 2447 ut

438 2496 560 2574 debuit,
592 2508 627 2555 ut
659 2495 724 2576 ipse
755 2493 941 2555 Anthonius
972 2493 1111 2554 carnifex
1142 2493 1182 2554 de
1214 2493 1364 2576 predictis
1396 2494 1553 2555 universis
1583 2491 1688 2554 debitis

436 2604 536 2684 ipsius
561 2601 692 2662 domine
718 2599 892 2662 Katherine
918 2613 949 2661 et
973 2597 1086 2682 prefati
1111 2599 1252 2661 Ladislai
1279 2601 1338 2661 viri
1362 2601 1410 2661 sui
1436 2601 1542 2662 eidem
1566 2599 1685 2661 domine

437 2707 612 2770 Katherine
630 2707 764 2770 omnino
777 2704 979 2768 satisfecisset
992 2719 1022 2768 et
1035 2705 1138 2768 adhuc
1156 2706 1285 2788 insuper
1303 2706 1415 2768 eadem
1433 2707 1564 2768 domina
1582 2705 1686 2767 Kathe-

437 2817 505 2876 rina
530 2833 603 2876 cum
619 2814 720 2875 tribus
744 2812 813 2875 flor.
840 2813 907 2874 auri
926 2813 1053 2874 racione
1072 2812 1153 2874 inter
1177 2813 1263 2894 ipsos
1280 2811 1397 2891 habita,
1415 2812 1550 2874 debitrix
1577 2831 1686 2873 reman-

438 2923 527 2984 sisset
552 2935 583 2983 et
606 2933 749 3002 preterea
774 2919 813 2980 ad
836 2919 952 3002 pignus
970 2939 1067 3001 penes
1089 2919 1177 3000 quod
1201 2919 1318 3001 juravit
1338 2920 1521 2982 Anthonius
1546 2918 1682 3002 prefatus,

439 3029 544 3090 eidem
558 3027 689 3088 domine
700 3025 872 3087 Katherine
887 3039 1024 3107 quatuor
1041 3046 1155 3109 pensas
1165 3027 1398 3088 viennensium
1422 3040 1452 3088 et
1465 3027 1524 3088 XV
1537 3027 1685 3090 wiennen-

437 3155 487 3197 sea
501 3134 719 3212 concessisset,
734 3133 872 3214 ideoque
890 3133 964 3214 quia
983 3135 1049 3214 ipse
1064 3133 1214 3213 magister
1231 3133 1414 3194 Anthonius
1427 3132 1566 3194 carnifex
1582 3133 1688 3194 dictum

438 3242 651 3323 juramentum
677 3240 810 3300 omnino
835 3251 870 3300 ut
890 3239 1001 3300 debuit
1018 3239 1175 3322 deposuit,
1201 3239 1359 3320 prefatum
1378 3239 1578 3300 Anthonium
1602 3256 1685 3319 super

439 3350 508 3430 ipso
533 3347 715 3429 juramento
739 3366 775 3406 ac
800 3344 929 3428 prefatis
953 3346 1109 3407 universis
1133 3345 1248 3407 debitis
1272 3366 1328 3428 per
1352 3350 1508 3426 prefatam
1534 3345 1686 3407 dominam

440 3453 649 3516 Katherinam
682 3465 791 3514 contra
824 3453 928 3534 ipsum
961 3453 1095 3514 actitatis
1135 3472 1170 3514 ac
1202 3473 1239 3513 ex
1271 3465 1359 3534 parte
1392 3452 1536 3514 eiusdem
1569 3451 1686 3513 domine

440 3561 614 3623 Katherine
639 3559 839 3621 reddidimus
862 3557 930 3620 fore
955 3559 1099 3639 quietum
1133 3571 1163 3620 et
1187 3579 1243 3641 per
1274 3559 1384 3620 omnia
1408 3559 1605 3635 absolutum;
1627 3575 1686 3639 pre·

440 3669 545 3730 dictos
569 3680 677 3728 autem
701 3680 764 3728 tres
788 3665 857 3728 flor.
882 3667 949 3726 auri
975 3679 1006 3726 et
1030 3666 1113 3748 ipsas
1130 3679 1268 3748 quatuor
1291 3685 1405 3748 pensas
1420 3665 1645 3727 viennensium
1661 3675 1687 3722 et

438 3775 497 3836 XV
521 3774 723 3835 viennenses
746 3793 803 3854 per
827 3773 1002 3855 predictam
1028 3772 1194 3834 dominam
1219 3772 1427 3834 Katherinam
1452 3772 1511 3853 ipsi
1537 3768 1684 3832 Anthonio

441 3879 580 3942 carnifici
606 3899 707 3960 usque
732 3879 771 3940 ad
797 3879 976 3960 quindenas
999 3878 1219 3939 commisimus
1250 3877 1491 3960 persolvendos.

545 4005 623 4066 Item
641 4005 715 4086 quia
733 4004 780 4065 vir
797 4004 950 4086 providus
968 4003 1146 4065 Marthinus
1165 4003 1267 4064 dictus
1285 4003 1406 4081 lwsich,
1424 4003 1564 4064 concivis
1580 4013 1683 4076 noster,

440 4113 471 4174 id
497 4131 569 4174 curn
594 4110 764 4173 sufficienti
790 4125 822 4173 et
846 4109 1009 4192 fidedigno
1034 4123 1216 4171 nostrorum
1250 4110 1431 4171 concivium
1456 4108 1634 4171 testimon-io
1657 4106 1683 4166 in

439 4219 513 4281 sede
538 4231 645 4280 nostra
670 4217 834 4298 judiciaria
869 4217 901 4278 id
926 4217 1008 4278 clare
1040 4235 1147 4278 coram
1181 4217 1273 4278 nobis
1306 4217 1539 4298 comprobavit,
1564 4227 1596 4277 ut
1619 4213 1684 4273 dum

439 4325 487 4387 vir
511 4326 648 4388 condam
673 4325 835 4406 providus„
851 4324 1012 4386 lohannes
1036 4325 1138 4385 dictus
1167 4323 1300 4406 Terbyn
1326 4324 1357 4385 in
1383 4323 1531 4386 extremis
1555 4324 1614 4384 vite
1637 4339 1684 4381 sue

440 4432 626 4510 laborasset,
651 4445 727 4492 tunc
762 4430 828 4512 ipse
861 4431 1035 4512 quemdam
1067 4429 1204 4491 fundum
1235 4449 1328 4492 suum
1353 4431 1385 4491 in
1418 4431 1545 4492 civitate
1568 4425 1688 4512 prefata,

440 4539 545 4620 ipsum
569 4537 701 4618 juridice
721 4551 977 4614 concernentem,
1002 4557 1075 4598 cum
1099 4537 1163 4598 suis
1180 4537 1385 4618 pertinenciis
1400 4537 1544 4618 predicto
1561 4535 1687 4598 Martino

440 4658 604 4724 tamquam
628 4664 686 4706 suo
711 4663 786 4705 vero
811 4643 1029 4705 commissario
1051 4635 1189 4706 vendere
1214 4657 1244 4704 et
1268 4644 1307 4704 de
1330 4643 1475 4726 pecuniis
1500 4663 1558 4726 pro
1583 4642 1687 4724 quibus

441 4751 633 4813 venderetur
658 4750 776 4812 fundus
800 4750 939 4832 prefatus
971 4770 1029 4831 pro
1062 4751 1167 4811 anima
1198 4750 1297 4831 ipsius
1321 4749 1477 4812 iohannis
1501 4765 1686 4811 commemo·

441 4858 584 4918 raciones
609 4856 711 4919 facere
737 4870 768 4920 et
792 4857 954 4919 residuum
978 4856 1114 4918 fideliter
1138 4857 1318 4939 expendere
1343 4876 1401 4938 pro
1426 4857 1533 4917 anima
1558 4853 1688 4917 eiusdem

443 4964 622 5044 legavisset,
648 4964 787 5045 ideoque
812 4983 870 5025 nos
887 4963 1066 5046 predictum
1091 4961 1228 5024 fundum
1245 4963 1343 5046 ipsius
1368 4961 1523 5024 iohannis
1546 4981 1616 5023 curn
1631 4958 1687 5020 suis
