3876 5798
678 563 764 622 Anno
787 577 877 640 1443,
904 597 944 606 —
969 576 1019 623 22.
1035 561 1123 638 julii.
1464 581 1524 642 393

293 799 387 872 Feria
418 804 523 872 larcin
552 804 704 891 proxima
738 811 815 890 post
842 803 965 872 festum
1003 803 1098 872 beate
1126 797 1218 872 Anne
1247 803 1369 876 matris
1398 801 1493 870 beate

738 927 859 1040 'Maris
886 928 1041 1014 virginIs.

806 1097 869 1170 (22.
887 1097 982 1172 julia).

372 1237 449 1299 Item
476 1236 606 1320 Mathey
630 1238 755 1320 Marysa
781 1252 889 1299 contra
915 1236 1114 1319 Stephanum
1144 1235 1340 1319 Ocztowych
1357 1237 1461 1318 primo
1487 1235 1528 1296 ci-

266 1357 349 1405 tatus
374 1363 436 1406 non
463 1345 652 1426 comparuit.

373 1467 450 1529 Item
468 1467 561 1548 jurati
578 1466 844 1548 adjudicaverunt
868 1488 994 1530 causam
1012 1468 1115 1528 XXVI
1133 1467 1201 1530 flor.
1220 1467 1287 1528 auri
1311 1467 1391 1528 inter
1409 1465 1529 1526 Lucam

267 1573 305 1634 de
332 1575 512 1635 Rakkonok
537 1587 747 1636 mercatorem
772 1589 803 1636 et
827 1575 908 1635 inter
933 1574 1110 1656 Elyzabeth
1136 1575 1279 1635 relictam
1305 1573 1432 1655 Mathye
1459 1573 1528 1632 Zta·

269 1680 380 1742 korich
404 1700 511 1742 coram
536 1680 646 1762 juratis
669 1693 790 1742 motam
814 1681 870 1742 tali
897 1681 1005 1759 modo,
1030 1696 1064 1742 ut
1088 1681 1155 1761 ipsa
1181 1681 1357 1762 Elyzabeth
1382 1679 1449 1740 sola
1474 1698 1530 1738 sua

269 1789 301 1848 in
327 1808 462 1870 persona
487 1803 601 1850 octavo
626 1788 676 1848 die
702 1787 804 1868 jurare
829 1789 989 1849 tenebitur
1008 1807 1103 1868 super
1128 1807 1214 1848 aram
1240 1799 1349 1847 contra
1373 1784 1529 1868 prelatum

268 1894 387 1956 Lucam
414 1907 564 1971 actorem,
597 1907 632 1956 ut
662 1914 720 1955 nec
753 1895 819 1975 ipsa
844 1914 901 1956 nec
926 1892 1066 1974 prelatus
1089 1893 1234 1975 Mathyas
1259 1891 1434 1974 Stakorych
1460 1910 1529 1972 pre-

209 2051 211 2058 .
269 1999 373 2061 dIctos
397 2000 511 2080 viginti
536 1999 612 2082 (sex)
637 1999 706 2062 flor.
739 2001 806 2061 auri
831 2002 871 2061 ab
897 2000 1010 2062 eodem
1037 2001 1121 2062 Luca
1153 2013 1329 2060 mercatore
1361 1998 1530 2078 recepisset

267 2125 323 2166 seu
357 2107 566 2188 percepisset,
599 2125 656 2166 nec
689 2107 755 2188 ipsa
798 2127 854 2168 nec
888 2106 954 2189 ipse
986 2126 1061 2168 suus
1089 2106 1222 2168 maritus
1256 2105 1401 2186 Mathyas
1434 2103 1529 2166 babet

269 2213 350 2273 circa
375 2233 407 2273 se
432 2232 491 2274 nec
514 2213 627 2274 habuit
657 2213 797 2295 prelatos
829 2213 928 2295 ipsius
953 2213 1038 2274 Luce
1069 2212 1171 2274 XXVI
1197 2214 1265 2275 flor.
1302 2211 1382 2286 auri,
1406 2210 1460 2271 sed
1493 2211 1524 2270 in

269 2318 361 2380 totali
394 2318 535 2400 predicta
568 2338 623 2379 sua
656 2319 785 2380 accione
816 2319 970 2380 innocens
1003 2333 1085 2380 esset
1108 2319 1235 2399 penitus
1267 2331 1297 2378 et
1320 2317 1467 2392 innoxia;
1492 2315 1532 2377 de

269 2443 331 2506 qua
370 2423 612 2505 adjudicacione
649 2425 715 2506 ipse
748 2425 851 2486 Lucas
882 2445 947 2486 non
983 2437 1152 2486 contentus
1187 2423 1362 2506 appellavit
1396 2421 1532 2483 eandem

270 2550 398 2592 causam
415 2550 473 2612 pro
490 2529 578 2592 finali
596 2531 695 2613 ipsius
712 2531 948 2594 deliberacione
966 2531 1004 2592 ad
1023 2531 1178 2612 judicium
1195 2530 1338 2611 judicum
1355 2529 1530 2590 seniorum.

376 2655 453 2716 Item
479 2655 554 2736 quia
579 2655 725 2737 Mathyas
749 2656 909 2736 organista
934 2656 1037 2718 dictus
1062 2657 1159 2716 Iudas
1184 2674 1315 2717 uxorem
1341 2654 1530 2734 legittimam

269 2761 408 2843 turpiter
441 2761 634 2843 vituperavit
658 2762 835 2823 Sebastiani
866 2761 1016 2823 Soldinar
1047 2762 1133 2840 dIcti,
1163 2776 1308 2843 tempore
1339 2775 1533 2841 treugarum,

269 2880 366 2949 prout
390 2867 475 2928 idem
501 2867 706 2946 Sebastianps
731 2867 881 2929 Soldinar
904 2887 1012 2929 coram
1036 2868 1146 2949 juratis
1168 2865 1362 2930 sufficienter
1387 2884 1533 2947 compro-

272 2973 372 3050 bavit,
397 2973 471 3035 ideo
504 2973 598 3056 jurati
632 2975 731 3056 ipsam
765 2994 893 3036 causam
924 2975 1028 3036 taliter
1059 2975 1323 3056 adjudicaverunt
1354 2973 1440 3054 quod
1467 2973 1533 3052 ipse

270 3078 418 3162 Mathyas
442 3080 602 3161 organista
626 3082 778 3142 remansit
810 3081 841 3141 in
866 3081 926 3141 XX
958 3081 1065 3163 pensis
1090 3081 1296 3142 denarIorum
1329 3092 1439 3139 contra
1464 3096 1532 3158 pre-

271 3184 388 3246 dictam
412 3206 544 3247 uxorem
570 3187 669 3268 ipsius
694 3187 872 3248 Sebastiani
907 3187 1057 3248 Soldinar
1089 3186 1281 3268 judIcialiter
1313 3185 1478 3246 convictus
1503 3197 1533 3244 et

272 3306 462 3372 aggravatus
486 3293 598 3354 ordine
623 3291 700 3373 juris
724 3293 915 3374 requirente.

377 3415 453 3477 Item
480 3416 554 3497 quia
580 3417 679 3477 Lucia
704 3417 811 3498 puella
837 3417 951 3477 ancilla
976 3416 1107 3478 domine
1132 3416 1231 3478 Elene
1249 3415 1355 3478 uxoris
1380 3413 1534 3476 lobannis

271 3521 424 3583 institoris
449 3523 479 3583 id
512 3521 706 3584 sufficienter
735 3542 843 3584 coram
876 3523 985 3604 juratis
1017 3523 1249 3604 comprobavit,
1281 3522 1369 3604 quod
1393 3519 1534 3603 prefatus

273 3627 420 3711 Mathyas
445 3629 606 3710 organista
638 3630 739 3710 ipsam
772 3643 844 3690 ante
876 3643 1002 3712 tempus
1035 3643 1219 3711 treugarum
1252 3629 1388 3710 turpiter
1412 3627 1534 3707 vitupe-

271 3735 362 3812 ravit,
387 3735 460 3796 idco
492 3736 558 3816 ipse
593 3734 740 3819 Mathyas
772 3737 932 3817 organista
964 3757 1020 3818 per
1051 3735 1326 3818 adjudicacionem
1357 3733 1533 3814 juratorum

273 3841 427 3902 remansit
444 3855 553 3903 contra
578 3843 755 3924 predictam
774 3843 906 3903 Luciam
928 3843 1070 3926 puellam
1095 3843 1126 3903 ln
1146 3842 1284 3922 birsagio
1307 3841 1337 3901 X
1362 3857 1534 3921 pensarum

272 3948 489 4009 denariorum.

378 4071 457 4134 Item
482 4091 610 4133 causam
636 4072 717 4133 inter
742 4073 929 4154 magistrum
954 4073 1125 4134 Nicolaum
1158 4073 1317 4135 literatum
1342 4085 1373 4133 et
1396 4071 1533 4151 juratum

274 4191 304 4238 et
329 4179 411 4238 inter
434 4177 635 4240 Anthonium
654 4179 780 4260 nigrum
806 4199 913 4241 coram
930 4179 1040 4261 juratis
1064 4180 1095 4240 In
1117 4178 1202 4241 iacto
1227 4179 1377 4261 vituperii
1402 4191 1535 4255 motam,

273 4283 372 4344 iidem
398 4284 491 4364 jurati
517 4304 618 4366 usque
643 4285 683 4346 ad
708 4285 847 4366 primum
880 4285 1034 4366 judicium
1063 4307 1102 4348 eo
1131 4287 1230 4347 modo
1255 4297 1477 4367 prorogarunt,
1501 4298 1535 4344 ut

272 4389 298 4448 si
324 4389 452 4452 interIm
477 4391 665 4452 concordari
689 4392 839 4472 poterim,
865 4393 946 4452 bene
971 4392 1114 4473 quidem,
1138 4391 1163 4454 si
1187 4407 1294 4454 autem
1320 4411 1396 4469 non,
1421 4404 1535 4452 extunc

273 4496 386 4558 eadem
412 4516 504 4557 causa
529 4510 604 4558 tunc
629 4496 724 4558 debet
748 4497 933 4579 adjudicari.

380 4621 457 4681 Item
481 4621 615 4704 Petrych
640 4621 679 4683 de
704 4621 864 4703 Pobresya
883 4621 983 4682 tercio
1007 4641 1039 4683 se
1057 4623 1200 4702 personis
1216 4621 1276 4682 sibi
1301 4621 1460 4682 similibus
1483 4640 1535 4681 oe-

273 4741 347 4788 tavo
376 4727 428 4788 die
452 4746 546 4808 super
572 4747 658 4788 aram
685 4741 795 4788 contra
821 4726 968 4810 Gurgycz
994 4729 1032 4787 de
1066 4729 1177 4788 eadem
1203 4741 1328 4789 tenetur
1352 4743 1383 4789 et
1406 4727 1536 4788 debebit

273 4832 381 4914 jurare
406 4853 463 4915 per
486 4833 763 4914 adjudicationem
789 4833 964 4914 juratorum
989 4853 1084 4914 super
1108 4853 1157 4911 e0,
1189 4847 1223 4895 ut
1248 4836 1314 4916 ipse
1339 4835 1371 4895 iu
1395 4837 1534 4896 subtrac-

274 4939 365 5001 cione
390 4941 489 5001 boum
515 4940 614 5022 ipsius
639 4939 788 5022 Gurgycz
813 4939 844 5000 in
871 4939 961 5001 nullo
986 4955 1031 5001 est
1055 4940 1224 5022 culpabilis
1247 4942 1302 5004 sed
1327 4942 1490 5006 Innocens.
