3740 5810
819 551 905 608 Anno
928 563 1020 629 1420.
1045 583 1085 594 -
1110 545 1143 610 8.
1166 549 1278 609 marta

515 769 612 843 Faria
640 781 738 842 sexta
767 773 920 860 proxima
949 776 1029 841 ante
1057 769 1179 840 festum
1208 769 1298 840 beati
1327 767 1478 857 Gregorii
1509 787 1602 856 pape.

958 919 1004 996 (8.
1028 923 1150 996 martii).

530 1064 607 1126 Item
631 1061 791 1145 Georgius
814 1061 1014 1145 Oprasnicha
1038 1074 1147 1124 contra
1173 1060 1379 1123 Valentinum
1403 1059 1529 1142 pridem
1545 1059 1688 1140 juratum

424 1169 566 1231 secondo
590 1169 704 1230 citatus
735 1189 800 1229 non
826 1168 1014 1250 comparuit.

529 1274 606 1335 Item
632 1274 750 1335 Paulus
774 1272 914 1335 carnifex
938 1284 1047 1334 contra
1074 1272 1209 1334 Paulum
1241 1272 1379 1354 juratum
1403 1272 1545 1334 secundo
1567 1272 1687 1332 citatus

425 1400 490 1442 non
515 1380 705 1462 comparuit.

531 1486 609 1548 ltem
626 1485 771 1548 Andreas
794 1499 904 1548 contra
921 1485 1136 1548 Jacomellum
1151 1485 1259 1567 primo
1276 1487 1390 1548 citatus
1406 1503 1472 1546 non
1496 1484 1689 1570 comparuit.

531 1591 609 1654 ltem
638 1592 782 1654 Andreas
805 1592 930 1674 pridem
954 1591 1076 1673 juratus
1107 1605 1218 1653 contra
1255 1591 1464 1654 Valentinum
1497 1609 1688 1673 arcuparum

426 1699 530 1780 primo
555 1699 668 1760 citatus
689 1717 754 1760 non
777 1699 967 1780 comparuit.

534 1803 611 1866 ltem
645 1824 740 1866 causa
773 1805 880 1866 relicte
913 1804 1156 1867 Gerdcheniche
1188 1817 1219 1867 et
1250 1804 1391 1867 Peruech
1420 1815 1545 1885 recepta
1570 1814 1618 1864 est
1649 1801 1689 1860 ad

426 1929 536 1991 pacem
560 1909 599 1971 ad
625 1911 766 1992 primum
788 1909 955 1992 judicium.

532 2017 609 2078 ltem
634 2036 727 2078 causa
751 2017 833 2079 inter
857 2017 1045 2098 magistrum
1063 2017 1242 2079 Fabianum
1267 2030 1298 2078 et
1322 2015 1499 2098 Georgium
1525 2013 1688 2076 Croacum

425 2121 567 2183 secundo
592 2135 718 2204 recepta
741 2136 789 2183 est
812 2121 851 2183 ad
877 2142 1000 2205 pacem.

532 2227 609 2289 ltem
644 2226 804 2310 Georgius
836 2229 976 2290 Puehich
1008 2242 1117 2290 contra
1157 2229 1357 2290 Anthonium
1389 2228 1515 2311 pridem
1546 2227 1687 2308 judicem

428 2319 505 2394 ieria
531 2346 618 2395 sexta
641 2336 785 2416 proxima
811 2348 882 2417 post
906 2349 1034 2397 octavas
1059 2337 1154 2397 Pasce
1177 2336 1338 2398 tenebitur
1362 2349 1501 2418 prestare
1525 2334 1689 2416 juramen-

426 2453 507 2519 tum,
532 2440 621 2521 quod
647 2441 714 2522 ipse
739 2438 899 2521 Georgius
923 2441 955 2502 in
979 2455 1046 2504 tota
1077 2443 1208 2503 accione
1233 2442 1332 2524 ipsius
1355 2441 1510 2502 Anthonii
1535 2441 1692 2500 innocens

428 2560 492 2622 est;
517 2545 556 2606 de
581 2566 646 2626 quo
688 2545 807 2621 judicio
832 2546 916 2608 idem
950 2547 1133 2610 Anthonius
1157 2568 1222 2610 non
1254 2560 1423 2610 contentus
1453 2546 1548 2608 traxit
1571 2545 1611 2606 ad
1645 2545 1691 2626 ju-

428 2651 515 2712 dices
538 2652 691 2714 seniores.

534 2757 611 2819 ltem
631 2756 725 2839 jurati
749 2757 983 2839 adjudicarunt,
1008 2759 1097 2840 quod
1121 2759 1197 2842 quia
1220 2758 1352 2830 domina
1375 2759 1481 2840 Agnia
1505 2776 1577 2819 cum
1593 2769 1690 2818 testa-

428 2875 538 2924 mento
563 2863 682 2926 Vrbani
708 2865 767 2931 viri
791 2865 840 2926 sui
865 2865 1049 2946 declaravit,
1081 2865 1168 2949 quod
1194 2865 1303 2927 omnia
1332 2884 1388 2927 sua
1413 2866 1498 2926 bona
1522 2863 1563 2925 ad
1587 2863 1690 2945 ipsam

428 2983 501 3030 sunt
525 2969 677 3032 devoluta
709 2970 794 3052 juxta
825 2983 1070 3052 testamentum,
1094 2971 1168 3034 ideo
1200 2971 1313 3034 eadem
1338 2973 1423 3034 bona
1455 2970 1561 3033 eidem
1583 2969 1692 3050 Agnie

427 3075 596 3137 statuimus
619 3075 823 3158 possidenda.

534 3181 612 3244 ltem
636 3181 730 3263 jurati
758 3182 992 3265 adjudicarunt,
1024 3185 1114 3266 quod
1146 3185 1221 3266 quia
1253 3183 1357 3246 Katha
1391 3182 1575 3262 declaravit,
1599 3179 1689 3263 quod

429 3286 565 3348 Mathias
589 3289 721 3350 maritus
738 3309 813 3350 suus
837 3289 913 3351 dum
931 3290 1058 3352 vivebat
1071 3291 1131 3352 sibi
1150 3289 1356 3352 medietatem
1373 3290 1489 3352 domus
1512 3308 1568 3350 sue
1592 3287 1690 3349 dimi·

428 3393 529 3470 sisset,
553 3393 627 3455 ideo
650 3394 819 3456 statuimus
842 3394 979 3456 eandem
1002 3397 1062 3457 sibi
1087 3396 1260 3478 possidere,
1284 3396 1443 3478 reliquam
1466 3394 1572 3478 pueris
1596 3409 1629 3456 et
1654 3413 1690 3455 ex

422 3499 497 3580 ipsa
520 3498 691 3561 medietate
723 3499 829 3561 debita
861 3500 1003 3577 solvere;
1028 3501 1068 3563 de
1099 3521 1165 3583 quo
1197 3502 1318 3583 judicio
1350 3502 1499 3583 magister
1528 3501 1692 3563 Fabianus

428 3619 615 3686 procurator
638 3626 702 3668 non
725 3619 893 3669 contentus
915 3608 1009 3671 traxit
1030 3608 1071 3670 ad
1094 3609 1236 3670 seniores
1260 3609 1390 3690 judices.

536 3711 614 3774 ltem
638 3711 731 3793 jurati
748 3712 982 3792 adjudicarunt,
1003 3714 1091 3795 quod
1117 3714 1297 3796 Stephanus
1315 3713 1463 3778 Kenehth
1481 3728 1590 3778 contra
1608 3714 1690 3778 Gre-

427 3819 555 3899 gorium
573 3817 711 3899 juratum
729 3817 806 3880 feria
831 3832 917 3881 sexta
934 3821 1079 3902 proxima
1095 3835 1167 3903 post
1183 3835 1311 3882 octavas
1328 3822 1424 3884 Pasce
1442 3821 1602 3884 tenebitur
1619 3841 1689 3903 pre-

428 3937 509 3985 stare
526 3923 753 4004 juramentum,
770 3924 858 4006 quod
875 3926 908 3986 in
925 3926 1015 3988 totali
1033 3927 1162 3988 accione
1180 3927 1279 4008 ipsius
1296 3925 1444 4008 Gregorii
1462 3928 1616 3990 innocens
1634 3939 1689 3990 est.

535 4029 613 4092 ltem
627 4029 719 4110 jurati
744 4030 968 4110 adjudicarunt
991 4045 1109 4094 rectam
1127 4032 1320 4094 divisionem
1343 4034 1436 4094 vinee
1461 4033 1542 4095 inter
1566 4033 1690 4094 Antho-

430 4135 520 4196 nium
546 4149 577 4198 et
601 4135 720 4198 liberos
744 4135 876 4218 Georgii
902 4157 969 4200 esse
994 4137 1110 4200 iactam
1126 4136 1293 4201 Anthonio
1316 4151 1439 4221 aparte
1457 4139 1688 4202 Frencheuich.

535 4241 612 4302 ltem
630 4241 775 4304 Thomas
800 4242 945 4305 chuirlr
970 4244 1025 4324 qui
1049 4264 1155 4326 supra,
1180 4243 1318 4328 (octavo)
1343 4245 1395 4307 die
1419 4259 1529 4308 contra
1553 4246 1690 4308 Paulum

429 4345 602 4408 Salkouich
627 4349 788 4410 tenebitur
812 4362 951 4431 prestare
969 4349 1196 4430 juramentum,
1222 4351 1310 4433 quod
1328 4351 1415 4414 idem
1440 4352 1559 4414 Paulus
1584 4352 1689 4434 ipsum

429 4465 634 4514 cruentasset.

534 4557 612 4620 ltem
629 4557 722 4640 jurati
740 4559 974 4642 adjudicarunt,
991 4562 1080 4644 quod
1098 4564 1173 4645 quia
1191 4563 1381 4627 Valentinus
1399 4563 1562 4627 Maschich
1579 4578 1689 4627 contra

428 4665 583 4726 Jacobum
609 4677 703 4726 testes
728 4685 792 4726 non
818 4667 978 4747 produxit,
1004 4668 1076 4730 ideo
1101 4669 1187 4730 idem
1217 4671 1355 4732 lacobus
1379 4691 1507 4732 causam
1530 4671 1688 4746 obtinuit;

428 4769 468 4832 de
493 4789 558 4851 quo
581 4769 702 4852 judicio
719 4771 908 4834 Valentinus
933 4793 997 4834 non
1015 4787 1183 4836 contentus
1206 4776 1300 4838 traxit
1323 4777 1363 4838 ad
1387 4778 1529 4839 seniores
1557 4776 1687 4856 judices.

534 4877 611 4938 ltem
645 4876 791 4939 Thomas
823 4877 964 4940 Ochvirk
996 4893 1106 4942 contra
1141 4881 1277 4943 Paulum
1309 4883 1480 4965 assumpsit
1513 4881 1690 4966 producere

426 4995 531 5062 testes,
555 4982 643 5063 quod
670 4983 775 5064 ipsum
802 5003 875 5044 cum
899 4984 991 5065 alapa
1015 4987 1231 5067 percussisset.
