3678 5800
539 560 740 638 Ann01433.
764 597 808 606 —
833 577 878 622 rr.
906 561 1070 623 decenbrss.
1377 586 1437 648 ¹99

167 771 230 834 vile
255 792 362 852 suum,
387 773 537 836 videlicet
560 774 736 855 quemdam
766 772 904 836 lundum
935 795 1030 837 suum
1062 775 1157 838 unius
1181 789 1306 859 quarte,
1331 778 1437 860 ipsum

166 879 342 942 literatorie
368 893 628 960 concernentem,
653 900 725 942 cum
751 881 817 942 suis
840 882 962 944 cunctis
994 882 1199 965 pertinenciis
1222 883 1328 946 eidem
1353 885 1437 948 Lau-

167 987 277 1048 rencio
301 987 427 1049 sororio
452 1006 511 1050 suo
535 987 666 1070 plenam
696 987 859 1052 vendendi
891 989 1027 1052 contulit
1058 1002 1261 1072 potestatem,
1296 991 1436 1074 ideoque

166 1112 228 1155 nos
252 1093 393 1155 eundern
411 1092 548 1156 fundum
572 1095 668 1156 unius
684 1107 796 1176 quarte
820 1094 907 1157 curie
928 1114 1001 1156 cum
1018 1095 1084 1158 suis
1106 1097 1313 1179 pertinenciis
1330 1099 1436 1162 eidem

166 1200 351 1262 Laurencio
373 1200 478 1282 jurato
502 1221 540 1262 ex
564 1201 694 1264 instanti
719 1201 819 1283 ipsius
849 1199 1008 1284 peticione
1032 1201 1163 1284 plenam
1187 1202 1350 1266 vendendi
1374 1219 1435 1268 sta·

165 1306 288 1368 tuimus
311 1319 513 1389 potestatem.

273 1413 353 1476 ltem
370 1413 482 1476 Petrus
496 1413 618 1495 juratus
635 1413 720 1477 lilius
744 1415 827 1477 Petri
847 1415 970 1499 Saphar
993 1428 1102 1478 eontra
1122 1415 1315 1480 Michaelem
1332 1417 1435 1481 filium

167 1520 298 1582 Andree
321 1521 464 1583 secundo
490 1521 604 1584 citatus
628 1540 693 1582 non
719 1522 909 1604 comparuit.

275 1626 355 1688 Item
379 1627 455 1709 quia
473 1626 633 1710 Georgius
656 1627 801 1690 literatus
817 1626 902 1690 filius
922 1627 1085 1690 Valentini
1116 1627 1174 1691 filii
1199 1629 1296 1708 lwan,
1313 1629 1346 1691 id
1363 1649 1436 1692 cum

167 1732 339 1796 sufficienti
357 1747 388 1796 et
401 1733 566 1817 fidedigno
584 1747 766 1797 nostrorum
784 1735 966 1797 concivium
984 1736 1171 1798 testimonio
1185 1736 1217 1796 in
1234 1736 1311 1798 sede
1328 1749 1437 1799 nostra

167 1839 251 1903 clare
276 1841 500 1923 comprobavit
524 1861 632 1904 coram
658 1841 761 1921 nobis,
786 1853 821 1904 ut
854 1840 933 1904 dum
964 1840 1106 1924 prelatus
1130 1842 1321 1905 Valentinus
1345 1855 1436 1928 pater

171 1946 271 2030 ipsius
296 1946 428 2028 Georgii
460 1947 576 2010 literati
609 1948 640 2010 in
673 1948 822 2010 extremis
853 1948 917 2010 vite
940 1967 997 2010 sue
1028 1949 1215 2032 temporalis
1244 1949 1430 2030 laborasset,

169 2066 245 2114 tunc
269 2053 337 2137 ipse
373 2054 535 2137 quandam
561 2053 696 2117 domum
728 2074 818 2117 suam
851 2054 948 2116 simul
978 2074 1052 2117 cum
1076 2053 1178 2116 fundo
1212 2069 1244 2117 et
1267 2053 1434 2134 hedificiis,

168 2179 267 2222 unam
291 2159 443 2224 videlicet
465 2174 613 2243 quartam
629 2161 716 2224 curie
734 2161 766 2222 in
788 2181 820 2222 se
837 2162 1040 2240 retinentem,
1056 2180 1131 2223 curn
1147 2161 1212 2222 suis
1228 2161 1434 2243 pertinenciis

167 2265 274 2328 eidem
298 2265 441 2349 Georgio
474 2268 601 2331 literato
633 2266 701 2329 filio
729 2287 787 2329 suo
819 2268 989 2350 legavisset
1013 2281 1043 2330 et
1074 2267 1248 2330 dimisisset
1272 2267 1340 2349 jure
1364 2288 1436 2351 per·

167 2372 299 2435 hennali
323 2373 562 2454 possidendam,
580 2373 720 2456 ideoque
737 2393 796 2436 nos
820 2373 956 2436 eandem
975 2373 1109 2436 domum
1135 2387 1165 2436 et
1181 2371 1320 2436 fundum
1338 2373 1435 2436 unius

168 2492 281 2562 quarte
307 2481 393 2542 curie
418 2499 491 2542 cum
515 2481 581 2542 suis
602 2480 808 2563 pertinenciis
831 2479 938 2542 eidem
955 2479 1098 2562 Georgio
1115 2479 1242 2542 literato
1267 2480 1438 2542 statuimus

168 2605 204 2646 ex
229 2585 396 2668 premissis
411 2585 640 2669 possidendam
657 2599 688 2648 et
708 2585 1017 2668 quomodocumque
1034 2586 1174 2648 voluerit
1197 2585 1435 2668 disponendam

168 2692 253 2774 juxta
280 2691 505 2756 condicionem
530 2692 667 2755 civitatis
690 2705 857 2776 prenotate
881 2692 1079 2774 abantiquo
1108 2693 1330 2776 approbatam.

276 2799 354 2860 Item
372 2799 469 2882 Elyas
485 2799 612 2861 institor
628 2811 738 2861 contra
764 2799 893 2861 Petrum
918 2797 958 2859 de
975 2799 1134 2861 Rakonolr
1151 2799 1295 2862 secundo
1321 2800 1435 2862 citatus

167 2923 233 2968 non
258 2907 449 2989 comparuit.

275 3013 354 3076 Item
379 3013 455 3094 quia
471 3013 587 3076 Vrsula
610 3012 676 3076 filia
694 3013 833 3076 condam
850 3013 948 3076 Blasii
965 3013 1042 3077 dicti
1059 3013 1245 3098 Nansichyn
1263 3033 1302 3076 ex
1318 3013 1435 3078 eodem

168 3131 199 3182 et
221 3119 359 3202 provida
382 3120 520 3182 condam
545 3119 680 3182 muliere
704 3125 828 3202 Agnete
844 3133 968 3200 vocata,
992 3135 1140 3184 consorte
1164 3119 1311 3183 eiusdem
1336 3120 1435 3183 Blasii

168 3225 340 3307 legittima,
364 3225 521 3308 legittime
546 3227 714 3308 progenita
739 3239 770 3288 et
790 3239 965 3309 procreata,
990 3227 1023 3289 id
1054 3246 1128 3290 curn
1151 3225 1322 3288 sufficienti
1347 3227 1434 3289 testi-

168 3332 282 3394 monio
305 3344 490 3394 nostrorum
514 3333 696 3395 concivium
722 3333 754 3394 in
771 3331 846 3395 sede
870 3345 978 3395 nostra
995 3333 1160 3416 judiciaria
1176 3333 1262 3395 clare
1287 3351 1435 3415 compro-

167 3440 257 3502 bavit
281 3459 390 3502 coram
414 3440 520 3519 nobis,
537 3453 572 3503 ut
588 3440 665 3502 dum
690 3439 812 3523 prefata
827 3444 938 3522 Agnes
954 3453 1056 3502 mater
1080 3440 1179 3522 ipsius
1195 3439 1310 3502 Vrsule
1334 3439 1367 3501 in
1384 3459 1436 3501 ex·

167 3545 279 3607 tremis
301 3547 365 3607 vite
389 3566 445 3608 sue
469 3547 656 3629 temporalis
679 3545 855 3608 laborasset
879 3560 910 3608 et
934 3547 1035 3608 eciam
1061 3546 1138 3608 dum
1156 3544 1308 3627 Egidium
1334 3545 1436 3606 carni-

167 3652 261 3716 ficem
286 3653 319 3714 in
342 3653 494 3716 maritum
525 3673 620 3716 suum
652 3653 844 3736 legittimum
879 3673 967 3714 more
1000 3665 1107 3714 sancte
1140 3671 1273 3714 romane
1299 3651 1435 3714 ecclesie

167 3759 404 3841 assumpsisset,
427 3773 504 3821 tunc
527 3759 595 3842 ipsa
619 3759 825 3822 medietatem
849 3759 997 3821 omniurn
1022 3761 1182 3820 bonorum
1206 3776 1340 3820 suorum
1365 3777 1434 3822 mo·

168 3865 285 3928 bilium
309 3865 461 3928 videlicet
483 3877 524 3928 et
555 3867 762 3928 inmobilium
795 3866 827 3928 in
861 3865 944 3928 dicta
969 3865 1095 3928 civitate
1127 3877 1159 3926 et
1182 3863 1251 3925 eius
1274 3863 1436 3926 territorio

168 3971 377 4034 existencium
402 3975 524 4055 prefate
540 3972 656 4034 Vrsule
672 3971 748 4052 lilie,
773 3972 870 4034 aliam
894 3985 1002 4035 autem
1020 3971 1224 4034 medietatem
1244 3968 1435 4032 eorumdem

168 4081 330 4142 bonorum
354 4097 484 4141 suorum
515 4078 660 4161 predicto
694 4079 813 4161 Egidio
845 4077 984 4140 carnifici
1014 4077 1183 4158 legavisset
1207 4089 1238 4138 et
1262 4075 1436 4137 dimisisset

167 4199 326 4268 perpetuo
356 4184 605 4268 possidendam,
637 4184 777 4266 ideoque
814 4203 872 4245 nos
911 4183 1025 4245 eadem
1056 4183 1205 4244 universa
1237 4183 1322 4244 bona
1351 4181 1435 4243 dicte

168 4291 304 4374 Agnetis
328 4291 473 4353 mulieris
497 4291 649 4375 predictis
672 4289 787 4352 Vrsule
817 4287 924 4372 quoad
949 4308 1046 4351 unam
1080 4287 1286 4350 medietatem
1311 4301 1342 4349 et
1366 4306 1434 4368 quo

170 4398 211 4460 ad
235 4397 332 4460 aliam
357 4397 564 4460 medietatem
582 4395 770 4459 eorumdem
789 4397 949 4457 bonorum
968 4395 1086 4476 Egidio
1110 4393 1249 4457 carnifici
1266 4393 1436 4456 statuimus

168 4517 326 4588 perpetuo
349 4502 589 4586 possidendam.

276 4610 356 4672 Item
373 4610 413 4672 ad
430 4609 619 4672 instanciam
644 4609 767 4671 domini
786 4608 917 4692 Mathye
930 4607 1060 4691 plebani
1077 4607 1117 4670 de
1135 4607 1304 4684 Rakonok,
1323 4606 1436 4667 Petrus

168 4718 209 4780 de
236 4717 420 4779 Rakltonolt
443 4717 591 4779 universa
623 4714 759 4779 literalis
791 4716 1000 4776 instrumenta
1025 4727 1055 4776 et
1079 4713 1140 4774 alia
1172 4713 1285 4794 quevis
1309 4711 1377 4792 jura
1403 4712 1434 4773 in

169 4825 252 4887 lacto
277 4823 360 4886 inter
384 4824 489 4906 ipsum
512 4837 543 4885 et
565 4823 744 4906 predictum
771 4821 939 4883 dominum
959 4819 1122 4904 Mathyam
1148 4819 1360 4902 presbiterum
1379 4816 1434 4879 ha-

169 4932 236 4994 bito
261 4944 293 4994 et
316 4943 460 4992 vertente
477 4949 584 4992 coram
610 4929 704 4992 nobis
727 4930 786 4990 sub
811 4949 893 5014 pena
917 4929 946 4989 X
962 4946 1142 4989 marcarum
1168 4925 1374 4987 denariorum
1393 4924 1432 4986 ad

169 5052 242 5104 octo
262 5038 336 5101 dies
360 5057 416 5102 seu
440 5036 480 5100 ad
497 5049 646 5102 octavum
672 5035 758 5100 diem
775 5035 931 5121 presentis
953 5033 1031 5099 lerie
1048 5033 1187 5098 secunde
1212 5033 1308 5096 debet
1325 5051 1432 5095 coram
