3678 5800
530 537 731 613 Ann01435.
756 568 796 580 —
822 531 874 595 18.
898 533 1067 597 novembris.

275 745 351 808 ltem
377 747 480 808 Lucas
504 745 591 809 faber
622 763 731 808 contra
758 747 968 808 Valentinum
1001 746 1165 830 Jagodych
1189 747 1295 829 primo
1319 747 1433 808 citatus

168 871 233 912 non
259 853 448 934 comparuit.

276 957 352 1020 ltem
385 958 547 1021 Jobannee
585 973 688 1022 sartor
720 959 853 1022 claudun
884 972 994 1023 contra
1029 961 1172 1022 relictam
1206 959 1360 1042 Stephani
1394 959 1435 1022 de

168 1062 378 1146 Mykcbewch
404 1064 509 1146 primo
537 1065 649 1128 citatus
673 1085 738 1128 non
763 1066 953 1148 comparuit.

275 1169 353 1232 Item
377 1170 471 1251 jurati
489 1170 754 1253 adjudicaverunt
777 1191 905 1234 causam
924 1173 1005 1234 inter
1030 1173 1184 1234 Jacobum
1204 1170 1383 1253 Liliwnych
1401 1185 1437 1233 ut

167 1275 200 1336 in
226 1295 355 1337 cansam
392 1289 561 1340 attractum
584 1291 615 1339 et
645 1278 728 1341 inter
753 1278 930 1360 Georgium
958 1278 1119 1340 literatum
1152 1289 1186 1339 ut
1211 1291 1350 1339 actorem
1375 1277 1434 1338 tali

167 1382 279 1461 modo,
304 1396 338 1444 ut
361 1403 441 1445 uxor
464 1383 565 1467 ipaiua
589 1383 722 1468 Georgii
746 1383 886 1446 secunda
907 1405 940 1446 se
965 1385 1025 1446 ribi
1049 1383 1208 1446 similibus
1232 1402 1331 1466 penes
1356 1381 1435 1444 effu-

166 1489 292 1550 aionem
317 1490 482 1571 sanguinis
505 1504 538 1552 et
568 1509 666 1572 penca
697 1491 958 1554 verberacionem
992 1511 1083 1554 auam
1115 1504 1230 1553 octavo
1257 1489 1310 1552 die
1341 1509 1437 1572 super

167 1613 256 1656 aram
288 1596 450 1658 tenebitur
481 1596 586 1679 jurare
619 1617 715 1680 anper
746 1618 796 1677 eo,
828 1613 863 1661 ut
887 1599 954 1680 ipse
987 1599 1126 1663 Jacobua
1158 1597 1331 1680 Liliunych
1363 1615 1436 1658 cum

167 1719 268 1763 uxore
283 1721 339 1763 aua
364 1702 482 1766 dictam
501 1723 633 1766 uxorem
652 1705 751 1787 ipsius
768 1703 901 1787 Georgii
921 1705 1036 1768 literati
1055 1724 1156 1786 usque
1180 1704 1220 1766 ad
1246 1703 1435 1766 effusionem

166 1809 332 1888 sanguinis
357 1811 531 1873 enormiter
554 1812 783 1875 verberassent.

272 1933 349 1996 Item
366 1933 460 2015 jurati
485 1935 760 2018 adjudicaverunt,
784 1949 819 1998 ut
842 1935 1003 2019 Georgius
1029 1937 1148 2017 juratus
1164 1937 1252 1999 solus
1275 1937 1371 2001 debet
1389 1937 1435 2019 jn·

166 2058 236 2100 rnre
261 2056 375 2102 octavo
400 2041 451 2103 die
475 2061 572 2126 super
594 2061 682 2105 aram
713 2056 822 2105 contra
849 2044 978 2105 Petrum
1003 2043 1164 2106 Croacum
1198 2045 1228 2106 in
1255 2043 1338 2107 facto
1364 2043 1431 2107 feni

166 2165 326 2228 supereo
349 2145 463 2228 jurare,
489 2163 523 2210 ut
547 2149 616 2231 ipse
641 2149 752 2210 Petrus
781 2149 924 2212 Croacna
948 2149 980 2211 in
1004 2149 1074 2232 ipso
1099 2149 1174 2212 feno
1200 2151 1231 2211 in
1254 2164 1303 2214 tot
1325 2151 1376 2213 vel
1400 2152 1432 2212 in

165 2265 214 2312 tot
237 2253 382 2314 curribus
405 2251 471 2315 feni
496 2255 548 2316 vel
572 2255 604 2316 in
633 2268 722 2317 tanto
744 2256 864 2335 valore,
889 2269 968 2337 quot
991 2268 1022 2317 et
1054 2271 1212 2338 quantum
1241 2257 1308 2340 ipse
1334 2256 1436 2336 Geor·

166 2359 239 2439 gius
262 2358 382 2440 juratus
405 2360 597 2440 nominabit,
629 2359 754 2424 fecisset
786 2362 982 2444 dampnum
1007 2376 1038 2424 et
1071 2362 1148 2424 dum
1182 2363 1250 2444 ipse
1277 2363 1437 2444 Georgius

168 2465 290 2546 juratus
313 2465 440 2547 jurabit,
464 2480 539 2529 tunc
571 2468 714 2550 precium
747 2487 806 2550 pro
838 2487 903 2550 quo
928 2481 1122 2530 convenerat
1158 2468 1242 2530 idem
1276 2468 1437 2551 Georgius

167 2590 240 2632 cum
264 2571 335 2654 ipso
359 2572 453 2634 Petro
476 2593 535 2654 pro
560 2571 801 2636 falcastracione
818 2575 893 2636 dicti
911 2573 975 2637 feni
1005 2574 1113 2636 eidem
1139 2575 1237 2637 Petro
1255 2576 1436 2657 persolvere

165 2677 338 2756 tenebitur,
362 2677 428 2760 ipse
452 2699 529 2740 vero
556 2679 669 2741 Petrus
692 2680 814 2741 dictum
842 2679 1019 2762 dampnum
1054 2681 1157 2764 ipsius
1183 2681 1316 2763 Georgii
1341 2673 1434 2764 jurati

166 2783 271 2845 eidem
296 2783 466 2847 refundere
489 2785 652 2848 tenebitur
676 2800 707 2848 et
731 2787 871 2849 debebit.

231 3000 329 3076 Feria
357 3012 456 3076 serta
486 3007 640 3094 proxima
670 3017 746 3078 ante
774 3007 898 3080 festum
926 3009 1023 3080 beate
1052 3005 1234 3098 Elyznbeth
1262 3009 1372 3082 vidne.

660 3156 726 3240 (18.
757 3162 940 3239 novembris).

274 3299 353 3361 Item
379 3300 481 3361 Lucae
504 3297 593 3362 faber
615 3314 724 3363 contra
741 3301 949 3363 Valentinum
967 3301 1136 3384 Jagodych
1160 3303 1303 3366 secundo
1320 3304 1434 3368 citatus

165 3425 232 3467 non
258 3407 448 3487 comparuit.

273 3511 352 3573 Item
384 3512 532 3596 Mathyaa
565 3513 733 3576 Farkasius
764 3527 874 3576 contra
907 3513 1101 3596 Gregorium
1134 3513 1236 3576 filium
1270 3517 1432 3580 Valentini

166 3619 272 3701 primo
298 3619 412 3680 citatus
435 3638 501 3681 non
526 3621 715 3702 comparuit.

269 3725 349 3786 Item
374 3725 520 3810 Mathyaa
545 3726 715 3788 Farkasiua
739 3743 848 3789 contra
874 3727 964 3789 Juree
981 3726 1162 3789 carnificem
1187 3727 1294 3810 primo
1318 3730 1433 3792 citatus

165 3851 232 3892 non
258 3832 450 3914 comparuit.

270 3938 347 3999 item
372 3937 554 4001 Anthonius
578 3938 717 4001 carnifex
735 3953 843 4002 contra
869 3940 959 4001 Jurae
981 3939 1161 4002 carnificem
1187 3941 1292 4022 primo
1317 3943 1432 4006 citatus

163 4065 229 4107 non
255 4045 448 4119 comparuit.

271 4149 348 4212 item
374 4149 536 4212 iohannes
553 4163 654 4213 sartor
670 4151 803 4213 claudus
819 4165 929 4214 contra
947 4152 1088 4214 relictam
1108 4151 1261 4236 Stephani
1279 4153 1319 4216 de
1338 4156 1429 4238 Myk-

161 4255 294 4318 chewch
318 4256 460 4318 secundo
485 4257 600 4318 citatus
626 4277 692 4319 non
716 4257 908 4340 comparuit.

270 4361 347 4424 item
373 4362 518 4424 Thomna
542 4363 681 4426 carnifex
699 4376 808 4426 contra
832 4365 922 4426 Jnree
939 4363 1123 4427 carnificem
1146 4366 1289 4428 secundo
1313 4351 1428 4429 citatus

164 4488 231 4530 non
257 4469 449 4550 comparuit.

271 4573 348 4636 Item
372 4575 471 4636 Elena
496 4593 627 4636 consors
651 4575 807 4657 legittima
832 4576 988 4639 iohannis
1012 4577 1165 4638 institoris
1189 4591 1298 4640 contra
1326 4577 1428 4640 Geor-

164 4679 253 4761 gium
278 4695 481 4762 purgatorem
503 4681 687 4761 gladiorum
709 4681 851 4744 secundo
876 4683 969 4744 citata
995 4702 1061 4744 non
1086 4685 1278 4764 comparuit.

271 4786 348 4848 item
373 4789 450 4868 quia
475 4787 595 4849 nobilia
619 4787 751 4850 domina
769 4789 867 4850 Lucia
891 4802 1014 4868 vocata,
1030 4787 1095 4850 filia
1113 4789 1251 4851 condam
1277 4789 1430 4873 Symonia

168 4891 206 4952 de
230 4893 331 4972 ziam,
356 4893 432 4955 dicti
458 4893 681 4978 Chepernych‚
706 4915 791 4956 nnnc
808 4915 938 4957 consors
962 4896 1118 4976 legittima
1138 4897 1257 4958 nobilis
1280 4897 1428 4958 similiter

171 4997 227 5058 viri
252 4999 379 5082 Mathye
415 5000 530 5062 literati
564 4999 620 5062 filii
653 5001 790 5063 condam
824 5003 934 5064 Jacobi
963 5003 1050 5085 olym
1083 5003 1247 5065 castellani
1273 5003 1321 5154 de6
1339 5003 1429 5065 Med·

1286 5115 1295 5154 1
