3734 5796
827 561 1029 638 Ann01440.
1054 593 1097 603 -—
1121 555 1151 620 8.
1169 561 1321 635 januarii.

498 779 594 852 Feria
624 783 730 852 tercia
760 783 914 868 proxima
944 789 1021 869 post
1048 781 1173 852 festum
1200 787 1397 852 sanctornm
1425 780 1668 852 lnnocencinnr.

933 931 1001 1012 (29.
1035 933 1215 1008 decembris).

551 1073 629 1135 Item
654 1073 729 1154 quia
754 1071 915 1154 Georgius
938 1073 1041 1134 dictus
1070 1073 1258 1156 Pecbenycb
1291 1073 1429 1136 condam
1454 1072 1621 1136 familiaris
1652 1074 1710 1135 dn·

445 1181 524 1242 mini
550 1180 689 1242 Ladislai
714 1179 790 1242 dicti
814 1178 924 1240 Thoth
957 1180 996 1240 de
1021 1179 1231 1241 Zomzedwar
1255 1193 1386 1263 propter
1420 1181 1529 1262 plures
1553 1181 1711 1263 depreda-

445 1288 553 1349 ciones
566 1299 596 1348 et
611 1283 692 1348 furta
706 1305 742 1347 ac
761 1285 963 1347 latrocinium
977 1283 1109 1347 anilesta
1124 1287 1155 1347 in
1170 1287 1337 1348 laternum
1352 1299 1497 1348 nostrum
1511 1285 1709 1367 judicionale

444 1413 573 1476 presens
597 1391 716 1474 pluries
739 1391 934 1474 proscriptus
957 1405 1013 1468 est,
1051 1405 1082 1454 et
1113 1393 1188 1474 quia
1212 1391 1276 1472 jam
1307 1393 1414 1454 denuo
1441 1393 1570 1454 easdem
1597 1393 1711 1476 depre-

444 1499 606 1577 daciones,
631 1497 714 1560 lurta
738 1513 769 1560 et
793 1498 959 1560 latrocinia
984 1511 1048 1559 tam
1073 1517 1168 1580 super
1188 1497 1274 1559 cives
1297 1512 1328 1560 et
1351 1497 1547 1561 habitatores
1570 1499 1709 1562 civitatis

444 1605 597 1688 predicte,
622 1623 718 1686 quam
744 1604 843 1666 eciam
869 1623 965 1685 super
989 1601 1131 1670 forenses
1154 1603 1193 1665 ad
1216 1605 1316 1687 ipsam
1343 1605 1504 1668 civitatem
1529 1619 1560 1668 et
1582 1606 1622 1668 de
1642 1607 1709 1689 ipsa

446 1711 573 1774 civitate
591 1709 870 1793 progredientibus
889 1725 919 1771 et
935 1711 1178 1792 progredientes
1193 1711 1398 1793 perpetravit,
1414 1727 1446 1773 et
1469 1712 1600 1795 insuper
1617 1713 1710 1776 certis

445 1818 633 1880 concivibus
657 1816 773 1878 nostris
796 1835 882 1878 nunc
914 1831 944 1878 et
968 1817 1046 1878 alias
1078 1817 1192 1877 adres
1224 1832 1255 1878 et
1278 1836 1448 1900 personam
1481 1838 1593 1880 eorum
1619 1821 1708 1881 abre·

443 1923 616 2002 nunciavit,
640 1923 779 2002 ideoque
804 1922 897 2004 jurati
930 1923 1069 1984 eundem
1099 1921 1277 2003 Georgium
1302 1923 1492 2006 Pecbenycb
1526 1923 1614 2004 juxta
1637 1946 1707 2007 pre-

442 2031 539 2092 missa
563 2049 619 2091 sua
643 2029 797 2090 demerita
822 2047 939 2111 penam
967 2029 1131 2112 suspendii
1164 2029 1374 2091 decreverunt
1404 2029 1542 2093 finaliter
1565 2032 1705 2093 subeun-

442 2137 531 2214 dum,
554 2154 665 2219 ymmo
689 2135 824 2197 omnino
848 2134 1110 2217 suspendendum
1140 2135 1378 2198 sentenciarunt
1400 2156 1438 2199 ex
1462 2157 1513 2217 e0,
1538 2137 1614 2218 quia
1638 2137 1705 2220 ipse

442 2243 551 2304 omnia
575 2241 728 2324 premisse
760 2261 816 2302 sua
849 2240 930 2303 facta
955 2240 1055 2303 lassus
1087 2255 1133 2302 est
1164 2241 1295 2324 proprio
1323 2262 1381 2304 suo
1414 2262 1487 2319 ore;
1514 2243 1705 2325 quiquidem

443 2349 605 2430 Georgius
629 2345 818 2431 Pecbenycb
843 2363 914 2431 post
937 2349 1039 2430 ipsam
1056 2347 1334 2430 adjudicacionem
1356 2362 1387 2411 et
1402 2349 1601 2412 sentenciam
1624 2349 1705 2430 jura-

440 2471 547 2519 torum
575 2453 672 2516 hodie
697 2469 744 2516 est
767 2473 938 2538 suspensus
962 2453 1048 2534 juxta
1073 2454 1226 2516 demerita
1251 2474 1307 2515 sua
1331 2469 1509 2537 prenotata.

506 2691 602 2766 Feria
631 2699 729 2764 sexta
758 2693 912 2782 proxima
940 2698 1017 2781 post
1044 2692 1165 2764 lestum
1193 2689 1454 2782 Epiphaniarnm
1481 2693 1625 2766 Domini.

849 2841 896 2918 (8.
911 2843 1064 2924 jernuan'r',
1087 2865 1157 2906 ann.
1181 2845 1291 2928 1440).

547 3003 624 3064 Item
650 3003 725 3084 quia
750 3002 919 3083 religiosus
943 3003 991 3064 vir
1015 3001 1110 3064 frater
1134 3003 1327 3066 Benedictus
1346 3003 1553 3084 gwardianus
1577 3005 1702 3066 claustri

441 3110 524 3171 beati
551 3109 710 3170 Francisci
735 3107 936 3186 confessoris,
961 3123 992 3171 et
1017 3109 1208 3172 Benedictus
1228 3123 1329 3171 sartor
1352 3107 1437 3170 filius
1461 3110 1643 3190 Michaelis,
1659 3111 1703 3192 ju-

442 3231 538 3295 ratus,
571 3216 718 3278 concives
749 3215 865 3294 nostri,
895 3216 927 3276 id
960 3235 1032 3276 cum
1068 3215 1237 3278 sufficienti
1262 3231 1293 3277 et
1324 3213 1489 3298 fidedigno
1521 3231 1701 3281 nostrorum

443 3323 626 3384 concivium
650 3322 836 3383 testimonio
853 3322 885 3382 in
910 3322 984 3382 sede
1009 3336 1116 3383 nostra
1133 3322 1299 3404 judiciaria
1324 3323 1407 3384 clare
1423 3337 1454 3384 et
1477 3324 1598 3386 seriose
1615 3343 1699 3386 com·

442 3433 618 3513 probarunt
634 3449 743 3490 coram
760 3429 863 3506 nobis,
882 3441 917 3489 ut
933 3429 1009 3489 dum
1028 3429 1076 3489 vir
1092 3427 1229 3490 condam
1256 3429 1410 3510 providus
1427 3427 1589 3510 Georgius
1606 3432 1701 3492 cliens

442 3537 528 3599 filius
557 3535 709 3613 Ladislai,
741 3535 900 3597 habitator
932 3549 962 3596 et
995 3535 1133 3596 inclinus
1164 3536 1299 3598 civitatis
1332 3535 1473 3618 predicte
1498 3535 1530 3597 in
1556 3537 1702 3598 extremis

442 3643 506 3704 vite
530 3663 585 3704 sue
609 3642 795 3724 temporalis
820 3641 1005 3720 laborasset,
1029 3655 1103 3703 tunc
1121 3642 1189 3724 ipse
1214 3641 1377 3704 universas
1395 3661 1467 3703 suas
1490 3663 1540 3704 res
1565 3659 1598 3704 et
1621 3645 1701 3706 bona

438 3749 572 3812 mobilia
597 3749 630 3810 in
655 3749 738 3810 dicta
763 3749 888 3810 civitate
913 3749 1036 3810 eteius
1067 3749 1228 3810 territorio
1260 3768 1316 3810 seu
1340 3749 1419 3810 alias
1452 3749 1557 3810 ubivis
1581 3749 1702 3812 habitas

438 3871 469 3919 et
489 3857 670 3934 existentia,
688 3855 792 3937 ipsum
811 3856 868 3916 rite
886 3868 916 3916 et
933 3854 1089 3936 legittime
1107 3869 1334 3916 concernentes
1351 3867 1383 3916 et
1398 3855 1568 3935 tangencia
1587 3857 1699 3936 quovis

438 3963 578 4025 nominis
592 3961 750 4023 vocabulo
764 3975 887 4040 vocata,
901 3981 973 4022 cum
987 3961 1052 4022 suis
1068 3960 1273 4042 pertinenciis
1283 3974 1314 4022 et
1327 3961 1518 4022 utilitatibus
1536 3962 1700 4039 universis,

436 4068 567 4154 prefatis
591 4067 677 4129 fratri
701 4067 875 4128 Benedicto
892 4066 1078 4148 gwardiano
1100 4081 1131 4128 et
1148 4067 1322 4129 Benedicto
1350 4067 1466 4128 sartori
1491 4066 1608 4147 jurat0,
1624 4081 1699 4128 tarn-

437 4197 534 4258 quam
554 4176 636 4238 veris
652 4187 683 4236 et
700 4174 864 4254 legittimis
881 4173 1107 4235 commissariis
1124 4187 1154 4235 et
1172 4173 1395 4235 executoribus
1413 4173 1555 4255 ipsarum
1572 4193 1697 4235 suarum

437 4301 543 4344 rerum
568 4295 599 4344 et
616 4283 775 4343 bonorum
793 4279 920 4341 easdem
947 4299 997 4340 res
1013 4293 1044 4341 et
1067 4281 1152 4341 bona
1169 4299 1224 4340 sua
1242 4280 1378 4340 mobilia
1396 4299 1454 4362 pro
1478 4281 1586 4342 anima
1604 4281 1698 4363 ipsius

437 4387 570 4470 Georgii
595 4388 720 4468 elargiri
746 4401 776 4448 et
800 4386 989 4448 distribuere
1022 4385 1107 4466 juxta
1139 4386 1267 4448 libitum
1291 4405 1385 4447 suum
1418 4387 1592 4448 verbaliter
1616 4387 1697 4468 lega·

436 4496 531 4556 visset
548 4509 578 4555 et
593 4495 766 4556 dimisisset
784 4492 920 4554 fideliter
944 4506 975 4554 et
994 4492 1242 4571 conscienciose,
1267 4491 1407 4573 ideoque
1425 4512 1484 4553 nos
1507 4494 1635 4555 easdem
1653 4513 1698 4554 res

436 4615 467 4666 et
491 4603 575 4662 bona
600 4600 736 4661 mobiles
760 4619 815 4660 seu
847 4599 980 4660 mobilia
1012 4599 1155 4660 eiusdem
1188 4597 1321 4680 Georgii
1353 4599 1478 4661 clientis
1512 4598 1599 4678 juxta
1630 4619 1697 4682 pre·

436 4709 553 4769 dictam
578 4707 778 4787 legacionem
802 4704 964 4767 verbalem
990 4705 1132 4766 eiusdem
1152 4703 1284 4786 Georgii
1309 4705 1448 4785 clientis,
1465 4704 1598 4788 prefatis
1614 4725 1695 4767 com-

435 4813 588 4876 missariis
626 4827 657 4874 et
692 4811 915 4874 executoribus
948 4812 1134 4872 earumdem
1169 4831 1299 4874 suarum
1335 4832 1441 4874 rerum
1478 4825 1509 4873 et
1540 4815 1694 4874 bonorum

435 4921 564 5003 plenam
590 4919 768 5000 exequendi
794 4931 825 4980 et
849 4917 1041 4999 disponendi
1070 4917 1273 4980 attribuimus
1305 4917 1490 4980 facultatem
1516 4918 1603 5000 juxta
1627 4939 1691 5002 pre·

435 5028 563 5091 missam
589 5026 788 5107 legacionem
814 5025 975 5086 verbalem
1007 5023 1137 5106 Georgii
1171 5025 1340 5108 prenotati,
1372 5022 1467 5088 salvis
1500 5026 1623 5108 juribus
1645 5045 1691 5086 ec-
