3796 5812
776 571 862 626 Auno
884 565 979 646 1448.
1006 602 1045 612 —
1064 583 1099 643 5.
1123 571 1236 642 aprilis.

380 780 430 840 cui
456 779 531 841 bovi
555 783 717 842 subtracto
741 800 797 862 per
822 781 926 862 ipsum
951 780 1125 842 Martinum
1159 793 1190 844 et
1213 780 1317 842 socios
1352 799 1427 842 suos
1452 781 1651 863 investigato

381 885 514 966 vestigia
538 886 704 948 extradere
728 905 792 948 non
813 899 998 968 potuerunt,
1030 886 1127 948 hodie
1152 899 1296 970 presente
1329 887 1472 970 predicto
1499 885 1648 968 Georgio

379 991 483 1074 jurato
516 1005 625 1054 nostro
659 991 827 1070 moderno,
858 1011 897 1054 eo
929 992 1029 1054 modo
1061 995 1265 1075 prestiterunt
1292 1005 1322 1056 et
1354 994 1582 1076 deposuerunt,
1610 1008 1648 1056 ut

380 1098 439 1180 ipsi
464 1099 610 1160 nesciunt
627 1117 692 1180 quo
717 1099 783 1180 ipse
807 1099 866 1160 bos
881 1096 995 1180 prefati
1014 1099 1141 1160 Martini
1159 1119 1216 1181 per
1241 1099 1344 1162 furem
1369 1100 1468 1183 ipsius
1492 1101 1547 1182 qui
1564 1101 1642 1160 sub·

379 1205 472 1266 traxit
496 1223 570 1266 eunt
596 1203 705 1266 suisset
722 1204 845 1285 ductus,
870 1224 927 1266 nec
944 1205 1004 1287 ipsi
1029 1203 1060 1266 in
1082 1205 1197 1268 eodern
1214 1206 1296 1268 bove
1312 1207 1440 1288 penitus
1463 1205 1649 1288 culpabiles

380 1307 523 1389 fuissent,
547 1310 602 1372 sed
628 1311 659 1372 in
684 1310 774 1372 totali
799 1310 932 1372 accione
955 1311 1054 1392 ipsius
1082 1311 1211 1372 Martini
1236 1325 1267 1372 et
1290 1310 1402 1394 prefati
1427 1311 1556 1373 Thome
1581 1311 1642 1373 do·

380 1417 457 1477 mini
483 1417 530 1477 sui
557 1417 744 1480 innocentes
768 1429 872 1478 essent
896 1417 1024 1499 penitus
1044 1429 1075 1479 et
1104 1417 1237 1496 innoxii,
1262 1417 1401 1500 ideoque
1425 1419 1512 1501 ipsos
1528 1437 1649 1480 omnes

379 1520 568 1604 jobagiones
591 1523 752 1604 predictos
776 1523 808 1583 in
827 1523 987 1606 Pobresys
1011 1543 1029 1584 s
1053 1521 1139 1585 furtu
1157 1523 1256 1606 ipsius
1280 1523 1371 1585 bovis
1391 1524 1557 1586 reddimus
1574 1523 1647 1586 fore

380 1630 557 1712 expeditos.

485 1735 562 1796 Item
594 1735 669 1816 quis
701 1734 843 1818 prefatus
875 1735 1031 1797 Martinus
1064 1733 1194 1816 jobsgio
1226 1735 1325 1816 ipsius
1350 1735 1478 1797 Thorne
1511 1736 1542 1796 in
1567 1755 1643 1816 pre·

379 1841 462 1903 dicta
487 1841 578 1904 Cheh
603 1841 759 1920 habitans,
783 1861 856 1903 cum
884 1841 1141 1923 conjuratoribus
1172 1841 1237 1902 suis
1261 1861 1317 1902 seu
1342 1855 1541 1924 quartusmet
1565 1862 1641 1903 cum

379 1948 444 2009 suis
468 1947 733 2030 conjuratoribus,
761 1947 927 2010 videlicet:
954 1948 1082 2010 Andrca
1113 1947 1181 2009 filio
1205 1947 1362 2010 Anthonii
1387 1961 1417 2010 et
1440 1949 1548 2010 Blasio
1572 1947 1643 2010 filio

380 2053 513 2135 Georgii
539 2075 574 2116 sc
600 2055 729 2136 Mathya
754 2053 821 2116 filio
857 2055 987 2115 ulterius
1012 2054 1154 2135 Georgii,
1187 2053 1283 2116 hodie
1307 2074 1403 2136 super
1426 2073 1465 2116 eo
1488 2054 1643 2134 juraverit

379 2180 435 2242 per
459 2159 735 2242 adjudicacionem
760 2159 949 2240 juratorum,
975 2175 1009 2222 ut
1032 2160 1193 2242 predictus
1221 2162 1280 2222 bos
1304 2161 1403 2243 ipsius
1427 2161 1557 2222 Martini
1582 2159 1646 2222 fuit

380 2266 499 2327 valoris
523 2280 585 2328 tres
603 2266 671 2328 flor.
697 2267 764 2328 euri
782 2279 813 2328 et
834 2267 951 2328 LXXX
969 2265 1127 2346 denarios,
1146 2267 1178 2327 in
1197 2267 1359 2349 presencie
1377 2265 1490 2349 prefati
1508 2265 1644 2348 Georgii

380 2371 472 2453 jurati
498 2373 597 2434 nostri
622 2371 780 2450 moderni,
803 2386 898 2454 prout
915 2371 999 2433 idem
1023 2370 1183 2454 Georgius
1206 2373 1326 2454 juratus
1343 2387 1451 2435 noster
1467 2373 1645 2434 modernus

379 2478 476 2539 hodie
501 2479 615 2540 exinde
640 2479 678 2540 ad
705 2497 763 2541 nos
788 2479 914 2540 rediens
942 2480 1036 2540 nobis
1068 2481 1261 2541 verbotenus
1285 2479 1438 2559 recitavit,
1470 2481 1545 2542 ideo
1569 2500 1643 2562 pre-

380 2584 454 2645 dicti
479 2583 668 2665 jobagiones
692 2585 731 2645 de
749 2583 869 2668 prefata
887 2585 1047 2667 Pobresya
1073 2586 1130 2668 ipsi
1161 2587 1299 2648 Martino
1317 2587 1480 2668 jobagioni
1506 2587 1643 2668 predicti

381 2689 510 2752 Thome
536 2711 637 2772 usque
662 2691 700 2752 ud
727 2692 907 2774 quindenas
927 2691 1087 2774 predictos
1110 2707 1173 2754 tres
1197 2693 1265 2756 flor.
1291 2707 1322 2754 ct
1340 2693 1457 2755 LXXX
1481 2692 1644 2772 denarios,

379 2798 521 2880 precium
546 2797 696 2860 videlicet
720 2799 819 2880 ipsius
843 2798 949 2877 bovis,
974 2799 1098 2860 solvere
1124 2801 1318 2860 tenebuntur
1342 2799 1380 2860 de
1404 2798 1481 2880 jure.
