3852 5820
398 579 437 621 22
756 559 846 617 Anno
865 568 955 635 1415.
981 591 1021 601 -
1046 571 1094 634 13.
1118 557 1292 631 septembn's.

399 773 541 834 llenkam
564 783 746 832 consortem
771 767 904 831 loannis
931 766 1100 850 Praudych
1125 781 1157 828 et
1188 767 1357 830 dominum
1390 767 1535 830 Blasium
1560 787 1661 829 sacer-

399 878 508 940 dotem
532 877 565 938 in
589 875 674 939 iacto
699 874 846 938 verberii.

503 999 582 1062 Item
600 1017 729 1062 consors
753 997 879 1060 Nicolai
905 997 1061 1080 Lypouch
1085 1011 1196 1061 contra
1221 999 1350 1061 Petrum
1375 996 1525 1081 Fudrych
1556 997 1662 1080 primo

399 1106 492 1169 citata
518 1125 584 1168 non
608 1104 797 1187 comparuit.

507 1211 585 1274 Item
610 1211 710 1274 Lucia
733 1210 842 1272 relicta
867 1209 977 1271 Jacobi
1009 1221 1119 1272 contra
1152 1208 1309 1292 prefatum
1336 1209 1465 1270 Petrum
1489 1208 1594 1291 primo
1618 1208 1662 1270 ci·

398 1332 463 1383 tata
488 1339 554 1381 non
578 1317 768 1400 comparuit.

507 1441 585 1503 Item
610 1439 758 1524 Mychael
781 1453 870 1502 sutor
901 1451 1011 1502 contra
1035 1439 1229 1522 Dyonisium
1254 1451 1394 1501 sutorem
1420 1438 1525 1520 primo
1550 1437 1664 1499 citatus

399 1569 464 1612 non
491 1547 681 1630 comparuit.

505 1653 584 1716 ltem
616 1672 709 1716 causa
742 1651 897 1714 Demetrii
928 1651 1022 1734 jurati
1053 1665 1084 1714 et
1115 1652 1258 1735 magistri
1290 1651 1425 1714 Fabiani
1457 1670 1514 1734 per
1544 1652 1665 1733 probos

399 1760 485 1821 viros
509 1759 549 1821 ad
572 1759 714 1842 primum
737 1757 894 1839 judicium
918 1758 958 1820 ad
982 1778 1094 1842 pacem
1118 1771 1165 1820 est
1187 1771 1369 1841 prorogata.

508 1865 587 1928 ltem
612 1864 793 1947 Stephanus
817 1865 929 1926 Kuche
953 1879 1062 1928 contra
1088 1865 1291 1928 Clementem
1315 1877 1457 1926 sutorem
1481 1863 1586 1946 primo
1621 1861 1664 1924 ci-

399 1985 483 2034 tatus
504 1991 571 2034 non
594 1971 783 2054 comparuit.

505 2095 584 2156 Item
614 2096 797 2156 Ambrenus
822 2093 962 2177 frenipar
979 2094 1011 2156 id
1043 2093 1220 2178 juratorum
1257 2107 1440 2157 nostrorum
1480 2093 1665 2156 concivium

403 2201 590 2263 testimonio
615 2201 846 2284 comprobavit,
871 2201 960 2282 quod
983 2215 1156 2284 antequam
1175 2203 1287 2264 Petrus
1310 2199 1450 2283 frenipar
1474 2200 1578 2262 dictus
1596 2198 1663 2262 Go-

402 2307 575 2390 rianchych
601 2306 717 2369 abhinc
740 2307 887 2369 solvisset
911 2308 971 2370 sibi
995 2308 1139 2390 quinque
1168 2307 1307 2370 florenos
1331 2308 1399 2370 auri
1433 2307 1560 2369 debitor
1583 2319 1666 2368 esset

403 2427 434 2475 et
458 2413 538 2476 duas
561 2433 676 2496 pensas
700 2413 917 2478 denariorum.
943 2417 1008 2492 (sic)

508 2519 588 2582 Item
619 2539 714 2582 causa
745 2519 844 2580 Blasii
875 2519 1007 2581 Prelech
1040 2533 1071 2581 et
1102 2519 1207 2582 Kathe
1239 2519 1401 2603 Pylrniche
1426 2537 1498 2581 cum
1525 2518 1591 2581 filio
1624 2517 1666 2580 ad

401 2625 543 2708 primum
565 2624 721 2706 judicium
745 2637 792 2687 est
815 2637 996 2708 prorogata.

509 2749 587 2810 ltem
620 2750 770 2831 magister
810 2749 997 2811 Franciscus
1030 2750 1070 2812 de
1103 2751 1216 2834 Vsepis
1248 2751 1280 2813 in
1316 2750 1399 2813 lacto
1431 2749 1667 2831 quinquaginta

402 2855 548 2937 quinque
572 2854 769 2918 florenorum
794 2856 973 2938 antiquos
993 2857 1072 2919 alias
1087 2857 1208 2920 Vidoni
1231 2857 1394 2920 aurifabro
1412 2856 1543 2919 nomine
1562 2857 1667 2918 mutui

402 2961 619 3043 assignaverat
642 2982 741 3045 penes
761 2962 886 3024 literam
910 2963 1057 3042 civitatis,
1081 2983 1176 3025 suurn
1200 2977 1235 3026 ut
1260 2964 1372 3026 debuit
1394 2963 1531 3046 prestitit
1555 2975 1586 3024 et
1610 2962 1667 3023 de·

401 3069 510 3150 posuit
526 3068 760 3151 juramentum
785 3091 867 3153 quos
883 3070 1015 3153 quidem
1037 3071 1271 3152 quinquaginta
1289 3071 1432 3153 quinque
1457 3070 1601 3133 florenos
1627 3070 1667 3131 de

402 3175 496 3236 bonis
528 3176 671 3237 annotati
696 3176 833 3238 Vidonis
863 3177 1046 3260 perquirere
1079 3177 1174 3239 debet
1205 3177 1245 3238 de
1270 3177 1416 3239 ducentis
1448 3177 1598 3238 videlicet
1635 3190 1667 3239 et

405 3280 640 3362 quinquaginta
664 3279 793 3343 florenis
824 3295 920 3364 prout
952 3283 986 3343 in
1016 3281 1137 3364 prefata
1162 3282 1253 3345 litera
1285 3284 1421 3345 civitatis
1454 3283 1668 3361 contineatur,

405 3385 481 3467 quia
506 3386 724 3448 residuitatem
748 3387 974 3450 tantummodo
991 3388 1156 3450 dumtaxat
1180 3390 1414 3472 quinquaginta
1439 3389 1583 3471 quinque
1608 3387 1668 3450 flo-

348 3511 351 3521 ’
405 3510 499 3551 renos
523 3491 582 3552 sibi
615 3492 654 3556 de
678 3492 800 3556 eisdem
827 3493 912 3555 idem
942 3494 1092 3574 magister
1120 3495 1307 3557 Franciscus
1336 3496 1475 3558 eundem
1506 3494 1666 3557 Vidonem

405 3596 465 3657 sibi
490 3595 558 3657 lore
586 3597 765 3661 debitorem
791 3599 961 3682 allegabat,
985 3599 1059 3662 ideo
1076 3599 1162 3682 juxta
1194 3601 1471 3683 adjudicationem
1489 3599 1668 3683 juratorum

405 3701 472 3784 ipse
497 3702 647 3784 magister
669 3705 855 3767 Franciscus
878 3725 976 3788 penes
996 3705 1113 3768 dictam
1137 3707 1263 3768 literam
1280 3707 1416 3769 civitatis
1439 3727 1534 3769 suum
1558 3721 1594 3768 ut
1611 3705 1668 3768 de-

402 3807 472 3870 buit
487 3808 554 3869 sola
571 3829 627 3870 sua
645 3810 677 3870 in
695 3830 831 3893 persona
848 3813 983 3894 prestitit
1006 3811 1128 3873 dictum
1145 3811 1371 3894 juramentum,
1404 3812 1490 3874 unde
1515 3813 1667 3874 debonis

405 3916 580 3996 prenotatis
596 3917 826 4000 suprascriptos
850 3917 1084 4001 quinquaginta
1108 3919 1252 4001 quinque
1276 3918 1415 3982 florenos
1439 3933 1668 4002 prosequatur,

402 4021 428 4082 si
453 4022 582 4104 reperiri
606 4037 749 4105 possunt.

510 4146 588 4209 Item
614 4147 693 4231 Elya
727 4148 842 4210 Paulas
866 4161 975 4210 contra
1008 4147 1140 4210 Gallum
1173 4149 1285 4211 Zuden
1317 4150 1422 4232 primo
1455 4150 1569 4212 citatus
1601 4169 1668 4211 non

406 4267 596 4334 comparuit.

510 4376 589 4439 ltem
612 4376 747 4458 provida
772 4377 903 4439 domina
921 4378 1021 4439 Elena
1046 4377 1155 4439 relicta
1180 4378 1259 4440 olim
1285 4378 1413 4440 Martini
1434 4377 1491 4439 filii
1518 4378 1670 4441 Ladimer

404 4481 443 4542 de
467 4481 620 4543 Tornaua
644 4483 676 4544 id
701 4483 840 4545 evidenti
865 4496 896 4545 et
917 4482 1086 4546 sufficienti
1107 4484 1293 4547 testimonio
1317 4484 1550 4566 comprobavit,
1575 4484 1666 4565 quod

405 4587 482 4648 dum
510 4587 652 4669 prefatus
676 4589 832 4651 Martinus
857 4591 888 4649 in
918 4589 1067 4650 humanis
1099 4590 1283 4668 laborasset,
1315 4605 1391 4651 tunc
1416 4589 1550 4651 domum
1575 4609 1668 4650 suam

404 4693 589 4756 incivitate
614 4709 720 4757 nostra
744 4695 886 4757 habitam
912 4695 1018 4757 eidem
1053 4695 1154 4758 Elene
1186 4696 1324 4757 consorti
1350 4694 1534 4757 vendicioni
1561 4695 1669 4776 dispo·

404 4819 479 4861 nere
512 4813 542 4862 et
573 4802 680 4883 pueris
723 4822 778 4863 seu
810 4800 884 4864 filiis
914 4802 979 4864 suis
1010 4803 1111 4863 tribus
1151 4815 1268 4863 terram
1299 4821 1405 4863 emere
1436 4802 1669 4878 commisisset;

407 4907 639 4988 quamquidem
664 4907 797 4969 domum
822 4922 988 4990 prenotate
1007 4909 1107 4970 Elene
1133 4908 1232 4971 modo
1249 4909 1404 4992 premisso
1429 4909 1599 4972 statuimus
1616 4927 1669 4972 ex·

405 5013 591 5095 ponendam
616 5012 691 5076 filiis
715 5014 790 5078 dicti
816 5015 955 5079 Martini.
