3876 5798
484 537 548 624 436
848 535 1052 619 Anno1446.
1079 573 1118 584 -
1142 553 1191 602 21.
1207 540 1361 616 januarii.

489 649 634 656 *α’-ιι·-
642 647 888 656 -ς--η..-
908 647 1055 652 —-——.
1073 647 1135 652 —-
1143 647 1219 652 -—..-

485 767 588 816 ratum
617 751 819 815 reddidimus
840 749 908 814 lore
932 751 1078 834 quietum
1102 764 1134 815 et
1149 751 1335 834 expeditum
1358 763 1525 834 tamquam
1549 750 1666 832 juatuio
1689 751 1738 812 bo·
1858 791 1859 822 ,

486 861 606 924 minem
631 873 661 924 et
686 860 901 924 innocentem.

596 965 675 1030 ltem
689 965 764 1048 quia
774 964 961 1028 Franciacua
969 962 1055 1026 filiun
1068 964 1152 1026 Petri
1161 963 1343 1046 jobagionie
1353 963 1513 1026 Valentini
1527 963 1568 1025 de
1581 963 1739 1042 Vrbovcz,

487 1072 519 1136 id
544 1091 617 1136 cum
642 1071 807 1154 fidedigno
834 1071 1020 1134 testimonio
1042 1089 1150 1134 coram
1179 1071 1272 1134 nobie
1297 1072 1327 1132 in
1361 1069 1481 1152 judicio
1512 1069 1739 1154 comprobavit,

487 1177 576 1261 quod
600 1178 668 1262 ipae
686 1196 750 1241 oon
775 1189 822 1240 eet
845 1175 1014 1260 culpabilia
1035 1195 1093 1240 nec
1110 1197 1182 1240 reue
1206 1177 1237 1240 in
1257 1190 1359 1240 morte
1383 1177 1475 1240 bovis
1491 1175 1654 1239 Valentini
1670 1175 1741 1238 dicti

489 1283 555 1346 Lah
581 1283 763 1366 jobagionia
786 1283 885 1345 Marci
911 1281 1227 1362 Chavrschakowich,
1252 1282 1326 1346 ideo
1349 1283 1456 1365 ipsum
1480 1282 1684 1345 Franciacum
1701 1302 1743 1344 ra·

491 1390 583 1454 cione
608 1390 691 1452 dicte
723 1390 836 1454 mortis
865 1389 965 1472 ipeiua
995 1389 1087 1452 bovia
1117 1388 1231 1472 prelati
1263 1389 1424 1452 Valentini
1459 1389 1526 1452 Lah
1550 1389 1744 1452 reddidimus

489 1495 556 1562 lore
581 1497 738 1579 quietum.

517 1695 613 1772 Feria
641 1700 749 1772 tercia
777 1701 933 1788 proxima
960 1704 1035 1788 poat
1064 1697 1188 1772 lentum
1216 1697 1306 1770 beati
1334 1694 1493 1772 Anthoml
1522 1697 1675 1770 monachi
1701 1703 1732 1768 et

1012 1821 1225 1896 consensoria.

991 1971 1056 2051 (18.
1071 1974 1236 2054 jamra).

595 2095 674 2160 ltem
699 2115 780 2159 uxor
804 2095 936 2180 Georgii
962 2097 1157 2181 bedowlycb
1190 2109 1300 2160 contra
1332 2115 1465 2160 uxorem
1491 2095 1640 2181 Dyoniaii
1666 2093 1748 2158 inati-

489 2203 569 2266 toria
592 2203 697 2287 primo
722 2203 816 2266 citata
839 2223 905 2266 nou
930 2203 1118 2287 comparuit.

596 2307 675 2372 ltem
699 2309 775 2391 quia
796 2309 950 2372 Nicolaua
973 2310 1114 2392 agricola
1138 2310 1177 2372 de
1203 2309 1308 2394 Dolya
1340 2309 1535 2372 inhabitator
1566 2309 1652 2372 dicte
1677 2307 1750 2372 civi·

489 2415 563 2478 tatia
586 2414 619 2478 id
643 2434 716 2478 cum
740 2413 911 2479 sufficienti
934 2415 1120 2478 testimonio
1144 2435 1252 2480 coram
1285 2417 1380 2479 nobis
1404 2416 1437 2478 in
1461 2415 1580 2494 judicio
1604 2434 1749 2500 compro·

491 2523 590 2602 bavit,
614 2535 649 2586 ut
672 2521 749 2584 dum
774 2522 928 2606 providua
951 2523 1000 2585 vir
1014 2523 1205 2604 Valentinus
1228 2522 1332 2585 dictus
1349 2523 1440 2586 Zime
1464 2523 1497 2584 in
1523 2523 1675 2586 extremis
1691 2523 1750 2584 vite

492 2649 548 2692 rue
572 2629 759 2712 temporalis
786 2628 972 2709 laboraaeet,
1003 2642 1079 2692 tunc
1112 2630 1178 2712 ipae
1210 2629 1350 2692 eundem
1373 2629 1546 2692 Nicolaum
1579 2629 1751 2710 agricolam

492 2735 625 2817 plenum
639 2735 895 2798 commissarium
912 2749 943 2798 et
960 2749 1162 2798 executorem
1179 2736 1326 2798 omnium
1343 2735 1581 2818 poscemionum
1599 2747 1632 2798 et
1649 2753 1751 2797 rerum
1858 2757 1859 2760 ¹

492 2859 621 2904 auarum
646 2860 686 2904 eo
710 2840 810 2904 modo
834 2842 1059 2922 constituisset,
1084 2855 1118 2904 ut
1142 2841 1209 2924 ipae
1226 2841 1380 2904 Nicolaua
1404 2841 1444 2903 de
1467 2843 1562 2903 rebua
1578 2854 1609 2903 et
1633 2859 1753 2924 poaaea-
1858 2835 1859 2842 '

493 2946 639 3010 tionibua
662 2947 762 3030 ipaiua
784 2947 948 3012 Valentini
965 2947 1055 3010 Zime
1080 2947 1208 3029 plenam
1233 2965 1291 3029 pro
1309 2947 1410 3012 aalute
1426 2947 1534 3010 anime
1558 2966 1613 3010 aue
1639 2945 1753 3009 habeat

493 3052 687 3135 disponendi
704 3051 899 3133 facultatem,
923 3053 1062 3136 ideoque
1087 3072 1146 3117 noa
1163 3053 1269 3116 eidem
1285 3053 1422 3117 Nicolao
1446 3053 1585 3135 agricole
1603 3053 1645 3116 de
1663 3055 1754 3116 rebur

494 3173 525 3224 et
541 3159 796 3242 poeaeraionibua
812 3159 911 3242 ipriua
926 3159 1089 3222 Valentini
1103 3159 1193 3222 Zime
1206 3158 1293 3241 juxta
1306 3159 1507 3241 legacionem
1520 3178 1612 3222 suam
1626 3159 1754 3243 plenam

493 3265 686 3348 disponendi
710 3265 915 3328 attribuimue
939 3262 1133 3328 facultatem.

493 3463 590 3540 Ferit
609 3474 707 3542 nexta
726 3469 880 3557 proxima
899 3473 976 3556 pont
994 3466 1117 3540 testam
1140 3473 1335 3540 sanctorum
1349 3463 1488 3540 Fabiani
1507 3474 1541 3540 et
1567 3465 1757 3540 Sebastiam

494 3593 684 3678 martirum,
702 3609 761 3662 een
789 3592 822 3662 in
839 3589 925 3664 lento
944 3590 1041 3662 beate
1061 3587 1200 3680 Agnetla
1219 3592 1362 3680 virginit
1382 3598 1415 3664 et
1443 3592 1598 3664 martirio
1619 3589 1756 3664 ebriati.
1856 3619 1857 3702 ᾗ

997 3725 1059 3802 (21.
1075 3725 1243 3806 januarii).

604 3843 682 3908 ltem
714 3864 794 3908 uxor
818 3843 950 3926 Georgii
975 3845 1170 3930 Redowlych
1198 3859 1308 3910 contra
1339 3865 1471 3910 uxorem
1497 3846 1646 3930 Dyoniaii
1673 3845 1759 3910 inati-

498 3951 576 4014 toria
598 3950 740 4013 necundo
772 3951 865 4012 citata
889 3970 954 4013 nou
986 3952 1175 4034 comparuit.

604 4055 682 4118 ltem
707 4055 899 4120 Benedictus
924 4057 1060 4140 Gywani
1079 4057 1199 4138 juratua
1216 4071 1250 4120 ut
1274 4059 1306 4120 in
1325 4077 1453 4120 causam
1469 4071 1621 4121 attractua
1652 4071 1759 4122 contra

498 4161 682 4224 Emericum
706 4163 863 4224 cultorem
887 4161 990 4224 filium
1016 4163 1141 4225 Nicolai
1166 4161 1246 4226 fabri
1280 4165 1312 4225 in
1337 4163 1441 4240 primo
1465 4163 1587 4246 judicio
1612 4165 1758 4247 proxime

498 4268 675 4332 occurrenti
699 4287 807 4329 coram
831 4269 924 4330 nobis
946 4269 1106 4330 tenebitur
1129 4269 1332 4350 respondere.

606 4375 684 4436 ltem
702 4375 885 4437 Anthoniua
910 4373 998 4437 faber
1014 4395 1078 4436 una
1096 4395 1168 4438 cum
1193 4367 1294 4438 Elen'a
1311 4395 1409 4438 uxore
1426 4389 1457 4438 et
1480 4396 1554 4438 cum
1577 4376 1642 4438 alia
1662 4377 1760 4440 Elena
1855 4425 1856 4458 ,

498 4481 670 4560 servitrice,
695 4481 770 4560 suia,
795 4481 931 4563 quilibet
954 4501 1066 4544 eorum
1089 4481 1188 4544 tercio
1209 4501 1242 4544 ae
1266 4483 1410 4564 personia
1433 4495 1548 4545 octavo
1572 4482 1626 4545 die
1653 4497 1760 4547 contra

500 4587 734 4668 Margaretbam
759 4588 927 4650 mulierem
944 4589 1087 4650 relictam
1105 4589 1242 4650 condam
1260 4588 1389 4673 Mntbye
1411 4589 1543 4672 Supaui,
1561 4609 1618 4672 per
1635 4589 1761 4670 adjudi·

500 4694 665 4758 cacionem
697 4693 873 4774 juratorum
904 4695 1007 4776 jurare
1038 4696 1233 4757 tenebuntur
1264 4714 1359 4777 auper
1386 4713 1436 4773 eo,
1467 4707 1503 4758 ut
1526 4695 1584 4778 ipsi
1611 4695 1654 4757 de
1688 4697 1759 4758 cleta

502 4819 558 4862 acu
583 4799 624 4862 de
647 4800 764 4862 scrinio
788 4800 887 4880 ipeiue
918 4801 1118 4880 Margarethe
1149 4800 1294 4863 mulieris
1323 4821 1377 4862 rex
1407 4820 1522 4882 pensas
1552 4801 1759 4865 denariorum

503 4926 567 4969 non
592 4907 815 4970 subtraxerunt
838 4927 896 4968 nec
914 4907 945 4969 in
963 4907 1183 4968 subtraccione
1201 4927 1311 4969 eorum
1329 4908 1531 4990 aliquatenus
1547 4923 1623 4970 tuot
1643 4907 1759 4971 conscii
1854 4911 1855 4930 l

500 5011 555 5074 aed
580 5013 707 5095 penitus
731 5013 928 5076 innocenter.
