3852 5820
625 521 711 578 Anno
735 531 821 597 1417.
847 553 889 566 —-
914 534 962 580 11.
978 521 1072 596 sicarii.

395 736 491 810 Faria
516 748 615 810 sexta
642 741 796 828 proxima
824 747 902 811 ante
930 739 1052 812 festum
1082 741 1326 814 Penthecostes.

761 888 830 970 (28.
855 891 950 968 mais).

330 1032 365 1093 lu
389 1051 484 1093 causa
509 1031 591 1093 inter
615 1032 751 1095 Paulum
770 1031 887 1094 Mlinar
909 1047 1052 1096 actorem
1077 1035 1117 1096 ab
1142 1053 1205 1096 una
1222 1048 1253 1097 et
1277 1035 1485 1098 Valentinum

225 1141 256 1202 in
281 1158 408 1202 causam
434 1151 603 1201 attractum
628 1152 780 1218 vertente,
797 1137 1028 1220 adjudicatum,
1053 1153 1086 1201 ut
1110 1139 1196 1202 idem
1210 1141 1400 1203 Valentinus
1416 1142 1484 1204 sola

224 1265 278 1307 sua
304 1247 336 1307 in
361 1265 495 1328 persona
519 1257 634 1307 octavo
667 1245 719 1306 die
743 1244 944 1326 presencium
974 1264 1070 1328 super
1094 1265 1133 1307 eo
1157 1261 1390 1309 sacramentum
1416 1267 1486 1330 pre·

224 1365 306 1414 stare
332 1352 457 1430 debeat,
474 1351 562 1434 quod
587 1351 654 1434 ipse
679 1351 711 1412 in
728 1351 859 1413 accione
884 1351 983 1433 ipsius
1000 1351 1090 1413 Pauli
1108 1351 1263 1414 innocens
1287 1367 1378 1432 esset,
1396 1354 1484 1416 vide-

223 1458 298 1520 licet
322 1458 354 1519 in
379 1477 418 1519 eo
442 1458 532 1539 quod
556 1456 828 1539 quandocumque
852 1457 951 1519 clavia
981 1457 1022 1518 ab
1046 1476 1086 1520 eo
1110 1458 1210 1540 petita
1235 1457 1295 1520 fuit
1319 1477 1486 1541 nunquam

225 1564 285 1626 sibi
310 1563 451 1626 retinuit.

330 1669 471 1732 Causam
497 1669 577 1731 inter
599 1669 762 1732 Andream
779 1669 961 1732 carnificem
986 1683 1017 1732 et
1041 1670 1215 1734 Martinum
1240 1671 1406 1734 concivem
1429 1692 1487 1734 no-

224 1790 325 1838 strum
349 1775 478 1838 racione
501 1774 733 1838 confraccionis
757 1775 924 1838 cuiusdam
948 1775 1056 1838 scrinii
1080 1790 1257 1840 vertentem
1282 1777 1321 1839 ad
1346 1779 1486 1860 primum

224 1883 381 1962 judicium
406 1881 557 1944 duximus
581 1882 829 1965 prorogandam.

331 1987 471 2051 Causam
506 1987 588 2049 inter
618 1987 790 2050 discretum
830 1987 935 2050 virum
966 1987 1137 2051 dominum
1169 1989 1350 2052 Emericum
1385 2011 1486 2052 sacer·

226 2094 334 2156 dotem
362 2106 393 2155 et
409 2093 577 2176 providam
594 2094 763 2156 mulierem
780 2094 963 2174 Jalsicham,
987 2094 1129 2158 relictam
1155 2115 1240 2158 nunc
1265 2096 1421 2176 Zolarich‚
1439 2096 1487 2176 ju·

224 2201 283 2264 rati
308 2198 543 2280 adjudicarunt,
567 2212 602 2262 ut
625 2199 712 2262 idem
737 2198 904 2262 Emericus
930 2199 1079 2262 sacerdos
1102 2201 1171 2262 sola
1194 2221 1251 2263 sua
1275 2201 1371 2264 solito
1396 2223 1486 2266 more

225 2307 257 2367 in
282 2324 419 2389 persona
443 2323 539 2387 super
562 2305 693 2367 accione
718 2305 816 2387 ipsius
848 2305 986 2368 Emerici
1011 2319 1120 2368 contra
1155 2307 1291 2368 eandem
1317 2307 1486 2371 Jalaicbam

226 2426 366 2494 prestare
389 2423 625 2473 sacramentum
656 2397 802 2474 teneatur
832 2430 928 2494 super
958 2411 1024 2472 suia
1048 2411 1174 2490 debitis,
1206 2413 1402 2496 tandemque
1426 2415 1487 2476 sibi

227 2519 266 2580 de
291 2517 386 2581 bonis
410 2517 553 2600 ipsorum
577 2536 676 2578 nurus
699 2531 730 2580 et
754 2516 891 2580 Jalsicha
915 2537 1039 2580 merum
1057 2517 1252 2580 satisfactum
1277 2519 1410 2602 inpendi
1434 2520 1489 2582 de·

228 2627 323 2688 beant
348 2643 443 2706 super
467 2637 589 2706 quanto
614 2623 699 2685 idem
717 2624 869 2705 prestabit
893 2623 1119 2704 jurameutum.

332 2730 366 2792 ln
391 2749 484 2792 causa
509 2730 591 2792 inter
615 2729 813 2811 Stephanum
837 2729 939 2792 filium
965 2731 1049 2792 lwan
1074 2744 1219 2794 nostrum
1244 2731 1411 2794 concivem
1438 2753 1489 2795 ac·

228 2853 330 2901 torem
355 2850 386 2898 et
417 2836 587 2919 providam
619 2836 787 2898 mulierem
822 2836 1029 2900 Scolasticam
1062 2837 1203 2899 relictam
1235 2837 1368 2918 Musich,
1394 2852 1490 2900 testes

228 2943 393 3027 producti:
418 2943 523 3025 primo
548 2942 702 3004 discretus
734 2943 781 3003 vir
814 2943 966 3004 dominus
997 2942 1160 3006 iohannes
1195 2944 1352 3025 plebanus
1387 2945 1487 3008 sancti

230 3049 370 3128 Martini,
394 3049 471 3111 item
496 3047 658 3110 Iohannes
674 3047 759 3110 filius
777 3048 898 3112 Miclini
928 3062 1036 3111 noster
1052 3050 1202 3128 concivis,
1220 3049 1296 3112 item
1319 3051 1387 3112 Kua
1407 3049 1491 3112 filius

230 3156 314 3218 lwan
341 3154 455 3234 Golez,
486 3155 562 3217 item
588 3153 778 3216 Dominicus
801 3154 945 3216 medicus
981 3155 1011 3215 in
1046 3155 1159 3216 eadem
1183 3175 1296 3232 causa3
1320 3155 1422 3238 prima
1447 3156 1490 3217 ci·

230 3262 312 3324 tacio
347 3281 406 3344 pro
440 3261 512 3343 ipso
549 3259 712 3343 Stephano
752 3273 861 3322 contra
898 3260 1032 3322 eandem
1073 3259 1280 3323 Scolasticam
1316 3262 1347 3322 in
1384 3261 1490 3343 primo

232 3365 362 3445 judicio.

334 3470 473 3533 Provida
497 3469 629 3532 domina
659 3469 832 3532 Katheriua
865 3483 976 3532 vocata
1008 3471 1117 3533 relicta
1141 3471 1278 3534 condam
1304 3471 1393 3533 Pauli
1422 3471 1488 3533 Hu-

232 3578 316 3640 zarin
343 3577 419 3639 dicti
454 3575 539 3658 apud
570 3575 749 3638 iohannem
783 3575 972 3638 familiarem
1006 3577 1174 3639 Laurencii
1205 3577 1262 3640 filii
1288 3578 1427 3640 Lorandi
1452 3578 1492 3640 de

232 3682 364 3746 Stubich
398 3683 606 3766 recaptivavit
636 3701 737 3744 unum
770 3701 889 3763 equum
914 3682 996 3764 nigri
1025 3683 1154 3762 coloris,
1188 3696 1219 3746 et
1250 3703 1344 3765 super
1376 3684 1492 3746 eodem

231 3790 329 3852 tercio
353 3811 386 3852 se
411 3808 500 3850 more
524 3789 620 3850 solito
645 3800 880 3850 sacramentum
912 3788 1072 3871 deposuit,
1105 3787 1179 3850 ideo
1204 3787 1343 3851 eundem
1368 3808 1489 3872 equum

232 3897 335 3958 eidem
358 3895 453 3978 jurati
476 3893 701 3977 adjudicarunt
724 3893 967 3956 restituendum.

261 4114 357 4190 Faria
386 4123 483 4189 sexta
511 4117 664 4206 proxima
692 4121 771 4186 ante
797 4114 921 4187 festum
946 4113 1121 4186 beatorum
1150 4113 1220 4187 Viti
1250 4122 1284 4186 et
1311 4114 1450 4186 Modesti

760 4239 953 4310 martirum.

768 4407 828 4486 (rr.
845 4407 953 4486 jumi).

339 4549 491 4611 Nicolaus
525 4547 669 4630 Lipouch
704 4547 832 4608 Petrum
865 4544 968 4608 filiurn
993 4543 1125 4627 Georgii
1158 4557 1302 4607 nostrum
1328 4543 1494 4606 concivem

235 4673 265 4720 et
296 4655 530 4738 Margaretham
560 4673 692 4716 uxorem
725 4653 868 4715 eiusdem
901 4651 1041 4714 reddidit
1073 4665 1104 4716 et
1136 4651 1296 4714 commisit
1330 4649 1495 4733 expeditos

234 4783 326 4845 super
351 4781 401 4840 eo,
425 4760 513 4843 quod
539 4760 597 4843 ipsi
623 4759 654 4820 in
673 4757 758 4820 furto
783 4773 813 4819 et
837 4757 919 4820 saltu
943 4757 1051 4818 uxoris
1069 4756 1167 4838 ipsius
1191 4755 1316 4818 Nicolai
1337 4754 1492 4838 Lypouch

236 4869 419 4930 innocentes
442 4879 546 4928 essent
570 4878 601 4928 et
624 4865 795 4942 immunes,
824 4883 919 4946 super
943 4883 1009 4944 quo
1040 4862 1141 4924 eciam
1166 4860 1250 4924 facto
1275 4862 1493 4943 juramentum

236 4987 374 5056 prestare
398 4973 570 5038 debebant.
