3876 5798
387 544 449 610 370
736 530 935 605 Ann01442.
959 561 1003 571 —
1026 542 1077 588 20.
1101 529 1275 590 nonembn's.

492 739 569 800 ltem
596 737 688 818 jurati
707 738 974 819 adjudicaverunt
990 758 1116 801 causam
1143 739 1174 800 in
1193 738 1276 800 facto
1292 740 1389 800 trium
1414 739 1559 822 lapidum
1576 761 1649 822 pre·

389 847 549 908 ciosorum
583 847 664 908 inter
696 844 874 928 predictum
906 846 1076 907 Nicolaum
1109 845 1248 926 judicem
1284 846 1475 908 modernum
1511 847 1650 908 civitatis

387 951 529 1034 predicte
562 965 592 1014 et
624 952 705 1012 inter
737 949 934 1033 Stephanum
967 951 1151 1033 vitriparem
1183 952 1227 1012 sic
1258 950 1534 1032 adjudicaverunt,
1558 953 1648 1034 quod

388 1057 455 1140 ipse
480 1058 634 1119 Nicolaus
657 1056 752 1138 judex
783 1057 884 1136 jurare
915 1058 1077 1119 tenebitur
1110 1071 1224 1120 octavo
1248 1058 1300 1119 die
1331 1077 1426 1141 super
1450 1078 1500 1136 eo,
1525 1073 1560 1121 ut
1583 1059 1649 1139 ipse

388 1163 541 1226 Nicolaus
565 1163 662 1246 judex
691 1163 777 1246 ipsos
808 1163 931 1246 lapides
953 1177 1016 1225 tres
1047 1165 1210 1247 preciosos
1242 1164 1321 1226 nulli
1354 1165 1444 1226 alteri
1476 1165 1566 1227 dedit
1590 1185 1649 1226 nec

386 1269 561 1332 transmisit
578 1269 617 1330 ad
635 1267 876 1332 reformandum
901 1283 933 1332 et
949 1269 1221 1332 remeliorandum
1247 1270 1307 1332 nisi
1324 1270 1468 1353 predicto
1486 1270 1650 1354 Stephano

386 1375 528 1458 vitripari
553 1391 588 1438 ut
612 1376 680 1458 ipse
704 1375 834 1438 eosdem
868 1375 992 1458 lapides
1020 1375 1182 1438 debuisset
1212 1376 1253 1438 ad
1284 1375 1439 1440 Venecins
1462 1390 1587 1460 portare
1619 1391 1651 1440 et

389 1481 509 1544 ibidem
536 1479 710 1544 reformare
734 1495 766 1543 et
782 1501 957 1544 econverso
981 1483 1021 1542 ab
1038 1482 1112 1543 inde
1130 1482 1188 1565 ipsi
1207 1482 1343 1544 Nicolao
1367 1480 1464 1564 judici
1478 1494 1649 1565 reportare.

495 1587 572 1649 ltem
603 1587 700 1648 sliam
732 1607 860 1649 causam
892 1587 974 1649 inter
1005 1588 1109 1670 ipsum
1142 1588 1312 1650 Nicolaum
1343 1587 1481 1668 judicem
1514 1601 1546 1649 et
1569 1587 1651 1650 inter

387 1692 565 1776 predictum
593 1693 792 1776 Stephanum
818 1693 1000 1775 vitriparem
1019 1695 1052 1756 in
1077 1691 1161 1756 lacto
1185 1694 1352 1756 cuiusdam
1375 1694 1491 1776 lapidis
1514 1694 1649 1776 preciosi

387 1816 418 1863 et
442 1801 522 1880 auri,
546 1821 642 1883 quem
668 1799 809 1882 lapidem
835 1813 866 1862 et
890 1799 979 1881 quod
996 1820 1109 1862 aurum
1135 1801 1201 1882 ipse
1226 1801 1378 1863 Nicolaus
1400 1800 1496 1882 judex
1521 1800 1647 1862 cuidam

388 1906 553 1969 anthonio
585 1905 747 1968 aurifabro
779 1906 928 1968 Veneciis
958 1907 1170 1968 commoranti
1204 1907 1243 1967 nd
1274 1904 1516 1968 reformandum
1540 1921 1572 1968 et
1602 1926 1651 1968 re·

387 2013 624 2076 meliorandum
648 2032 705 2095 per
729 2011 903 2094 quemdam
936 2012 1102 2075 hominem
1136 2013 1371 2092 transmisisset,
1402 2028 1510 2076 coram
1541 2007 1650 2094 juratis

388 2133 522 2199 motam,
547 2119 606 2202 ipsi
631 2119 724 2202 jurati
748 2119 792 2180 sic
816 2118 1093 2200 adjudicaverunt,
1116 2119 1205 2200 quod
1224 2120 1290 2201 ipse
1316 2119 1497 2202 Stephanus
1520 2119 1650 2202 vitripar

388 2241 503 2289 octavo
528 2227 580 2288 die
604 2245 699 2308 super
723 2245 809 2288 aram
835 2239 944 2287 contra
976 2225 1155 2308 predictum
1188 2225 1328 2306 judicem
1353 2216 1522 2288 Nicolaum
1547 2225 1651 2308 jurare

388 2333 549 2394 tenebitur
580 2351 675 2414 super
706 2351 757 2412 eo,
789 2331 876 2413 quod
910 2331 978 2414 ipse
1009 2331 1188 2414 predictum
1220 2331 1360 2414 lapidem
1394 2346 1425 2392 et
1457 2344 1569 2393 surum
1593 2351 1650 2393 seu

388 2439 533 2516 anulum,
557 2457 654 2520 quem
681 2439 747 2520 ipse
771 2437 924 2499 Nicolaus
947 2437 1042 2518 judex
1063 2437 1189 2500 dicebat
1206 2437 1311 2500 valere
1335 2438 1392 2500 llll
1417 2437 1487 2500 flor.
1511 2437 1592 2516 auri,
1610 2439 1649 2499 ab

387 2545 458 2628 ipso
482 2544 649 2606 Anthonio
668 2545 699 2605 in
725 2543 875 2626 predictis
891 2543 1040 2605 Veneciis
1064 2562 1128 2605 non
1151 2544 1321 2626 recepisset
1337 2563 1442 2626 neque
1468 2543 1649 2620 babuisset;

389 2651 430 2712 de
455 2670 520 2732 quo
544 2651 665 2733 judicio
690 2648 851 2732 predictus
882 2649 1034 2711 Nicolaus
1061 2649 1156 2730 judex
1188 2668 1253 2711 non
1278 2663 1447 2712 contentus
1478 2649 1651 2732 appellavit

389 2757 525 2819 eandem
542 2775 670 2818 causam
694 2754 1017 2836 ecadjudicacionem
1037 2755 1179 2838 ipsorum
1195 2754 1372 2838 juratorum
1395 2756 1426 2818 in
1452 2755 1648 2838 presenciam

389 2859 552 2924 seniorum
577 2861 731 2944 judicum.

497 2967 574 3030 ltem
604 2987 731 3030 causam
757 2967 789 3029 in
814 2965 898 3029 fecto
921 2967 1084 3050 porcionis
1109 2965 1274 3029 cuiusdam
1303 2967 1419 3030 domus
1443 2983 1475 3030 et
1498 2965 1589 3030 fundi
1614 2987 1651 3029 ac

390 3075 510 3136 cellarii
535 3088 566 3136 et
588 3073 810 3135 hedificiorum
837 3074 918 3134 inter
949 3073 1113 3135 dominam
1150 3078 1312 3156 Agyczam
1346 3073 1488 3136 relictam
1512 3067 1649 3136 condam

390 3179 522 3262 Georgii
547 3179 681 3261 cirologi
718 3193 748 3240 et
772 3180 854 3242 inter
878 3179 1064 3260 magistrum
1090 3180 1253 3242 Matheum
1278 3193 1309 3241 et
1336 3179 1485 3250 Vrsulam
1509 3172 1650 3262 puellam

389 3283 552 3347 filiastram
578 3305 669 3346 suam
686 3305 793 3347 coram
811 3285 920 3366 juratis
944 3299 1075 3364 motam,
1094 3287 1152 3368 ipsi
1170 3285 1263 3368 jurati
1280 3280 1325 3347 sic'
1341 3283 1530 3348 secundario
1549 3305 1651 3367 usque

389 3391 428 3453 ad
453 3391 592 3474 primum
625 3391 779 3472 judicium
811 3393 955 3474 proxime
987 3407 1157 3454 venturum
1189 3393 1234 3454 sic
1257 3412 1315 3475 pro
1348 3393 1474 3455 meliori
1499 3407 1530 3455 et
1562 3390 1650 3454 finali

390 3497 490 3580 ipsius
507 3517 600 3560 cause
622 3498 857 3560 deliberacione
874 3513 1097 3580 prorogarunt,
1115 3498 1202 3580 quod
1222 3499 1281 3581 ipsi
1299 3497 1391 3578 jurati
1418 3499 1536 3560 debent
1549 3499 1651 3579 ipsam

287 3683 290 3690 Δ
389 3603 555 3666 dominam
579 3607 741 3686 Agyczam
766 3604 806 3664 ad
831 3604 953 3666 dictum
974 3605 1114 3686 primum
1131 3604 1285 3684 judicium
1311 3605 1456 3686 proxime
1479 3616 1650 3666 venturum

388 3711 428 3772 ad
453 3711 640 3773 instanciam
666 3711 764 3792 ipsius
788 3711 929 3791 magistri
957 3711 1084 3793 Matbye
1109 3726 1140 3773 et
1157 3711 1271 3773 Vrsule
1295 3711 1441 3793 privigne
1465 3731 1520 3772 sue
1545 3708 1649 3771 facere

388 3817 483 3878 citare
508 3831 538 3878 et
562 3817 684 3898 justicie
721 3830 835 3896 astare,
867 3836 933 3897 quo
964 3817 1068 3898 primo
1103 3816 1222 3896 judicio
1256 3831 1442 3878 occurrente
1466 3817 1525 3899 ipsi
1558 3815 1651 3897 jurati

388 3923 523 3984 eandem
556 3942 682 3985 causam
716 3923 855 4005 ipsarum
887 3924 1030 4004 parcium
1065 3923 1141 4004 ipsis
1174 3923 1294 3984 ibidem
1326 3923 1357 3984 in
1383 3923 1497 3986 eodem
1530 3922 1650 4004 judicio

389 4029 598 4113 personaliter
628 4030 704 4112 ipsis
733 4030 874 4112 partibus
906 4048 1090 4111 comparere
1130 4029 1321 4090 debentibus
1352 4029 1489 4090 eandem
1522 4048 1650 4091 causam

388 4135 527 4198 finaliter
543 4136 755 4198 determinare
773 4136 982 4210 decreverunt
999 4137 1119 4218 absque
1136 4135 1224 4196 omni
1245 4135 1387 4197 ulteriori
1405 4133 1650 4217 prorogacione.

495 4243 572 4304 ltem
597 4242 671 4324 quia
698 4243 893 4303 Laurencius
916 4256 1004 4302 sutor
1035 4242 1138 4303 dictus
1162 4242 1277 4304 lansek
1310 4240 1396 4303 lilius
1419 4241 1574 4304 Anthonii
1599 4259 1650 4301 su·

388 4350 478 4429 toris,
495 4349 635 4411 concivis
652 4363 770 4428 noster,
787 4349 975 4430 magistrum
989 4347 1153 4410 Matheum
1174 4348 1332 4410 notarium
1347 4361 1492 4410 nostrum
1508 4347 1650 4428 quodam

387 4471 531 4537 tempore
555 4475 628 4516 curn
653 4456 718 4538 ipse
748 4473 821 4516 cum
840 4452 949 4516 Gurak
971 4453 1076 4534 judice
1093 4454 1221 4516 dacium
1233 4455 1479 4516 communitatis
1503 4454 1651 4534 exigebat

387 4581 442 4644 per
465 4561 633 4642 registrum
660 4561 909 4638 communitatis,
934 4574 1129 4642 portatorem
1155 4575 1185 4622 et
1209 4561 1396 4642 scriptorem
1421 4559 1575 4622 falsorum
1600 4579 1649 4622 re·

386 4668 557 4749 gistrorum
582 4667 755 4749 appellavit
787 4681 882 4749 prout
913 4668 997 4728 idem
1027 4667 1179 4748 magister
1210 4667 1357 4729 Mattheus
1389 4687 1462 4732 cum
1486 4665 1651 4747 fidedigno

386 4774 572 4835 testimonio
605 4787 785 4835 nostrorum
819 4773 995 4852 juratorum
1026 4774 1208 4835 concivium
1233 4773 1265 4834 in
1299 4773 1420 4854 judicio·
1442 4773 1538 4835 bodie
1564 4792 1650 4834 com·

387 4881 544 4962 probavit,
569 4900 626 4961 pro
651 4900 716 4960 quo
741 4881 841 4941 eciam
867 4878 952 4940 lacto
970 4879 1055 4941 idem
1082 4881 1276 4942 Laurencius
1292 4895 1381 4942 sutor
1404 4880 1525 4942 ibidem
1551 4881 1583 4940 in
1603 4880 1651 4960 ju-

386 4986 471 5048 dicio
502 4985 590 5048 flexis
620 4988 758 5070 genibus
794 5005 850 5070 per
882 4987 986 5071 ipsum
1020 4989 1206 5071 magistrum
1240 4987 1404 5050 Matbeum
1437 4987 1497 5049 sibi
1521 4987 1649 5050 veniam
