3678 5800
44 325 55 366 -sse

69 381 73 390 -
60 305 82 358 tf-
52 62 85 284 'vva-⁶:221&
79 34 83 39 .
83 8 84 11 ι

22 1199 36 1218 ·-
22 1099 38 1156 —1‘2-
22 1057 24 1082 “-
22 509 63 1040 *wwz'ss'fz'ss‘issffss
23 377 63 506 ’ᾔεις-*Ξ
24 307 66 414 54¹7}
27 150 54 254 ‘³5'
31 92 52 109 ἦ

434 582 492 664 ι98

795 583 881 642 Anno
903 596 993 658 1433.
1017 615 1060 624 -
1085 595 1130 642 rr.
1154 581 1314 642 decembris.

431 796 517 858 filius
540 795 637 872 Petri,
661 793 748 877 olym
774 795 915 858 concivis
939 807 1056 873 noster,
1081 794 1113 856 in
1138 793 1199 855 hoc
1219 792 1323 858 adhuc
1347 793 1456 854 seculo
1480 793 1580 854 vitam
1605 811 1690 852 suam

432 902 575 964 duxisset
605 901 836 983 temporalem,
867 915 945 963 tunc
975 901 1042 983 ipse
1073 920 1132 984 pro
1164 900 1335 962 medietate
1368 898 1535 962 cuiusdam
1568 896 1692 975 domus,

429 1007 534 1086 fundi,
559 1007 746 1089 cellariique
770 1007 969 1070 subterranei
993 1021 1024 1069 et
1047 1005 1271 1070 hedificiorum
1295 1006 1326 1068 iu
1351 1007 1424 1068 vico
1449 1005 1533 1067 dicte
1558 1003 1691 1066 civitatis

431 1114 578 1176 exteriori
602 1126 747 1175 sutorum
773 1113 855 1176 inter
878 1114 994 1176 domos
1016 1113 1075 1175 viri
1099 1113 1227 1196 providi
1244 1113 1403 1175 Francisci
1429 1113 1646 1194 corrigiatoris
1663 1126 1691 1173 et

429 1219 608 1283 liberorum
625 1220 763 1283 condam
782 1219 912 1282 Gerdak
928 1220 1035 1282 habite
1053 1233 1084 1282 et
1102 1219 1275 1300 existentis,
1292 1239 1350 1302 pro
1366 1220 1519 1302 porcione
1543 1217 1692 1282 videlicet

429 1347 496 1406 sua,
520 1345 618 1388 unam
642 1324 793 1388 videlicet
826 1339 972 1408 quartam
1004 1327 1090 1390 curie
1115 1326 1147 1388 in
1179 1346 1212 1388 se
1243 1327 1410 1406 retinente,
1442 1326 1547 1408 ipsum
1571 1325 1691 1386 scilieet

434 1435 599 1496 Matheum
631 1433 765 1516 juridice
802 1447 833 1495 et
865 1433 1038 1496 literatorie
1068 1439 1281 1496 concernente
1314 1446 1345 1494 et
1377 1451 1438 1514 pro
1470 1431 1690 1494 additamento

429 1553 587 1602 certarum
622 1540 842 1622 pecuniarum,
877 1539 1083 1602 medietatem
1121 1539 1288 1602 cuiusdam
1319 1539 1446 1617 domus,
1483 1537 1587 1616 fundi,
1623 1537 1683 1599 cel-

428 1647 565 1728 lariique
590 1645 736 1707 similiter
759 1646 957 1708 subterranei
991 1665 1027 1709 ac
1058 1645 1280 1708 hedificiorum
1305 1647 1335 1707 in
1369 1644 1485 1707 eodem
1509 1645 1582 1705 vico
1607 1657 1688 1704 exte-

428 1753 505 1814 riori
531 1753 612 1814 inter
637 1751 754 1814 fundos
780 1771 897 1814 vacuos
928 1751 1090 1814 Valentini
1123 1753 1272 1833 clavigeri
1301 1767 1331 1814 et
1362 1751 1540 1814 liberorum
1564 1750 1690 1812 Andree

430 1857 565 1920 Zwilich
598 1872 781 1920 nostrorum
813 1859 959 1920 similiter
989 1859 1171 1920 concivium
1202 1857 1309 1920 habite
1335 1872 1366 1920 et
1397 1857 1572 1935 existentis,
1596 1875 1691 1918 uuam

427 1964 576 2026 similiter
600 1977 746 2045 quartam
771 1965 856 2026 curie
881 1965 914 2026 in
938 1984 971 2026 se
1001 1965 1202 2044 retinentem,
1234 1985 1307 2026 cum
1339 1965 1404 2026 suis
1428 1963 1551 2027 cunctis
1575 1963 1690 2026 utilita-

427 2072 513 2132 tibus
537 2083 568 2132 et
590 2071 798 2152 pertinenciis
821 2071 994 2156 universis,
1009 2071 1171 2134 habuisset
1195 2085 1226 2134 et
1257 2070 1449 2154 possedisset
1469 2090 1488 2132 a
1514 2068 1687 2131 benedicto

428 2196 580 2258 arcupare
605 2175 672 2239 filio
690 2176 844 2260 Stephani
862 2178 950 2260 olym
977 2190 1086 2240 nostro
1103 2178 1235 2239 concive
1253 2177 1415 2239 habuisset
1432 2189 1463 2238 et
1487 2175 1689 2259 possedisset,

428 2295 459 2345 et
486 2282 618 2344 tandem
642 2283 779 2345 eandem
803 2284 1009 2346 medietatem
1041 2284 1167 2363 domus,
1191 2282 1294 2363 fundi,
1327 2283 1447 2346 cellarii
1473 2297 1503 2346 et
1527 2281 1688 2344 hedificio-

427 2409 497 2451 rum
526 2389 612 2450 idem
638 2389 784 2452 Matheus
807 2404 896 2454 sutor
920 2391 952 2452 in
977 2391 1126 2452 extremis
1157 2391 1220 2452 vite
1244 2410 1300 2452 sue
1331 2391 1491 2468 laborans,
1517 2409 1575 2471 pro
1600 2389 1688 2450 certis

428 2495 546 2557 debitis
578 2496 654 2574 suis,
685 2497 802 2578 quibus
834 2497 893 2580 ipsi
917 2497 1091 2559 Dominico
1123 2496 1273 2579 irenipari
1306 2511 1422 2559 eotunc
1454 2517 1486 2558 se
1512 2497 1686 2558 debitorem

428 2601 574 2680 asseruit,
599 2601 705 2664 eidem
730 2603 903 2664 Dominico
928 2602 1078 2686 frenipari
1111 2604 1300 2685 resignasset
1324 2617 1355 2666 et
1386 2603 1569 2685 reliquisset
1592 2603 1687 2684 possi·

428 2707 570 2768 deudam
606 2721 637 2769 et
672 2709 982 2790 quomodocumque
1013 2709 1152 2772 voluerit
1182 2709 1428 2792 disponendam,
1461 2709 1602 2791 ideoque
1633 2727 1687 2770 nos

427 2814 563 2876 eandem
587 2815 791 2878 medietatem
808 2815 930 2899 prefate
956 2815 1081 2896 domus,
1098 2815 1201 2896 fundi,
1223 2817 1343 2878 cellarii
1361 2830 1392 2878 et
1415 2814 1638 2878 hedificiorum
1656 2813 1684 2876 in

427 2918 550 3002 prefato
574 2921 645 2982 vico
669 2923 818 2984 exteriori
843 2923 942 3004 ipsius
965 2923 1102 2984 civitatis
1125 2923 1207 2984 inter
1223 2923 1384 3005 predictos
1401 2921 1519 2984 fundos
1544 2921 1682 3004 ipsorum

428 3025 594 3088 Valentini
619 3027 769 3110 clavigeri
794 3043 825 3090 et
849 3029 1024 3091 liberorum
1051 3028 1270 3111 predictorum
1302 3028 1378 3090 dicti
1402 3028 1532 3090 Andree
1557 3025 1683 3090 Zwilich

427 3131 536 3195 habite
561 3145 592 3195 et
616 3134 788 3214 existentis,
813 3136 999 3217 porcionem
1023 3134 1173 3198 videlicet
1196 3135 1273 3197 dicti
1298 3135 1418 3198 Mathei
1442 3135 1569 3214 sutoris,
1593 3152 1682 3196 unam

427 3238 580 3300 videlicet
604 3254 749 3321 quartam
775 3243 860 3303 curie
885 3243 917 3303 in
940 3261 973 3302 se
997 3243 1198 3322 retinentem,
1229 3261 1301 3304 cum
1334 3242 1486 3304 omnibus
1516 3241 1582 3302 suis
1604 3239 1683 3302 utili-

426 3346 545 3406 tatibus
569 3359 600 3408 et
622 3347 828 3428 pertinenciis
852 3347 1041 3430 supradictis
1064 3353 1188 3431 prefato
1206 3349 1379 3410 Dominico
1403 3347 1556 3430 frenipari
1581 3368 1615 3410 ac
1632 3365 1683 3429 per

427 3470 501 3512 eum
533 3452 598 3513 suis
629 3452 802 3515 heredibus
832 3454 1000 3516 statuimus
1032 3475 1069 3515 ex
1098 3455 1259 3536 premissis
1290 3455 1532 3537 possidendam.
1554 3468 1585 3517 et
1606 3473 1680 3535 quo-

426 3556 667 3641 modocumque
680 3560 819 3621 voluerit
836 3560 1082 3644 disponendam,
1096 3562 1187 3623 nullo
1200 3562 1435 3624 contradictore
1449 3561 1579 3644 penitus
1593 3578 1680 3643 appa-

427 3675 526 3742 rente,
551 3665 770 3728 salvatamen
795 3666 856 3728 alia
877 3667 1048 3730 medietate
1072 3668 1215 3730 eiusdem
1233 3667 1360 3747 domus,
1385 3667 1488 3746 fundi,
1514 3667 1629 3730 cellarii
1651 3677 1679 3727 et

427 3767 651 3832 hedificiorum
669 3791 766 3834 unam
784 3773 993 3836 consimiliter
1009 3787 1155 3856 quartam
1173 3775 1258 3836 curie
1284 3776 1316 3836 in
1341 3795 1372 3836 se
1397 3776 1566 3854 retinente,
1589 3792 1676 3856 quam

427 3875 617 3938 Valentinus
652 3899 785 3961 arcupar
817 3879 901 3942 filius
932 3879 1045 3962 prelati
1081 3881 1253 3963 Stephani,
1286 3880 1381 3944 irater
1415 3901 1493 3944 vero
1527 3880 1676 3946 Benedicti

426 3983 587 4063 arcuparis
611 3985 784 4047 literatorie
809 3985 985 4048 dinoscitur
1008 3989 1181 4070 possidere.
1295 3993 1297 3998 ’

480 4181 577 4255 Feria
605 4193 704 4257 sexta
732 4189 887 4276 proxima
915 4197 993 4261 ante
1021 4189 1144 4262 testum
1181 4192 1280 4264 beate
1307 4192 1405 4264 lucie
1432 4195 1576 4282 virginis
1602 4197 1630 4263 et

980 4317 1145 4386 martiris.

923 4465 983 4538 (ιι.
1015 4465 1192 4540 decembres).

535 4619 614 4680 ltem
639 4621 714 4701 quia
745 4621 793 4682 vir
825 4622 978 4704 providus
1010 4624 1206 4686 Laureneius
1238 4625 1373 4705 institor,
1405 4627 1531 4708 pridem
1558 4626 1673 4708 juratus,

426 4725 567 4786 concivis
592 4741 710 4805 noster,
736 4726 819 4789 filius
843 4729 938 4808 Petri,
965 4729 996 4790 id
1021 4749 1095 4792 curn
1123 4731 1294 4795 sufficienti
1319 4745 1350 4794 et
1373 4731 1539 4816 fidedigno
1562 4743 1670 4793 nostro·

426 4849 496 4890 rum
522 4831 704 4893 concivium
727 4833 913 4895 testimonio
939 4835 1062 4898 insede
1087 4850 1193 4900 nostra
1212 4838 1378 4920 judiciaria
1403 4839 1488 4902 clare
1512 4853 1542 4901 et
1564 4835 1667 4900 seriose

428 4955 536 4996 coram
563 4938 656 4998 nobis
681 4941 913 5020 comprobavit,
931 4955 965 5002 ut
981 4942 1171 5005 Valentinus
1188 4943 1413 5008 institorfilius
1439 4942 1603 5018 Lourandi,
1617 4957 1669 5021 pro

426 5056 503 5103 tunc
530 5058 636 5103 noster
660 5046 812 5125 concivis,
836 5047 915 5108 alias
938 5048 1033 5130 judex
1058 5063 1089 5112 et
1113 5050 1190 5114 civis
1215 5050 1431 5130 Chasmensis,
1457 5050 1607 5136 quoddam
1631 5045 1668 5126 ci·¹
