3740 5810
600 557 688 615 Anno
711 568 798 632 1417.
822 590 866 602 -
882 572 918 633 3.
941 559 1100 619 decembris.
1439 580 1473 640 51

213 661 309 670 ..η-...-
332 663 504 670 —n——u-r

210 767 324 847 jurati,
348 787 430 850 quos
460 770 500 830 ad
532 768 731 831 audiendum
760 769 866 850 ipsum
901 769 1117 849 juramentum
1150 772 1343 834 duxeramus
1380 772 1477 834 desti-

212 875 346 952 nandos,
371 875 486 936 exinde
510 876 625 956 reversi
652 875 744 937 nobis
763 873 940 938 retulerunt
972 876 1120 939 videlicet
1151 897 1247 960 super
1279 897 1329 956 eo,
1354 892 1389 939 ut
1413 879 1480 961 ipse

210 981 243 1040 in
267 982 359 1043 totali
384 983 513 1044 accione
538 996 569 1044 et
589 983 788 1063 aquisicione
804 981 948 1064 ipsorum
973 983 1081 1047 relicte
1106 998 1137 1047 et
1154 984 1210 1047 filii
1236 984 1369 1067 predicti
1387 984 1478 1047 lwan

213 1086 342 1148 racione
366 1087 628 1171 interempcionis
652 1089 728 1151 dicti
753 1089 836 1152 lwan
862 1103 893 1151 et
917 1091 1116 1153 extraccione
1140 1091 1308 1153 oculorum
1334 1103 1364 1152 et
1388 1091 1474 1152 abla-

213 1193 306 1255 cione
330 1213 437 1257 rerum
461 1215 518 1256 seu
549 1196 758 1277 pecuniarum
790 1195 945 1259 innocens
972 1194 1032 1258 fuit
1056 1211 1087 1258 et
1117 1210 1208 1275 esset,
1234 1196 1307 1260 ideo
1334 1195 1477 1258 eundem

210 1299 376 1363 Andream
407 1320 503 1383 super
533 1302 696 1383 premissis
726 1301 927 1364 reddidimus
958 1315 989 1364 et
1016 1303 1236 1364 commisimus
1268 1301 1414 1384 quietum
1447 1314 1477 1361 et

210 1407 408 1490 expeditum.

342 1627 440 1702 leria
467 1639 566 1703 sexta
594 1633 750 1721 proxima
778 1639 855 1722 post
882 1631 1005 1702 festum
1033 1630 1130 1702 beate
1159 1629 1351 1701 [letherius.

710 1781 776 1864 (26.
801 1785 983 1860 novembris).

317 1923 429 1984 Petrus
453 1923 627 2004 Hungarus
652 1923 691 1985 de
708 1925 839 2006 Zyrinio
864 1936 973 1986 contra
994 1921 1157 1984 Andream
1180 1921 1305 2004 pridem
1330 1921 1470 2003 judicem

210 2029 316 2111 primo
342 2029 455 2092 citatus
479 2049 545 2092 non
570 2031 759 2113 comparuit.

316 2135 395 2198 Item
418 2149 485 2199 tota
509 2138 723 2198 communitas
746 2138 925 2199 Laurencio
950 2151 981 2198 et
1002 2136 1114 2198 Friche
1138 2136 1217 2197 alias
1240 2135 1350 2216 juratis
1374 2155 1473 2217 super

211 2243 392 2305 excessibus
416 2263 527 2304 eorum
553 2263 655 2326 nuper
680 2244 877 2326 perpetratis,
902 2263 960 2326 pro
985 2243 1103 2324 quibus
1125 2241 1233 2304 officio
1257 2239 1382 2303 fuerant
1406 2241 1469 2324 pri·

209 2351 285 2429 vati,
308 2351 450 2432 graciam
474 2350 624 2411 duximus
648 2364 678 2412 et
694 2348 830 2412 fecimus
855 2349 1028 2430 specialem
1044 2348 1160 2426 taliter,
1185 2361 1219 2409 ut
1244 2347 1282 2408 de
1307 2363 1412 2410 cetero
1429 2349 1469 2409 ab

211 2455 398 2518 huiusmodi
422 2455 513 2518 factis
548 2469 740 2539 precaveant
763 2471 794 2518 et
818 2456 896 2518 alias
922 2457 1044 2538 possint
1076 2454 1191 2516 eodem
1216 2453 1324 2516 officio
1350 2453 1473 2536 juratus

208 2562 380 2643 gratulari;
397 2562 474 2625 item
499 2563 524 2624 si
542 2563 685 2645 quipiam
703 2576 813 2624 contra
831 2563 916 2644 ipsos
933 2561 1051 2623 luerint
1075 2561 1253 2642 conquesti,
1271 2561 1331 2642 ipsi
1349 2560 1473 2623 eisdem

209 2667 403 2751 respondere
427 2672 631 2731 tenebuntur.

314 2775 392 2836 ltem
417 2775 509 2856 jurati
535 2774 758 2856 adjudicarunt
779 2794 906 2836 causam
927 2774 1009 2835 inter
1025 2773 1180 2855 plebanos
1200 2774 1299 2835 sancti
1324 2773 1422 2834 Marci
1443 2785 1474 2834 et

209 2879 391 2942 Jobannem
405 2881 602 2943 Terbinzeth
616 2883 743 2943 racione
757 2880 923 2942 cuiusdam
937 2881 1029 2940 vinee
1047 2893 1178 2958 motam,
1197 2880 1236 2941 de
1250 2899 1312 2960 qua
1327 2879 1472 2960 quinque

209 2987 347 3049 cubulos
378 2988 444 3049 vini
477 2987 597 3049 eisdem
631 2988 776 3069 plebanis
806 2987 941 3068 singulis
964 2987 1056 3048 annis
1087 2986 1162 3048 dare
1190 3001 1315 3048 tenetur
1339 3000 1369 3047 et
1402 2985 1468 3046 iam

209 3093 338 3155 duobus
361 3095 453 3156 annis
477 3115 541 3156 non
566 3095 722 3174 solvisset,
747 3093 858 3156 decem
879 3093 1014 3154 cubulos
1038 3093 1102 3154 iam
1135 3092 1266 3154 deberet
1288 3092 1413 3152 solvere
1438 3103 1468 3152 et

210 3201 338 3263 vineam
350 3202 411 3262 sub
425 3201 537 3263 eadem
552 3201 741 3263 condicione
755 3199 918 3282 possidere
931 3213 986 3261 aut
1002 3199 1094 3261 aliter
1107 3199 1145 3260 de
1161 3199 1273 3262 eadem
1288 3199 1469 3281 disponere.

317 3307 393 3369 ltem
419 3307 501 3370 inter
525 3307 687 3370 Andream
712 3308 837 3389 pridem
859 3306 999 3388 judicem
1024 3318 1054 3367 et
1078 3305 1279 3368 Anthonium
1305 3307 1413 3384 (deest).

251 3525 348 3600 leria
375 3535 474 3600 sexta
501 3529 658 3620 proxima
686 3534 763 3600 ante
791 3527 915 3600 festum
943 3526 1039 3597 beate
1067 3525 1215 3597 Barbare
1243 3527 1385 3614 virginis
1413 3533 1447 3598 et

755 3653 920 3724 martiris.

714 3807 758 3882 (3.
790 3803 962 3877 decembris).

316 3950 464 4012 Vrbanus
478 3946 720 4030 Chrapcheuich
735 3945 860 4028 pridem
874 3944 994 4028 juratus
1008 3955 1118 4006 contra
1131 3941 1330 4003 Anthonium
1345 3941 1469 4022 pridem

211 4056 349 4138 judicem
374 4055 479 4138 primo
503 4055 616 4116 citatus
640 4072 706 4114 non
735 4051 925 4134 comparuit.

316 4161 394 4222 ltem
412 4160 522 4222 Petrus
546 4161 720 4240 Hungarus
743 4157 782 4219 de
806 4157 935 4219 Zerinio
960 4167 1069 4218 contra
1086 4154 1250 4216 Andream
1274 4153 1397 4236 pridem
1423 4151 1470 4233 ju-

212 4268 316 4332 dicem
341 4267 484 4329 secundo
510 4267 624 4328 citatus
647 4285 712 4327 non
737 4263 927 4346 comparuit.

316 4375 396 4437 ltem
420 4373 513 4455 jurati
538 4371 763 4454 adjudicarunt
793 4389 920 4431 causam
953 4369 1034 4430 inter
1058 4367 1237 4429 iohannem
1270 4364 1410 4446 judicem
1442 4378 1472 4426 et

213 4481 388 4562 Georgium
415 4477 541 4542 labrum
566 4479 695 4540 racione
712 4491 875 4560 receptum
895 4479 1021 4552 bovem,
1039 4475 1127 4556 quod
1144 4474 1219 4556 quia
1236 4487 1382 4534 mortuus
1399 4471 1473 4550 fuit,

211 4589 284 4652 ideo
308 4588 435 4650 nonde
460 4587 527 4668 jure
550 4585 669 4667 recepit
693 4586 801 4662 boves,
827 4583 901 4664 quia
926 4581 1061 4664 (h)ortus
1085 4581 1181 4642 debet
1204 4579 1311 4662 sepiri.

316 4694 394 4755 ltem
413 4692 504 4774 jurati
523 4691 748 4773 adjudicarunt
764 4689 852 4771 quod
870 4688 989 4750 Micula
1005 4701 1094 4749 sutor
1110 4685 1238 4748 Andree
1255 4685 1352 4766 judici
1371 4703 1471 4766 usque

212 4799 392 4883 quindenas
408 4801 550 4881 quinque
560 4799 630 4860 flor.
652 4798 727 4859 dare
744 4795 840 4858 debet
857 4795 984 4856 racione
1007 4813 1099 4855 cause
1118 4795 1199 4854 inter
1223 4792 1353 4854 eosdem
1375 4805 1471 4853 mote.

317 4907 395 4969 ltem
430 4907 505 4988 quia
538 4905 714 4988 Gregorius
746 4903 886 4964 decanus
918 4903 949 4962 id
982 4922 1054 4962 cum
1087 4899 1257 4962 sufficienti
1288 4898 1472 4961 testimonio

212 5031 318 5074 coram
344 5011 440 5073 uobis
464 5011 696 5094 comprobavit,
721 5009 810 5092 quod
834 5009 911 5069 dum
941 5007 1122 5069 Demetrius
1147 5007 1176 5067 in
1211 5006 1359 5067 extremis
1383 5005 1472 5066 labo·

1372 5107 1384 5132 a
