3796 5812
416 556 536 653 Ἦ,

686 647 809 652 ..η-ω...-
830 647 892 652 --—
1000 647 1063 652 -..-.-.
1084 647 1119 654 ...-
1151 647 1168 652 -.-
1244 647 1295 652 ..-
1322 647 1382 652 .-—-
1412 647 1487 652 --.-.--
1509 646 1648 652 ——-—-

423 751 630 832 comparendi
656 766 686 813 et
702 751 809 812 literas
832 769 927 832 super
945 752 1028 832 ipsas
1051 751 1267 832 possessiones
1284 751 1315 812 in
1333 749 1454 830 judicio
1478 749 1688 832 producendi

422 876 530 918 coram
548 857 641 918 nobis
657 857 688 918 in
705 877 842 940 persona
860 857 1002 919 eiusdem
1021 857 1129 920 relicte
1147 856 1346 939 Sigismundi
1364 857 1537 919 Katherine
1555 872 1687 921 vocate.

524 981 600 1043 ltem
619 981 711 1062 iurati
733 981 1000 1062 adjudicaverunt
1020 982 1108 1062 quod
1127 982 1283 1043 Martinus
1300 981 1502 1044 Wrnlxouich
1524 983 1627 1044 bodie
1647 983 1689 1044 ad

415 1101 489 1148 octo
514 1087 581 1149 dies
605 1107 700 1170 super
724 1107 810 1149 aram
836 1087 934 1149 tercio
958 1107 991 1149 se
1015 1086 1133 1168 jurabit
1157 1107 1252 1170 super
1276 1109 1314 1150 eo
1339 1103 1449 1149 contra
1475 1088 1685 1170 Stephanum

416 1195 649 1272 carpentarium
675 1193 763 1276 quod
797 1194 863 1275 ipse
887 1193 948 1254 sibi
983 1213 1042 1256 nec
1065 1195 1200 1276 pallium
1234 1214 1292 1257 nec
1316 1195 1394 1256 alias
1427 1215 1475 1255 res
1500 1215 1572 1256 suas
1607 1198 1688 1256 sub-

415 1301 520 1379 traxit,
545 1301 601 1362 sed
626 1301 780 1362 innocens
804 1315 834 1362 et
851 1301 992 1362 inmunis
1017 1301 1049 1362 in
1068 1303 1221 1384 premissa
1239 1302 1369 1363 accione
1386 1321 1442 1384 per
1460 1302 1568 1362 omnia
1586 1301 1689 1364 foret.

522 1406 600 1468 ltem
625 1407 700 1487 quia
725 1406 915 1468 Valentinus
938 1407 1062 1488 pridem
1091 1407 1213 1488 juratus
1246 1407 1278 1468 id
1303 1427 1377 1468 cum
1401 1406 1571 1469 sufficienti
1595 1407 1691 1469 testi-

417 1513 529 1574 monio
554 1527 736 1574 nostrorum
770 1513 951 1574 concivium
984 1514 1207 1595 comprobavit
1231 1533 1340 1576 coram
1372 1515 1475 1590 nobis,
1500 1514 1588 1594 quod
1617 1515 1690 1596 ipse

417 1619 519 1681 Paulo
543 1619 629 1681 dicto
655 1619 740 1702 llych
758 1619 981 1680 omnimodam
998 1619 1251 1682 satisfaccionem
1269 1639 1328 1702 pro
1349 1619 1432 1682 facto
1451 1621 1532 1682 inter
1548 1621 1688 1682 eosdem

416 1725 527 1787 habito
552 1726 758 1808 inpendisset,
783 1725 857 1786 ideo
886 1725 991 1808 ipsum
1023 1747 1060 1788 ex
1093 1741 1183 1807 parte
1214 1727 1358 1790 eiusdem
1392 1727 1555 1789 reddimus
1588 1748 1691 1810 expe·

419 1833 522 1894 ditum
548 1846 578 1894 et
602 1834 641 1893 ab
667 1832 736 1914 ipso
761 1831 862 1894 Paulo
886 1831 1081 1893 absolutum.

510 2067 606 2140 Faria
635 2077 733 2140 sexta
762 2071 917 2158 proxima
945 2077 1022 2157 post
1049 2069 1171 2140 festum
1200 2068 1435 2158 Concepcionis
1464 2070 1579 2141 llario.

522 2240 601 2302 ltem
625 2241 699 2321 quia
725 2239 847 2323 Stoylro
863 2238 948 2300 filius
973 2241 1100 2302 Lucasii
1117 2241 1258 2302 concivis
1275 2254 1382 2303 noster
1407 2259 1480 2302 cum
1505 2237 1687 2302 sufficienti

417 2362 447 2408 et
473 2347 638 2428 fidedigno
662 2359 844 2408 nostrorum
877 2346 1059 2407 concivium
1084 2347 1269 2408 testimonio
1301 2347 1433 2408 insede
1466 2358 1571 2407 nostra
1599 2345 1688 2424 judi-

416 2454 511 2514 ciaria
536 2453 758 2535 comprobavit
783 2471 890 2514 coram
916 2453 1019 2530 nobis,
1045 2453 1131 2533 quod
1156 2452 1355 2533 Margaretha
1380 2452 1541 2534 penestica
1566 2451 1684 2513 relicta

416 2559 553 2620 condam
588 2558 744 2620 Anthonii
777 2557 833 2620 filii
867 2557 974 2619 lwanlr
1006 2559 1181 2639 quamdam
1213 2559 1347 2620 domum
1378 2558 1473 2619 unius
1505 2571 1618 2638 quarte
1652 2557 1687 2618 in

417 2665 581 2727 vicinitate
606 2666 778 2728 domorum
804 2664 947 2725 eiusdem
966 2665 1087 2747 Stoylro
1108 2678 1139 2726 et
1163 2665 1271 2726 relicte
1296 2664 1434 2726 condam
1454 2663 1599 2745 Lipouch
1626 2663 1687 2725 ba-

417 2772 527 2850 bitam,
551 2771 583 2832 in
609 2772 710 2852 ipsam
736 2786 807 2854 post
831 2771 954 2832 obitum
980 2769 1092 2853 prefati
1121 2770 1277 2832 Anthonii
1303 2771 1427 2832 domini
1453 2785 1483 2831 et
1508 2770 1616 2832 mariti
1634 2771 1686 2832 sui

417 2878 474 2939 rite
499 2876 566 2956 jure
599 2877 790 2938 hereditario
822 2876 1019 2954 devolutam,
1047 2877 1080 2938 in
1112 2878 1227 2938 ultimo
1252 2897 1309 2940 sue
1340 2877 1516 2939 voluntatis
1548 2876 1685 2957 eulogio

417 2983 521 3044 eidem
547 2983 670 3066 Stoyko
694 2983 956 3045 testamentaliter
980 2983 1118 3044 vendere
1143 2997 1174 3045 et
1197 3003 1256 3064 pro
1285 2983 1414 3044 annima
1438 3003 1494 3044 sua
1521 3001 1686 3065 exponere

416 3090 552 3170 legasset
576 3103 607 3150 et
630 3089 812 3167 dimisisset,
837 3090 910 3150 ideo
935 3090 1035 3171 ipsam
1054 3089 1189 3150 domum
1216 3090 1310 3150 unios
1327 3101 1438 3170 quarte
1463 3102 1497 3150 ut
1521 3087 1684 3170 prefertur

417 3194 540 3276 prefato
566 3195 723 3277 Stoylroni
748 3196 937 3277 reliquimus
969 3209 1000 3258 et
1029 3197 1198 3256 statuimus
1222 3195 1407 3257 vendicioni
1440 3195 1680 3276 exponendam.

526 3301 603 3362 ltem
629 3321 721 3362 causa
748 3303 829 3362 inter
852 3300 1059 3363 Valentinum
1085 3301 1187 3362 lilium
1216 3302 1313 3362 Marci
1339 3317 1374 3362 ut
1397 3315 1536 3362 actorem
1562 3315 1593 3362 et
1616 3305 1687 3362 An-

416 3407 565 3469 thonium
589 3427 625 3468 ac
651 3407 829 3468 Fabianum
849 3405 1057 3468 Gornichichi
1076 3407 1178 3468 dictos
1202 3421 1237 3468 ut
1261 3407 1292 3468 in
1318 3427 1446 3468 causam
1471 3419 1621 3468 attractos
1641 3406 1682 3467 ad

417 3513 556 3595 primum
581 3513 736 3593 judicium
761 3513 801 3573 ad
825 3532 937 3594 pacem
962 3527 1008 3574 est
1031 3527 1166 3594 recepta.

524 3617 602 3679 ltem
638 3619 711 3698 quia
747 3618 863 3679 Paulus
894 3618 978 3679 filius
1011 3617 1142 3699 Georgii
1175 3618 1299 3700 pridem
1327 3617 1447 3699 juratus
1480 3631 1511 3679 et
1542 3617 1687 3678 concivis

418 3739 525 3786 noster
550 3745 623 3786 cum
647 3724 817 3786 sufficienti
842 3737 872 3786 et
896 3724 1060 3804 fidedigno
1078 3738 1260 3786 nostrorum
1285 3724 1466 3786 concivium
1492 3724 1682 3786 testimonio

418 3851 523 3893 coram
550 3832 642 3892 nobis
667 3831 796 3891 insede
828 3829 993 3911 judiciaria
1026 3831 1109 3892 clare
1141 3830 1373 3912 comprobavit,
1404 3829 1491 3910 quod
1521 3827 1684 3909 Georgius

418 3939 521 4000 dictus
546 3937 715 3999 Zoldericb
742 3937 888 3998 universa
912 3957 968 3997 sua
987 3939 1081 4013 bona,
1105 3936 1253 3997 videlicet
1276 3935 1409 3996 domum
1435 3933 1617 4018 (muratam)
1643 3936 1679 3996 in

418 4045 546 4106 civitate
570 4059 600 4106 et
625 4046 692 4106 eius
716 4044 876 4105 territorio
895 4043 1035 4104 habitam
1056 4057 1087 4104 et
1111 4043 1292 4118 existentia,
1311 4043 1342 4102 in
1357 4042 1473 4103 ultimo
1490 4062 1545 4103 sue
1562 4041 1678 4102 volun-

417 4151 489 4212 tatis
514 4151 645 4231 eulogio
670 4150 774 4211 eidem
802 4150 901 4210 Paulo
927 4149 1188 4209 testamentaliter
1219 4148 1389 4227 legavisset
1413 4161 1443 4210 et
1467 4147 1683 4208 commisisset

417 4257 644 4339 perpetualiter
667 4256 838 4317 tenendam
865 4270 895 4316 et
920 4255 1226 4336 quomodocumque
1260 4254 1398 4315 voluerit
1432 4253 1680 4335 disponendam,

418 4364 492 4424 ideo
516 4383 575 4424 nos
599 4363 756 4444 predictas
781 4382 853 4421 suas
886 4362 1103 4442 possessiones
1137 4361 1286 4422 videlicet
1319 4362 1452 4422 domurn
1479 4361 1522 4442 (et
1544 4359 1682 4441 reliqua)

418 4470 477 4550 ipsi
503 4470 603 4531 Paulo
628 4469 818 4550 reliquimus
843 4483 874 4529 et
903 4469 1071 4529 statuimus
1103 4481 1258 4548 perpetuo
1291 4467 1518 4548 possidendam
1545 4482 1577 4528 et
1601 4485 1683 4547 quo·

419 4575 659 4656 modocumque
684 4575 821 4635 voluerit
847 4573 1093 4655 disponendam.

527 4681 606 4742 Item
631 4681 706 4761 quia
731 4681 863 4741 honesta
889 4680 1005 4740 mulier
1037 4679 1135 4738 Lucia
1168 4691 1280 4738 vocata
1312 4678 1420 4739 relicta
1445 4678 1582 4740 condam
1608 4676 1683 4739 Cle-

420 4788 536 4849 mentis
561 4785 617 4848 filii
642 4787 799 4848 Anthonii
824 4787 855 4846 in
880 4787 954 4847 sede
979 4799 1085 4845 nostra
1111 4784 1277 4864 judiciaria
1302 4804 1374 4845 cum
1401 4783 1571 4846 sufficienti
1595 4785 1683 4845 testi·

420 4894 530 4955 monio
555 4913 661 4954 coram
689 4893 781 4953 nobis
806 4893 837 4952 id
863 4893 945 4953 clare
979 4891 1200 4972 comprobavit
1224 4887 1406 4951 nostrorum
1430 4889 1581 4951 videlicet
1605 4909 1681 4950 con-

423 5001 551 5080 civium,
577 5013 611 5061 ut
635 4999 774 5083 quedam
799 4999 891 5060 vinea
924 4997 1156 5060 condicionalis
1188 4997 1220 5058 in
1245 5011 1354 5058 nostro
1386 4996 1546 5059 territorio
1571 4995 1681 5057 habita
