3734 5796
588 599 674 656 Anno
692 611 785 677 1439.
808 631 847 642 -
873 609 920 676 17.
944 600 1057 674 aprilis.
1391 619 1453 681 307

295 809 373 872 ltem
399 809 475 890 quia
500 809 635 891 provida
659 810 777 872 mulier
806 811 983 893 Elyzabeth
1014 812 1105 872 aliter
1129 812 1232 872 Kussa
1256 825 1379 891 vocata,
1405 833 1452 872 re·

185 915 262 976 licta
297 915 433 977 condam
467 916 589 978 Mareni
622 916 710 999 olym
743 916 929 979 habitatoris
960 918 1042 979 dicte
1075 917 1210 979 civitatis
1241 917 1296 979 filii
1338 919 1453 998 Marse,

191 1019 312 1104 prelate
336 1022 472 1083 civitatis
493 1022 673 1102 habitatrix,
698 1036 769 1104 post
797 1024 921 1084 obitum
955 1023 1098 1084 eiusdem
1124 1024 1247 1085 Mareni
1273 1024 1396 1086 domini
1422 1037 1453 1086 et

186 1129 292 1190 mariti
316 1129 365 1190 sui
390 1130 485 1191 unica
509 1129 601 1192 heres
625 1142 656 1192 et
679 1143 837 1212 superstes
862 1131 961 1212 ipsius
987 1131 1109 1192 Mareni
1134 1131 1321 1192 remansisse
1343 1131 1448 1212 perhi-

188 1237 281 1298 betur
305 1257 342 1297 ex
367 1258 382 1298 a
408 1249 505 1316 certo,
542 1238 719 1319 eademque
746 1237 924 1320 Elyzabeth
944 1237 1036 1299 aliter
1061 1239 1162 1299 Kussa
1186 1251 1298 1299 vocata
1323 1237 1449 1318 mulier,

186 1362 202 1402 a
228 1355 374 1424 tempore
392 1343 467 1405 dicti
493 1344 599 1405 obitus
622 1343 670 1404 sui
689 1357 720 1406 et
743 1363 843 1425 usque
862 1363 946 1404 nunc
971 1344 1002 1404 in
1020 1343 1128 1425 spacio
1145 1343 1295 1406 videlicet
1312 1343 1448 1424 quadra·

185 1449 273 1528 ginta
297 1470 351 1512 sex
375 1451 426 1512 vel
450 1451 526 1512 citra
550 1469 708 1512 annorum
730 1451 761 1511 in
787 1451 884 1532 pleno
908 1462 939 1512 et
955 1449 1087 1532 pacifico
1112 1471 1147 1511 ac
1165 1451 1275 1531 quieto
1300 1449 1446 1512 dominio

185 1555 351 1617 cuiusdam
376 1557 530 1638 particule
555 1557 689 1618 vinealis
713 1557 812 1638 ipsius
837 1557 958 1617 Mareni
985 1557 1016 1617 in
1033 1556 1194 1639 territorio
1218 1557 1354 1618 civitatis
1378 1577 1448 1639 pre-

186 1661 270 1722 dicte
295 1661 414 1741 habite,
439 1663 543 1745 ipsum
568 1663 688 1724 scilicet
713 1664 880 1724 Marenum
905 1661 1039 1743 juridice
1056 1674 1152 1743 atque
1176 1661 1349 1723 literatorie
1374 1682 1450 1724 con-

186 1770 355 1849 cernentia,
386 1770 516 1832 nemine
547 1770 675 1852 penitus
706 1770 943 1831 contradicente
971 1789 1097 1851 semper
1129 1767 1189 1830 fuit
1213 1783 1244 1830 et
1276 1770 1451 1851 permansit

187 1887 283 1958 prout
314 1876 486 1958 superinde
518 1876 661 1958 plenarie
693 1875 797 1937 edocti
830 1895 941 1936 sumus
964 1889 995 1936 et
1018 1874 1192 1952 informati,
1227 1874 1366 1957 ideoque
1391 1895 1451 1937 nos

188 1982 364 2062 predictam
396 1982 585 2064 particulam
618 1982 777 2043 vinealem
812 1983 843 2043 in
874 1982 1034 2043 territorio
1058 1995 1168 2043 nostro
1199 1980 1352 2058 habitam,
1376 2001 1449 2042 curn

182 2087 334 2148 omnibus
358 2088 424 2148 suis
448 2088 654 2170 pertinenciis
678 2100 709 2150 et
732 2087 923 2149 utilitatibus
944 2088 1100 2149 universis
1124 2085 1245 2169 prefate
1270 2087 1448 2168 Elyzabeth

182 2193 310 2256 mulieri
335 2193 427 2255 aliter
452 2195 554 2255 Kussa
579 2209 690 2256 vocate
715 2215 751 2256 ac
774 2215 830 2276 per
853 2214 923 2256 eam
948 2194 1015 2256 suis
1037 2193 1208 2256 heredibus
1232 2193 1400 2256 statuimus
1418 2206 1449 2254 et

183 2301 408 2362 commisimus
441 2321 478 2362 ac
509 2301 709 2362 decrevimus
732 2299 800 2381 jure
830 2313 985 2382 perpetuo
1018 2313 1049 2360 et
1073 2299 1324 2361 irrevocabiliter
1348 2300 1449 2382 possi·

183 2407 326 2468 dendam
362 2421 392 2467 et
427 2407 737 2488 quomodocumque
772 2406 910 2468 voluerit
945 2406 1180 2488 disponendam
1217 2405 1302 2486 juxta
1338 2407 1449 2468 condi·

181 2514 310 2574 cionem
336 2513 472 2576 civitatis
495 2527 661 2596 prenotate
684 2515 724 2575 ab
748 2514 882 2594 antiquo
907 2514 1128 2595 approbatam.

287 2618 366 2680 Item
390 2639 518 2681 causam
542 2620 624 2682 inter
649 2619 812 2702 Mathyam
837 2619 1020 2680 sellatorem
1045 2633 1075 2679 et
1100 2619 1274 2680 Martinum
1304 2631 1446 2681 sutorem

180 2743 290 2785 coram
315 2725 409 2786 nobis
437 2739 558 2788 motam
590 2746 646 2807 per
677 2725 871 2807 peticionem
903 2738 1061 2786 certorum
1096 2726 1272 2806 proborum
1301 2725 1442 2786 virorum

179 2831 363 2892 concivium
388 2845 569 2893 nostrorum
594 2831 633 2893 ad
658 2832 798 2913 primum
823 2831 978 2913 judicium
1003 2830 1042 2891 ad
1058 2849 1170 2912 pacem
1196 2830 1345 2892 duximus
1369 2851 1441 2913 pro·

179 2935 368 3018 rogandam.

290 3044 369 3105 ltem
394 3045 469 3126 quia
493 3043 625 3105 honesta
657 3043 765 3124 puella
795 3047 971 3126 Anastasya
996 3057 1107 3105 vocata
1140 3043 1205 3104 filia
1231 3042 1362 3126 Georgii
1389 3041 1446 3105 filii

180 3149 312 3212 Thome
337 3151 424 3232 olym
457 3151 598 3212 concivis
629 3151 740 3228 nostri,
774 3151 806 3212 id
830 3170 902 3212 cum
936 3149 1106 3211 sufficienti
1139 3163 1169 3210 et
1201 3148 1364 3232 fidedigno
1390 3171 1445 3212 no·

178 3269 318 3318 atrorum
344 3257 526 3319 concivium
550 3257 736 3318 testimonio
762 3257 793 3317 in
818 3257 893 3318 sede
910 3270 1017 3318 nostra
1042 3255 1207 3338 judiciaria
1232 3257 1315 3318 clare
1340 3272 1370 3318 et
1395 3276 1442 3318 se·

179 3363 263 3424 riose
288 3383 396 3424 coram
421 3363 515 3425 nobis
543 3363 574 3425 in
599 3363 719 3445 judicio
752 3364 984 3446 comprobavit,
1009 3376 1044 3424 ut
1077 3363 1155 3424 dum
1179 3360 1319 3443 prefatus
1344 3361 1445 3424 Geor·

178 3468 252 3548 gius
276 3483 367 3551 pater
392 3470 491 3551 ipsius
515 3470 682 3531 Anastasie
714 3470 822 3552 puelle
847 3471 880 3532 in
912 3470 1061 3530 extremis
1083 3470 1148 3531 vite
1178 3490 1235 3531 sue
1259 3470 1445 3552 temporalis

178 3574 369 3655 laborasset,
393 3588 469 3638 tunc
486 3577 553 3658 ipse
578 3576 784 3638 medietatem
802 3577 969 3638 cuiusdam
986 3577 1115 3653 domus,
1139 3575 1241 3655 fundi,
1260 3576 1445 3658 cellariique

178 3682 381 3742 subterranei
406 3703 443 3743 ac
460 3681 680 3744 hedificiorum
700 3683 732 3743 in
757 3683 840 3743 dicta
862 3683 988 3743 civitate
1006 3683 1087 3744 inter
1111 3682 1245 3744 domum
1270 3682 1445 3744 liberorum

179 3787 319 3849 condam
344 3789 410 3850 luri
436 3789 617 3852 Corintiani
635 3803 666 3851 et
689 3810 787 3872 penes
809 3791 875 3851 vias
899 3810 955 3850 seu
977 3790 1097 3871 plateas
1121 3809 1309 3851 communes
1326 3789 1445 3870 habite,

179 3913 277 3954 unam
312 3894 462 3957 videlicet
494 3909 640 3977 quartam
672 3897 758 3956 curie
791 3897 822 3957 in
853 3917 886 3957 se
918 3896 1147 3975 continentem,
1185 3897 1289 3977 ipsum
1324 3896 1445 3958 scilicet

180 4000 359 4082 Georgium
377 4015 498 4083 patrem
525 4002 623 4083 ipsius
647 4007 823 4085 Anastasye
840 4003 948 4084 puelle
974 4001 1107 4082 juridice
1131 4015 1162 4062 et
1177 4002 1350 4063 literatorie
1368 4021 1444 4063 con-

179 4120 375 4186 cernentem,
393 4127 464 4169 cum
483 4109 548 4168 suis
572 4108 762 4170 utilitatibus
779 4121 808 4170 et
825 4108 1031 4190 pertinenciis
1048 4108 1204 4169 universis
1221 4106 1341 4190 prefate
1359 4112 1443 4169 Ana-

178 4227 280 4296 stasye
305 4213 411 4296 puelle
436 4213 501 4274 filie
524 4234 580 4274 sue
598 4214 766 4295 legavisset
797 4227 827 4276 et
847 4215 1019 4276 dimisisset
1044 4213 1111 4294 jure
1128 4213 1317 4296 perhennali
1342 4213 1442 4296 possi·

179 4319 329 4398 dendam,
354 4319 494 4401 ideoque
518 4340 576 4381 nos
600 4321 776 4402 predictam
801 4321 1006 4382 medietatem
1025 4321 1166 4402 ipsarum
1185 4319 1311 4398 domus,
1336 4317 1440 4396 fundi,

179 4426 365 4508 cellariique
390 4446 426 4487 ac
443 4425 678 4504 hedificiorum,
696 4428 883 4508 porcionem
902 4427 1051 4487 videlicet
1069 4427 1167 4508 ipsius
1185 4425 1318 4506 Georgii
1342 4425 1440 4506 patris

181 4531 263 4594 dicte
288 4537 466 4615 Anastasye
490 4533 609 4614 puelle,
641 4553 737 4594 unam
772 4547 805 4593 ut
836 4533 1030 4614 premittitur
1054 4545 1199 4613 quartam
1232 4531 1319 4592 curie
1346 4532 1377 4591 in
1409 4552 1442 4592 se

179 4639 385 4718 retinentem,
410 4657 482 4700 cum
508 4639 659 4700 omnibus
684 4639 748 4699 suis
779 4638 971 4700 utilitatibus
995 4652 1025 4699 et
1056 4638 1261 4720 pertinenciis
1286 4637 1442 4698 universis

179 4745 356 4827 prenotatis
379 4743 501 4826 prefate
525 4749 701 4827 Anastasye
725 4743 832 4826 puelle
856 4743 920 4805 filie
945 4744 1044 4826 ipsius
1070 4743 1201 4825 Georgii
1226 4763 1262 4804 ac
1286 4762 1343 4825 per
1371 4761 1441 4804 eam

179 4851 243 4913 auis
266 4851 439 4913 heredibus
464 4851 633 4912 statuimus
657 4863 688 4912 et
719 4851 940 4912 commisimus
971 4863 1126 4933 perpetuo
1160 4849 1387 4932 possidendam
1412 4863 1443 4910 et

178 4957 488 5040 quomodocumque
512 4958 652 5020 voluerit
680 4957 915 5039 disponendam
940 4956 1026 5038 juxta
1058 4957 1282 5019 condicionem
1307 4955 1442 5017 civitatis

178 5076 345 5147 prenotate
369 5064 409 5125 ab
432 5064 567 5146 antiquo
595 5064 815 5146 approbatam.

1324 5147 1336 5174 a
