3740 5810
833 553 919 610 Anno
941 568 1031 630 1419.
1056 587 1101 596 —
1117 567 1151 629 5.
1176 555 1256 614 maii.

516 762 594 825 Item
618 761 711 844 jurati
736 762 970 845 adjudicarunt,
995 764 1082 846 quod
1100 763 1176 844 qnia
1191 761 1390 845 Margareths
1415 763 1523 825 relicta
1548 763 1673 846 Supan,

412 871 650 952 consanguinea
679 871 816 932 condam
849 872 989 934 Emerici
1021 871 1256 954 reperiebatur,
1288 889 1347 953 pro
1379 889 1418 931 eo
1449 870 1541 932 vinea
1572 869 1675 952 ipsius

412 977 549 1040 condam
574 977 714 1039 Emerici
739 977 779 1038 ad
804 977 940 1039 eandem
964 978 1024 1039 sibi
1049 977 1151 1059 magis
1175 977 1328 1059 competit
1351 996 1449 1058 quam
1473 976 1553 1038 aliis.

519 1101 596 1164 Item
620 1102 713 1184 jurati
739 1101 974 1184 adjudicarunt,
998 1103 1087 1184 quod
1112 1101 1273 1164 lohannes
1291 1102 1401 1163 Plusar
1418 1115 1527 1164 contra
1550 1100 1675 1162 Antho-

413 1209 503 1270 nium
535 1208 660 1291 pridem
693 1207 833 1290 judicem
865 1222 978 1271 octavo
1011 1209 1063 1270 die
1095 1209 1257 1272 tenebitur
1288 1223 1427 1290 prestare
1458 1207 1675 1288 juramentum

412 1335 507 1398 super
531 1315 619 1397 quod
643 1316 709 1398 ipse
728 1316 832 1378 eidem
850 1316 973 1377 bonum
998 1330 1029 1377 er
1052 1335 1168 1398 purum
1186 1317 1296 1376 vinum
1320 1315 1460 1377 dedisset
1482 1314 1552 1392 sibi,
1584 1312 1675 1395 quod

413 1441 516 1503 usque
540 1419 656 1483 festum
680 1423 771 1484 beate
797 1421 998 1503 Margarethe
1022 1435 1103 1484 stare
1132 1436 1248 1504 posset,
1273 1435 1368 1504 prout
1400 1421 1460 1482 hoc
1482 1433 1576 1482 testes
1599 1431 1677 1480 sunt

414 1529 530 1608 testati,
555 1543 586 1589 et
609 1527 670 1590 hoc
694 1529 800 1606 solus;
825 1529 864 1590 de
881 1549 946 1611 quo
969 1528 1091 1611 judicio
1115 1529 1201 1590 idem
1218 1528 1400 1590 Anthonius
1416 1547 1482 1589 non
1506 1539 1678 1589 contentus

416 1633 455 1696 ad
480 1635 621 1696 seniores
644 1633 766 1714 judices
797 1635 901 1714 traxit,
933 1648 964 1698 et
996 1634 1056 1696 hoc
1081 1647 1196 1696 octavo
1220 1635 1289 1712 die;
1314 1634 1375 1696 hoc
1406 1652 1553 1715 expresso
1585 1631 1676 1714 quod

414 1742 519 1822 ipsum
543 1741 654 1802 vinum
679 1761 791 1822 perse
816 1754 847 1803 et
870 1760 936 1802 non
961 1760 1034 1803 cum
1059 1741 1123 1803 alio
1147 1753 1229 1802 stare
1254 1741 1392 1802 deberet.

521 1864 599 1926 Item
623 1863 715 1945 jurati
740 1864 974 1946 adjudicarunt,
997 1866 1085 1946 quod
1110 1865 1250 1946 quedam
1267 1865 1360 1946 vinea
1385 1865 1521 1926 condam
1546 1863 1676 1925 Nicolai

413 1971 570 2050 Zolarich,
601 1971 730 2033 Matheo
756 1969 823 2033 filio
847 1971 981 2032 Adriani
1015 1984 1045 2032 et
1080 1971 1319 2052 consanguineo
1352 1971 1452 2054 ipsius
1477 1970 1600 2032 Nicolai
1635 1969 1676 2031 ad

413 2077 551 2139 eundem
576 2077 678 2158 magis
701 2077 854 2159 competit
877 2097 975 2158 quam
999 2077 1149 2138 Ladislao
1174 2077 1288 2158 jurato,
1312 2077 1373 2138 hoc
1398 2097 1558 2158 expresso,
1582 2076 1673 2158 quod

413 2183 438 2244 si
464 2182 548 2244 idem
574 2181 694 2244 Mathei
719 2197 773 2244 aut
796 2183 851 2244 alii
875 2183 906 2244 in
931 2202 1068 2265 persona
1092 2202 1148 2244 sua
1181 2183 1282 2264 ipsam
1306 2182 1434 2244 vineam
1459 2182 1529 2244 aliis
1552 2182 1676 2244 vellent

414 2288 565 2367 vendere,
590 2301 727 2350 extunc
752 2289 853 2370 magis
877 2289 1031 2372 competit
1055 2288 1205 2350 Ladislao
1230 2288 1373 2371 predicto
1398 2307 1496 2370 quam
1520 2289 1598 2350 aliis.

439 2523 536 2599 Feria
564 2533 663 2598 sexta
691 2528 846 2615 proxima
873 2534 951 2616 post
983 2527 1106 2599 lestum
1134 2527 1341 2599 latentioris
1369 2534 1487 2600 sancte
1513 2529 1636 2600 crucis.

960 2694 1004 2776 (5·
1028 2697 1124 2776 mair·

523 2855 704 2938 Stephanus
728 2856 953 2919 Kerchlrouich
978 2872 1119 2919 nostram
1150 2859 1281 2919 veniens
1306 2858 1337 2919 in
1372 2857 1568 2939 presenciam
1592 2877 1677 2918 asse-

416 2962 479 3024 ruit
503 2981 542 3024 eo
566 2963 677 3041 modo,
702 2963 790 3044 quod
814 2963 889 3025 licet
912 2964 980 3046 ipse
1000 2984 1096 3047 super
1120 2964 1254 3026 domum
1271 2983 1362 3025 suam
1386 2977 1417 3025 et
1440 2962 1574 3024 fundum
1592 2963 1679 3025 inter

416 3069 532 3131 domos
544 3070 710 3152 utriusque
723 3069 902 3132 Clementis
918 3069 1059 3133 habitam
1082 3071 1230 3132 litteralia
1247 3071 1418 3149 habuisset,
1435 3083 1543 3132 tamen
1561 3070 1678 3132 eadem

417 3175 667 3257 deperdidisset3
691 3188 722 3236 et
738 3175 826 3257 quod
841 3196 878 3238 ea
901 3177 1109 3238 instrumenta
1126 3177 1298 3256 habuisset,
1322 3177 1384 3238 hoc
1408 3197 1481 3238 cum
1505 3176 1678 3238 sufficienti

417 3282 603 3344 testimonio
628 3301 735 3344 coram
760 3283 853 3344 nobis
877 3284 1111 3365 comprobavit,
1145 3284 1233 3366 quod
1258 3283 1371 3345 eadem
1401 3283 1535 3344 literalia
1560 3284 1678 3345 instru-

418 3400 524 3449 menta
548 3407 643 3470 super
666 3388 734 3470 ipsa
758 3387 857 3450 domo
882 3389 1054 3450 habuisset.

521 3511 599 3573 ltem
625 3510 792 3573 Elizabeth
817 3511 925 3574 relicta
943 3511 1080 3574 condam
1105 3511 1229 3573 Nicolai
1246 3512 1394 3594 pellificis
1410 3532 1483 3574 cum
1507 3511 1678 3574 sufficienti

416 3618 602 3680 testimonio
627 3637 734 3679 coram
759 3619 851 3680 nobis
875 3619 1107 3700 comprobavit,
1132 3618 1219 3700 quod
1244 3618 1321 3679 dum
1339 3619 1500 3701 predictus
1524 3618 1679 3680 Nicolaus

415 3723 546 3808 pellifex
570 3725 602 3786 in
627 3726 774 3786 extremis
797 3725 981 3804 laborasset,
1005 3739 1082 3788 tunc
1110 3726 1219 3787 omnia
1252 3727 1335 3787 bona
1360 3745 1416 3787 sua
1439 3725 1545 3787 eidem
1570 3725 1678 3786 Eliza·

416 3831 489 3894 beth
514 3831 649 3914 legasset
671 3843 702 3894 et
726 3831 907 3894 dimisisset.

521 3938 599 3999 ltem
617 3936 776 4019 Georgius
789 3937 918 4020 sellipar
936 3937 1081 3999 Horuatb
1095 3951 1204 3999 contra
1221 3938 1395 4000 Martinum
1408 3951 1547 4000 sutorem
1567 3939 1676 4020 primo

415 4043 529 4106 citatus
556 4063 622 4106 non
646 4043 834 4125 comparuit.

523 4149 599 4211 ltem
633 4170 705 4212 cum
731 4150 841 4211 Petrus
876 4147 964 4212 faber
994 4162 1108 4210 octavo
1137 4149 1188 4211 die
1217 4147 1294 4210 ferie
1326 4163 1411 4212 sexte
1435 4149 1579 4231 proxime
1604 4161 1679 4230 post

416 4253 532 4318 festum
551 4256 634 4319 beati
653 4256 749 4317 Marci
764 4269 873 4316 contra
890 4254 1052 4316 Thomam
1066 4255 1150 4336 lsipi,
1165 4255 1333 4317 dominum
1348 4256 1526 4334 Nicolaum,
1547 4256 1676 4316 Petrum

417 4362 524 4424 Zodor
547 4377 656 4425 contra
674 4362 851 4444 quemlibet
875 4381 985 4423 eorum
1003 4363 1102 4423 tercio
1126 4383 1159 4422 se
1177 4363 1208 4423 iu
1234 4383 1272 4424 eo
1296 4363 1511 4442 juramentum
1535 4375 1676 4444 prestare

416 4469 595 4548 tenebatur,
623 4483 699 4530 tunc
731 4470 835 4550 ipsum
861 4469 904 4528 sic
927 4468 1126 4546 dimiserunt,
1159 4482 1193 4529 ut
1218 4469 1283 4550 ipse
1308 4487 1379 4529 cum
1413 4467 1533 4529 eisdem
1559 4469 1674 4530 rescire

417 4587 542 4634 tenetur
556 4575 627 4655 quis
652 4574 792 4656 ipsorum
812 4573 906 4634 silvas
922 4573 1136 4634 succendisset
1153 4574 1185 4634 in
1202 4574 1318 4654 quibus
1335 4575 1439 4656 ipsum
1457 4573 1677 4654 inculpabunt.

524 4699 601 4760 Item
627 4699 720 4780 jurati
745 4697 978 4780 adjudicarunt,
1002 4698 1090 4778 quod
1108 4699 1183 4779 quia
1208 4697 1311 4780 Draga
1328 4717 1419 4760 soror
1445 4698 1553 4759 Jacobi
1572 4697 1676 4779 quod·

418 4805 491 4866 dam
525 4805 690 4867 lintiamen
723 4825 741 4865 a
772 4805 907 4866 muliere
941 4803 1107 4865 Elizabeth
1139 4817 1230 4865 motu
1253 4824 1311 4865 suo
1342 4805 1473 4886 proprio
1498 4803 1677 4886 recepisset,

419 4909 492 4972 ideo
525 4911 636 4972 eadem
670 4910 837 4972 Elizabeth
872 4923 985 4972 octavo
1018 4910 1069 4971 die
1097 4911 1257 4971 tenebitur
1288 4924 1426 4992 prestare
1451 4909 1676 4990 juramentum,

419 5017 507 5099 quod
531 5018 635 5099 ipsum
660 5017 826 5080 lintiamen
851 5037 943 5079 suum
974 5016 1084 5077 luisset
1109 5031 1139 5078 et
1163 5031 1254 5078 esset.
