3678 5800
432 566 494 646 236
839 569 1036 648 Arm01435·
1061 605 1101 616 -·
1126 585 1177 646 19.
1193 572 1281 646 julii.

431 780 514 841 rensi
540 794 571 843 et
594 780 722 863 publica
747 780 1004 863 proclamacione
1021 782 1193 864 superinde
1217 783 1258 844 de
1283 804 1371 846 more
1389 785 1468 848 alias
1491 786 1587 848 solito
1613 763 1689 848 lacta

430 905 489 968 pro
521 885 644 967 justicie
679 885 766 949 finali
796 887 1035 970 complemento
1066 887 1150 950 lacto
1180 893 1211 950 in
1244 878 1360 952 eodem
1384 891 1442 952 rite
1474 905 1505 953 et
1535 893 1687 973 legittime

429 989 537 1054 fiendo
561 992 601 1054 ad
626 992 803 1075 parendum
829 992 952 1074 iusticie
976 1007 1118 1056 nostram
1144 995 1175 1056 in
1194 997 1393 1078 presenciam
1416 1018 1475 1060 nec
1499 999 1610 1061 venire
1634 1019 1687 1060 nec

430 1097 572 1179 aliquem
596 1113 836 1181 procuratorem
860 1118 953 1161 suurn
977 1119 1036 1181 pro
1060 1120 1093 1161 se
1117 1101 1243 1162 mittere
1278 1103 1410 1183 curavit,
1433 1103 1488 1165 sed
1513 1125 1546 1166 se
1569 1126 1588 1166 a
1613 1103 1687 1166 facie

429 1203 506 1284 juris
530 1217 561 1266 et
585 1203 707 1286 justicie
732 1205 860 1288 penitus
877 1217 908 1268 et
931 1206 1065 1268 omnino
1090 1207 1322 1270 contumaciter
1339 1210 1526 1290 absentavit,
1552 1211 1687 1292 ideoque

430 1309 516 1372 idern
550 1309 701 1373 dominus
731 1309 908 1393 Gregorius
938 1325 1045 1374 eustos
1078 1327 1187 1375 contra
1219 1314 1400 1397 predictum
1433 1313 1627 1397 Gregorium
1658 1317 1687 1377 in

430 1436 557 1478 causam
582 1429 750 1479 attractum
775 1431 806 1479 et
822 1418 1019 1481 vinculatum
1042 1420 1193 1482 remansit
1217 1421 1249 1481 in
1269 1421 1407 1502 birsagio
1423 1421 1486 1482 vivi
1511 1421 1688 1504 (h)omagii,

429 1523 597 1605 ipsurnque
616 1522 809 1605 Gregorium
827 1523 970 1588 Currnan
988 1523 1072 1587 lacto
1097 1526 1129 1587 in
1147 1527 1301 1607 premisso
1326 1527 1367 1588 ad
1384 1527 1573 1588 instanciam
1593 1528 1687 1609 ipsius

428 1628 551 1690 domini
584 1628 732 1710 Gregorii
763 1629 928 1692 reddimus
959 1644 989 1692 et
1020 1632 1240 1694 commisimus
1272 1651 1400 1715 prorsus
1428 1647 1459 1695 et
1488 1653 1546 1715 per
1577 1632 1683 1695 omnia

429 1735 574 1816 quietum
599 1749 630 1798 et
653 1735 791 1798 liberum
816 1757 852 1798 ac
877 1737 982 1800 modis
1005 1739 1156 1800 omnibus
1184 1739 1369 1801 absolutum
1391 1739 1463 1820 lege
1490 1754 1520 1802 et
1546 1741 1686 1803 libertate

430 1841 566 1904 civitatis
589 1843 730 1925 predicte
756 1843 795 1904 ab
820 1843 954 1924 antiquo
980 1845 1155 1927 approbata
1179 1845 1372 1927 requirente.

482 2095 578 2170 Ferla
606 2100 712 2172 tercia
741 2101 896 2188 proxima
923 2107 1001 2172 ante
1029 2101 1151 2174 festum
1184 2103 1280 2174 beate
1309 2103 1414 2174 ldarie
1443 2103 1644 2192 ldagdalene

967 2278 1033 2352 (19·
1048 2271 1149 2354 filit)-

534 2428 612 2490 ltern
630 2429 704 2510 quia
729 2429 865 2510 provida
892 2428 1010 2490 mulier
1026 2429 1205 2512 Elyzabeth
1229 2443 1352 2509 vocata,
1377 2428 1485 2492 relicta
1510 2445 1541 2492 et
1565 2431 1686 2512 Marga-

428 2533 518 2596 retha
542 2534 607 2596 filia
631 2535 690 2596 viri
715 2535 853 2600 condam
885 2534 1011 2618 providi
1042 2535 1168 2597 Nicolai
1200 2536 1292 2598 aliter
1317 2537 1467 2618 Mykussa
1498 2537 1602 2599 vocati
1625 2534 1680 2598 filii

427 2641 565 2703 condam
591 2641 740 2704 Damiani
773 2641 890 2720 claudi,
922 2641 1010 2725 olym
1043 2642 1142 2725 ipsius
1173 2643 1308 2705 civitatis
1340 2643 1539 2722 habitatoris,
1569 2644 1683 2706 habita-

367 2821 370 2830 Ι
425 2747 518 2809 trices
554 2748 653 2830 ipsius
685 2748 820 2810 civitatis
851 2748 883 2810 id
913 2747 1107 2811 sufficienter
1139 2763 1170 2810 et
1200 2747 1362 2830 fidedigne
1395 2768 1504 2811 coram
1529 2751 1620 2812 nobis
1650 2749 1682 2810 in

426 2851 547 2933 judicio
571 2856 834 2936 comprobarunt,
858 2869 893 2916 ut
915 2853 1057 2934 prelatus
1088 2855 1240 2920 Nicolaus
1271 2856 1363 2917 aliter
1387 2857 1527 2919 Mikussa
1560 2871 1594 2919 ut
1615 2876 1682 2939 pre-

427 2959 544 3020 dicitur
567 2973 708 3040 vocatus,
733 2961 866 3022 maritus
889 2961 1065 3041 legittimus
1096 2961 1196 3044 ipsius
1220 2962 1397 3045 Elyzabeth
1429 2963 1574 3026 mulieris
1598 2976 1683 3046 pater

425 3085 502 3126 vero
527 3067 662 3128 carnalis
686 3065 806 3149 prelate
832 3067 1032 3148 Margarethe
1067 3068 1175 3150 puelle
1200 3069 1365 3132 intestatus
1389 3071 1429 3131 ab
1453 3070 1512 3132 hac
1536 3071 1605 3132 luce
1626 3070 1681 3131 de-

425 3172 554 3233 cesisset
578 3193 615 3234 er
640 3186 757 3252 acerto,
782 3186 812 3234 et
836 3173 912 3254 quia
936 3174 1007 3235 talis
1032 3173 1172 3236 hominis
1193 3175 1339 3238 intestate
1362 3177 1402 3237 ab
1425 3175 1484 3238 hac
1501 3175 1571 3238 luce
1594 3175 1681 3237 dece·

426 3277 531 3339 dentis
555 3297 603 3340 res
628 3292 658 3340 et
681 3280 766 3342 bona
789 3299 845 3340 seu
869 3280 1086 3361 possessiones
1118 3280 1263 3360 quelibet
1291 3300 1387 3363 super
1409 3281 1543 3344 heredes
1574 3295 1603 3343 et
1625 3301 1680 3363 po-

425 3398 526 3448 steros
544 3385 688 3448 eiusdem
705 3385 844 3446 intestati
862 3385 947 3466 juxta
965 3385 1063 3468 ipsius
1077 3387 1212 3448 civitatis
1235 3387 1401 3469 antiquam
1418 3387 1677 3450 consvetudinem

426 3505 456 3554 et
481 3491 715 3573 privilegiatam
741 3492 922 3554 libertatern
947 3492 1005 3554 rite
1030 3506 1061 3554 et
1085 3493 1240 3574 legittime
1257 3493 1386 3554 devolvi
1411 3493 1560 3555 videntur
1582 3507 1611 3554 et
1631 3512 1679 3553 re-

424 3597 579 3673 dundari;
603 3609 634 3662 et
658 3598 733 3679 quia
767 3598 868 3659 eciam
901 3599 939 3660 ad
972 3599 1089 3660 trinam
1121 3598 1280 3660 forensem
1313 3599 1477 3682 publicant
1510 3599 1679 3682 proclama·

425 3704 551 3764 cionern
576 3703 747 3785 superinde
773 3702 888 3765 factam
911 3723 1006 3766 nemo
1031 3705 1158 3786 penitus
1174 3705 1390 3768 contradictor
1415 3705 1561 3788 apparuit
1583 3705 1679 3787 ipsius

424 3809 575 3871 videlicet
600 3808 777 3892 Elyzabeth
802 3810 910 3872 relicte
935 3824 966 3872 et
992 3810 1190 3891 Margarethe
1207 3811 1271 3872 filie
1298 3813 1456 3892 prenotati
1481 3811 1600 3874 Nicolai
1621 3829 1678 3870 seu

426 3917 576 3999 Mykussa
594 3917 625 3977 in
652 3917 850 3996 possessione
876 3930 907 3980 et
930 3917 1076 3978 dominio
1094 3915 1259 3978 cuiusdam
1282 3917 1373 3978 vinee
1391 3917 1536 3980 eiusdem
1558 3915 1677 3978 Nicolai

424 4041 480 4084 seu
507 4023 656 4104 Mykussa
682 4022 713 4082 in
738 4023 897 4084 territorio
925 4023 1061 4084 civitatis
1093 4022 1209 4102 habite,
1245 4022 1351 4104 ipsum
1377 4023 1548 4085 Nicolaum
1578 4022 1676 4083 litera·

422 4128 502 4189 torie
538 4129 776 4207 concernentis,
809 4129 948 4210 ideoque
981 4148 1039 4190 nos
1070 4129 1206 4190 eandem
1239 4128 1367 4190 vineam
1396 4129 1544 4211 prelibati
1560 4127 1676 4190 Nicolai

423 4255 480 4296 seu
507 4235 646 4297 Miltussa
672 4255 744 4296 cum
773 4236 924 4296 omnibus
947 4235 1012 4296 suis
1045 4235 1245 4314 utilitatibus,
1277 4235 1387 4296 usibus
1419 4249 1450 4298 et
1481 4233 1675 4318 pertinenciis

423 4341 579 4402 universis
604 4343 788 4404 memoratis
814 4341 989 4423 Elyzabeth
1018 4343 1128 4404 relicte
1160 4357 1191 4404 et
1215 4341 1416 4423 Margarethe
1441 4340 1507 4404 filie
1530 4337 1672 4423 sepedicti

423 4446 545 4508 Nicolai
570 4467 626 4508 seu
645 4449 794 4530 Mykussa
819 4468 856 4508 ex
873 4448 1002 4509 instanti
1028 4463 1058 4510 et
1074 4447 1280 4528 juriconsona
1305 4447 1447 4530 ipsarum
1472 4449 1624 4530 peticione
1640 4465 1672 4506 ac

422 4573 478 4634 per
501 4573 553 4614 eas
577 4554 716 4634 ipsarum
742 4554 911 4614 heredibus
941 4554 1109 4616 statuimus
1141 4567 1172 4616 et
1204 4553 1425 4615 commisimus
1459 4574 1498 4616 er
1522 4552 1671 4638 premissis

421 4657 488 4738 jure
513 4673 669 4740 perpetuo
704 4674 735 4720 et
766 4660 1017 4722 irrevocabiliter
1049 4658 1278 4742 possidendam
1310 4673 1342 4720 et
1372 4661 1668 4742 quomodocumque

422 4764 582 4825 voluerint
606 4766 838 4846 disponendam
864 4766 947 4844 juxta
970 4766 1194 4827 condicionem
1213 4765 1349 4827 civitatis
1373 4779 1541 4848 prenotate
1564 4768 1601 4826 ab
1623 4782 1669 4824 an-

422 4869 512 4949 tiquo
537 4873 743 4951 approbatam
771 4873 898 4934 nemine
924 4873 1051 4954 penitus
1075 4871 1313 4936 contradicente
1342 4891 1401 4934 nec
1425 4872 1536 4955 aliquo
1560 4883 1668 4934 contra-

424 4974 544 5035 dictore
568 4977 695 5059 penitus
719 4991 901 5061 apparente.
