3678 5800
434 546 491 626 158
821 548 907 604 Anno
931 561 1019 625 1432.
1046 581 1086 590 —
1110 543 1164 607 28.
1187 549 1296 608 martii.

430 775 576 821 consorte
602 761 701 841 ipsius
725 760 912 822 Peterkonis
937 759 1091 839 legittime
1113 761 1281 842 progenita
1311 773 1342 821 et
1365 773 1539 842 procreata,
1565 759 1596 819 id
1623 777 1689 819 cum

428 865 596 928 sufficienti
612 881 642 930 et
654 867 819 947 fidedigno
831 879 1013 927 nostrorum
1036 867 1217 928 concivium
1238 867 1423 928 testimonio
1444 866 1474 926 in
1490 865 1566 928 sede
1581 879 1684 925 nostra

430 971 596 1053 judiciaria
621 973 704 1034 clare
729 987 761 1034 et
783 973 901 1034 seriose
935 992 1042 1034 coram
1075 973 1168 1034 nobis
1192 973 1424 1054 comprobavit,
1457 985 1492 1033 ut
1515 972 1594 1032 dum
1621 990 1688 1052 pro-

431 1077 504 1139 vida
529 1080 665 1140 condam
690 1079 823 1140 domina
849 1079 946 1139 Lucia
978 1077 1043 1139 lilia
1076 1077 1188 1160 prelati
1221 1077 1377 1141 iohannis
1409 1077 1560 1160 Grachyn
1586 1077 1690 1138 relicta

431 1186 567 1246 condam
588 1185 742 1246 Jobannis
765 1185 879 1266 judicis
896 1184 972 1246 dicti
989 1184 1158 1266 Zigetbsak
1184 1185 1216 1246 in
1234 1185 1381 1246 extremis
1405 1185 1470 1247 vite
1486 1205 1543 1246 sue
1567 1198 1690 1264 tempo·

432 1291 506 1350 ralis
530 1292 715 1371 laborasset,
732 1306 808 1353 runc
832 1291 944 1353 eadem
963 1291 1095 1352 domina
1121 1291 1218 1352 Lucia
1236 1289 1409 1372 quemdam
1428 1290 1582 1372 (h)ortum
1600 1307 1690 1350 suum

433 1401 463 1460 in
489 1400 644 1460 suburbio
670 1400 805 1461 civitatis
828 1401 910 1460 inter
926 1397 1061 1480 (h)ortos
1085 1398 1198 1459 Briccii
1221 1397 1335 1477 judicis
1359 1409 1390 1458 et
1413 1397 1481 1457 vias
1506 1414 1691 1458 communes

431 1507 588 1585 habitum,
613 1507 714 1587 ipsam
740 1506 872 1587 juridice
897 1518 1154 1583 concernentem,
1179 1523 1251 1565 cum
1276 1504 1341 1565 suis
1367 1503 1576 1586 pertinenciis
1599 1502 1692 1562 simul

432 1631 504 1673 cum
530 1632 592 1672 una
615 1625 689 1692 toga
713 1631 767 1672 sua
794 1613 903 1689 rubea,
929 1631 993 1672 uno
1018 1611 1117 1692 pallio
1139 1611 1295 1672 brunatici
1328 1610 1445 1671 coloris
1469 1622 1500 1670 et
1525 1628 1597 1670 cum
1630 1627 1690 1668 uno

430 1737 550 1799 magno
575 1719 741 1800 pulvinare
766 1717 887 1800 prefate
911 1717 1006 1778 Clare
1030 1717 1137 1799 puelle
1161 1717 1226 1778 filie
1250 1717 1369 1778 sororis
1392 1737 1447 1777 sue
1473 1736 1531 1798 pro
1555 1715 1692 1776 serviciis

430 1826 495 1886 suis
520 1839 550 1887 et
574 1845 632 1907 pro
657 1825 801 1886 remedio
825 1825 931 1886 anime
955 1845 1010 1886 sue
1035 1824 1203 1906 legavisset
1219 1823 1286 1905 jure
1311 1823 1498 1905 perhennali
1525 1823 1687 1905 possiden·

431 1931 509 1990 dum
528 1945 558 1992 et
574 1931 882 2012 quomodocumque
899 1931 1038 1991 voluerit
1054 1930 1303 2012 disponendum,
1325 1929 1464 2010 ideoque
1481 1949 1540 1990 nos
1551 1929 1685 1990 eundem

430 2036 582 2118 (h)ortum
608 2050 639 2099 et
662 2037 840 2118 predictum
865 2037 1009 2118 pallium,
1033 2036 1181 2118 pulvinar
1206 2049 1236 2097 et
1265 2049 1375 2116 togam
1401 2055 1473 2096 cum
1505 2037 1571 2095 suis
1595 2035 1687 2116 perti-

432 2143 554 2203 nenciis
578 2143 747 2204 statuimus
770 2157 801 2204 et
817 2142 1038 2203 commisimus
1061 2163 1097 2203 ac
1121 2143 1311 2222 reliquimus
1326 2140 1448 2224 prefate
1466 2141 1563 2202 Clare
1587 2160 1622 2201 ac
1638 2159 1690 2221 per

434 2268 503 2309 eam
528 2249 593 2309 suis
625 2248 796 2310 heredibus
827 2262 982 2329 perpetuo
1015 2248 1206 2330 possidenda
1231 2261 1262 2310 et
1293 2247 1602 2329 quomodocumque
1633 2265 1685 2306 ro·

432 2356 527 2416 luerit
552 2355 763 2437 disponenda.

539 2463 615 2523 ltem
642 2461 732 2540 jurati
758 2459 1032 2538 adjudicaverunt,
1066 2459 1153 2540 quod
1186 2460 1381 2522 Jacomellua
1412 2459 1536 2542 pridem
1563 2459 1687 2540 juratus,

436 2569 640 2649 concivisque
677 2581 794 2647 noster,
826 2567 911 2629 filius
943 2569 1061 2636 Rason,
1094 2567 1161 2627 sola
1192 2567 1305 2627 suain
1337 2586 1472 2648 persona
1497 2565 1574 2626 feria
1606 2579 1685 2626 sexta

434 2675 579 2757 proxima
604 2687 676 2756 post
699 2690 827 2735 octavas
859 2675 953 2736 Pasce
984 2673 1114 2735 Domini
1147 2693 1242 2755 super
1274 2692 1359 2733 aram
1392 2687 1502 2733 contra
1526 2671 1684 2732 dominam

440 2781 581 2842 relictam
615 2781 750 2842 condam
786 2781 915 2843 Gelerdi
947 2780 1052 2861 jurare
1083 2781 1179 2840 debet
1209 2799 1304 2861 super
1335 2799 1384 2854 eo,
1417 2793 1451 2839 ut
1475 2779 1535 2839 tria
1559 2776 1686 2858 piccaria

432 2902 581 2969 argentea
613 2901 644 2948 et
675 2888 741 2948 duo
781 2887 936 2948 coclearia
969 2901 999 2947 et
1030 2905 1130 2946 unum
1163 2885 1300 2946 biretum
1337 2897 1368 2946 et
1399 2903 1501 2945 unum
1532 2883 1687 2944 modicum

431 2994 558 3073 pondus
582 2993 703 3074 argenti
729 2993 814 3074 apud
840 2993 945 3074 ipsum
972 2995 1003 3052 in
1028 2991 1124 3052 vadio
1149 3011 1205 3073 per
1240 2990 1374 3052 eandem
1408 2990 1551 3051 relictam
1576 3007 1685 3070 propo-

437 3101 507 3178 sita,
531 3101 571 3161 ab
595 3100 708 3161 eodem
734 3101 931 3160 subtraxerat
944 3119 981 3160 ex
998 3112 1115 3160 acerto.

500 3187 502 3193 Ι
541 3206 618 3268 Item
642 3206 716 3287 quia
742 3206 841 3286 probe
866 3219 896 3266 et
920 3204 1052 3266 honeste
1077 3203 1228 3265 mulieres
1252 3203 1352 3264 Elena
1377 3202 1461 3263 dicta
1487 3201 1593 3262 Malka
1614 3218 1684 3260 con-

435 3333 503 3372 sors
526 3313 680 3392 legittima
714 3311 799 3372 Luce
828 3311 955 3372 sartoris
987 3325 1018 3372 et
1050 3314 1157 3390 Agnes
1188 3329 1319 3370 consors
1350 3308 1507 3389 legittima
1540 3304 1685 3368 lobannis

438 3418 602 3500 Kunsycb,
634 3416 699 3478 filie
731 3417 868 3478 condam
899 3415 1028 3498 Mathye
1061 3417 1101 3476 de
1133 3415 1312 3492 Kralewch,
1343 3413 1401 3475 filii
1432 3413 1540 3492 Blasii,
1559 3413 1595 3499 id
1618 3429 1685 3472 cum

437 3524 606 3586 sufficienti
645 3537 675 3584 et
710 3522 873 3604 fidedigno
909 3536 1091 3582 nostrorum
1124 3521 1306 3582 concivium
1342 3520 1529 3581 testimonio
1559 3519 1589 3579 in
1617 3515 1687 3577 sede

436 3645 543 3692 nostra
568 3630 733 3710 judiciaria
759 3629 842 3689 clare
860 3643 890 3689 ct
906 3628 1025 3688 seriose
1043 3647 1149 3688 coram
1172 3627 1265 3688 nobis
1282 3627 1543 3708 comprobarunt,
1567 3636 1599 3684 ut
1621 3621 1687 3681 uni·

434 3757 523 3797 verse
556 3737 772 3818 possessiones
803 3749 833 3795 et
867 3735 1036 3816 porciones
1067 3733 1316 3815 possessionarie
1348 3731 1461 3814 prefati
1495 3731 1619 3812 Mathye
1649 3728 1686 3787 de

435 3843 518 3903 dicta
543 3842 722 3918 Kralewch,
747 3843 778 3903 in
804 3843 931 3902 civitate
956 3855 987 3901 et
1012 3841 1080 3902 eius
1097 3841 1257 3902 territorio
1282 3839 1401 3918 habite,
1419 3839 1535 3920 quovis
1558 3834 1687 3899 nominis

438 3949 597 4009 vocabulo
622 3949 769 4026 vocitare,
795 3948 898 4029 ipsum
932 3946 1065 4026 juridice
1095 3961 1125 4007 et
1156 3947 1330 4007 literatorie
1362 3960 1597 4022 concernentes,
1619 3959 1685 4001 cum

437 4057 502 4115 suis
527 4054 733 4136 pertinenciis
756 4068 791 4114 ut
815 4053 1008 4114 utilitatibus
1033 4053 1188 4113 universis
1211 4071 1306 4134 super
1334 4051 1493 4132 predictas
1517 4051 1642 4112 Elenam
1658 4058 1686 4105 et

438 4166 595 4241 Agnetem
621 4180 656 4220 ac
681 4159 859 4242 Elyzabeth
884 4158 974 4236 filias,
1002 4179 1060 4219 nec
1091 4179 1157 4220 non
1182 4157 1359 4238 Georgium
1391 4169 1423 4218 et
1447 4158 1588 4218 Marcum
1611 4151 1684 4214 lilios

437 4265 571 4347 predicti
596 4265 725 4347 Mathye
751 4265 790 4326 de
814 4265 974 4346 sepedicta
992 4264 1170 4343 Kralewch,
1194 4279 1359 4345 tamquam
1383 4262 1518 4325 heredes
1542 4276 1571 4323 et
1587 4277 1683 4342 super·

436 4372 525 4432 stites
541 4371 639 4452 ipsius
656 4371 767 4432 unicos
784 4371 875 4431 vivos
900 4383 971 4451 post
994 4391 1068 4432 eum
1092 4384 1304 4449 remanentes,
1328 4371 1414 4432 iuxta
1438 4369 1538 4450 ipsius
1561 4363 1682 4430 civitatis

437 4477 602 4558 antiquam
628 4478 892 4538 consvetudinem
918 4490 948 4537 et
964 4476 1198 4558 privilegiatam
1216 4477 1407 4553 libertatem,
1424 4476 1554 4536 nemine
1571 4473 1683 4556 penitus

439 4581 689 4659 contradicente,
714 4584 772 4643 rite
805 4583 955 4644 devolute
987 4596 1060 4644 sunt
1093 4596 1123 4644 et
1147 4582 1293 4659 redacte;
1315 4595 1346 4644 et
1377 4581 1452 4663 quia
1477 4581 1602 4642 tandem
1625 4594 1685 4660 pre-

442 4688 524 4750 fatus
549 4689 676 4748 Marcus
700 4689 731 4749 in
750 4689 897 4749 extremis
913 4689 977 4748 vite
1001 4708 1057 4749 sue
1074 4690 1233 4768 laborans,
1249 4688 1382 4750 totalem
1398 4707 1489 4748 suam
1514 4686 1683 4769 porcionem

442 4795 472 4856 in
498 4795 647 4876 predictis
672 4795 877 4876 porcionibus
902 4809 932 4856 et
956 4795 1210 4876 possessionibus
1234 4793 1347 4877 prefati
1373 4793 1503 4876 Mathye
1528 4784 1682 4874 patrissui

442 4922 479 4962 ex
504 4901 665 4984 premissis
696 4902 754 4962 rite
779 4915 810 4962 et
840 4901 995 4982 legittime
1026 4914 1265 4980 concernentes,
1296 4921 1369 4962 cum
1401 4900 1466 4962 suis
1497 4893 1684 4982 pertinenciis

445 5007 585 5090 predicte
604 5006 715 5084 Elene,
733 5007 838 5068 Malke
856 5007 949 5086 dicte,
960 5007 1129 5088 legavisset
1144 5007 1348 5090 perhenniter
1356 5006 1602 5090 possidendaset
1615 5017 1682 5082 quo·
