3734 5796
587 565 673 622 Anno
697 577 786 642 1437.
810 599 853 608 —
875 578 927 640 24.
952 563 1036 624 maii.
1391 565 1452 642 269

190 777 285 852 Feria
314 784 422 853 tercia
454 785 608 870 proxima
636 790 714 854 ante
743 783 864 856 festum
894 789 1090 854 sanctorum
1120 783 1263 870 Philippi
1284 789 1316 854 et
1335 783 1453 871 Jacobi

699 908 940 996 apostolorum.

712 1079 776 1156 (30.
800 1079 933 1154 aprilis).

295 1235 372 1298 Item
398 1237 474 1318 quia
499 1237 591 1298 Janse
621 1236 760 1299 carnifex
791 1237 877 1299 filius
908 1238 1033 1300 Nicolai
1059 1239 1098 1300 de
1124 1237 1366 1320 Skophlyaluka
1399 1257 1454 1319 per

188 1339 466 1420 adjudicacionem
492 1342 670 1423 juratorum
705 1345 803 1405 tercio
838 1365 870 1405 se
902 1345 1047 1426 personis
1071 1345 1130 1406 sibi
1163 1344 1323 1405 similibus
1348 1344 1378 1404 in
1405 1363 1453 1404 ec·

189 1447 284 1509 clesia
309 1449 393 1510 beati
412 1449 511 1510 Marci
537 1451 743 1532 ewangeliste
761 1470 855 1532 super
869 1471 956 1512 aram
973 1451 1189 1530 juramentum
1207 1450 1342 1533 prestitit
1359 1471 1454 1532 super

190 1573 239 1632 eo,
264 1569 299 1617 ut
323 1555 390 1638 ipse
415 1556 545 1617 Petrum
569 1556 731 1618 Croacum
764 1555 866 1618 lilium
892 1557 1021 1640 Mathey
1056 1558 1095 1618 de
1128 1557 1250 1640 Czetyn
1283 1577 1348 1618 non
1380 1576 1452 1638 spo·

189 1661 279 1722 liavit
311 1682 416 1743 neque
448 1663 613 1745 percussit,
647 1683 752 1744 neque
782 1664 883 1724 eciam
916 1665 1090 1744 quemdam
1116 1663 1259 1725 Italicum
1291 1663 1453 1745 spoliavit,

189 1785 296 1848 neque
319 1768 444 1849 aliquas
466 1769 594 1851 penitus
612 1789 660 1830 res
684 1771 724 1830 ab
749 1769 825 1852 ipsis
841 1769 1009 1852 spoliative
1028 1770 1157 1851 recepit,
1182 1769 1321 1851 ideoque
1346 1770 1451 1851 ipsum

190 1873 284 1935 Janse
308 1873 489 1936 carnificem
514 1895 608 1958 super
633 1876 698 1958 ipsa
717 1895 810 1937 causa
834 1875 923 1937 totali
947 1875 1146 1936 reddidimus
1171 1873 1237 1936 fore
1257 1875 1452 1957 expeditum.

294 1979 373 2041 Item
398 1982 474 2062 quia
499 1981 644 2043 Andreas
668 2001 777 2042 servus
802 1981 893 2042 Pauli
919 1980 1073 2042 carnificis
1104 1979 1188 2042 filius
1221 1981 1386 2043 Lautencii
1413 1981 1453 2044 de

187 2085 368 2168 Wynnicza
386 2088 532 2149 similiter
548 2108 605 2170 per
622 2087 899 2168 adjudicacionem
923 2087 1099 2168 juratorum
1124 2089 1223 2149 tercio
1247 2109 1279 2149 se
1305 2089 1451 2171 personis

189 2193 220 2252 in
246 2193 363 2254 eodem
388 2194 460 2256 loco
478 2194 695 2276 deposicionis
719 2193 888 2275 juramenti
906 2193 1120 2274 juramentum
1146 2193 1281 2276 prestitit
1301 2213 1451 2276 supereo

189 2300 348 2377 similiter,
374 2313 409 2362 ut
432 2301 499 2380 ipse
523 2301 623 2362 eciam
647 2299 806 2382 prelatum
841 2301 969 2362 Petrum
1001 2301 1161 2362 Croacum
1187 2315 1217 2362 et
1249 2301 1370 2363 dictum
1395 2301 1453 2362 Ita-

186 2406 285 2467 licum
305 2407 479 2488 spoliatum
496 2427 561 2468 non
586 2407 736 2490 spoliavit
757 2426 862 2489 neque
887 2407 1051 2489 percussit,
1070 2427 1174 2488 neque
1200 2408 1299 2468 eciam
1326 2408 1451 2488 aliquas

186 2515 314 2596 penitus
338 2535 387 2576 res
410 2517 450 2576 ab
475 2515 596 2576 eisdem
620 2514 789 2596 spoliative
821 2515 957 2596 recepit,
990 2515 1129 2596 ideoque
1155 2515 1259 2597 ipsum
1286 2513 1452 2575 Andream

186 2641 282 2703 super
312 2621 424 2683 eadem
449 2641 542 2683 causa
568 2621 767 2682 reddidimus
791 2619 859 2682 lore
884 2620 1079 2703 expeditum.

246 2757 253 2774 -
294 2727 372 2788 ltem
397 2727 472 2808 quia
498 2725 622 2809 Gaspar
639 2725 728 2788 faber
752 2726 837 2788 filius
860 2727 990 2788 alterius
1008 2726 1175 2788 Laurencii
1201 2726 1239 2786 de
1264 2726 1452 2806 Prenburgk

184 2833 395 2895 consimiliter
425 2853 482 2917 per
513 2833 789 2915 adjudicacionem
825 2832 1001 2907 juratorum
1033 2833 1132 2894 tercio
1165 2853 1198 2894 se
1231 2832 1385 2914 personis,
1420 2832 1452 2892 in

185 2940 303 3002 eodem
327 2941 400 3002 loco
424 2941 641 3023 deposicionis
672 2939 853 3022 juramenti,
877 2938 1092 3021 juramentum
1125 2939 1260 3022 prestitit
1281 2957 1376 3020 super
1403 2957 1453 3016 eo,

187 3061 222 3109 ut
245 3047 312 3128 ipse
337 3048 438 3108 eciam
462 3045 621 3129 prelatum
645 3047 775 3108 Petrum
801 3045 961 3108 Croacum
994 3059 1025 3107 et
1049 3045 1169 3106 dictum
1203 3045 1347 3107 Italicum
1380 3063 1452 3126 spo-

185 3154 301 3214 liatum
325 3174 391 3215 non
415 3153 565 3235 spoliavit
589 3173 693 3235 neque
718 3153 882 3236 percussit,
907 3173 1011 3234 neque
1037 3154 1138 3215 eciam
1174 3153 1298 3234 aliquas
1324 3153 1452 3235 penitus

188 3281 240 3325 res
264 3263 303 3324 ab
328 3261 372 3321 eis
396 3260 565 3340 spoliative
597 3260 725 3341 recepit,
758 3259 897 3340 ideoque
928 3259 1032 3341 ipsum
1063 3258 1186 3340 Gaspat
1217 3279 1312 3341 super
1336 3259 1448 3321 eadem

187 3387 282 3428 causa
308 3367 507 3430 reddidimus
529 3365 596 3427 lore
621 3366 816 3448 expeditum,

295 3473 372 3535 Item
397 3473 473 3555 quia
498 3473 664 3534 Emeticus
681 3471 769 3533 faber
793 3471 878 3532 filius
895 3473 1022 3533 Andree
1047 3472 1086 3533 de
1111 3472 1258 3555 Roysche
1276 3471 1376 3532 eciam
1394 3491 1451 3552 per

186 3578 463 3660 adjudicacionem
482 3579 658 3660 juratorum
683 3580 781 3641 tercio
806 3599 838 3639 se
855 3579 1000 3662 personis
1017 3579 1075 3640 sibi
1101 3579 1259 3639 similibus
1284 3577 1449 3639 incudem

187 3687 262 3748 loco
288 3687 504 3768 deposicionis
528 3687 697 3768 juramenti
715 3699 746 3747 et
771 3685 885 3746 eodem
904 3686 955 3746 die
972 3685 1188 3767 juramentum
1206 3684 1340 3766 prestitit
1357 3704 1451 3766 supet

187 3813 237 3872 eo,
265 3807 301 3854 ut
324 3795 390 3874 ipse
415 3791 624 3854 consimiliter
648 3792 826 3873 predictum
853 3791 979 3852 Petrum
1006 3790 1165 3853 Croacum
1192 3803 1222 3852 et
1246 3791 1367 3852 dictum
1392 3790 1450 3851 lta·

186 3899 287 3960 licum
313 3899 485 3981 spoliatum
503 3918 568 3960 non
593 3897 743 3980 spoliavit
772 3917 876 3978 neque
898 3898 1061 3979 percussit,
1079 3917 1184 3979 neque
1202 3899 1303 3958 eciam
1327 3896 1451 3977 aliquas

187 4006 316 4088 penitus
339 4025 388 4066 res
412 4007 451 4066 ab
476 4006 522 4067 eis
545 4005 714 4087 spoliative
738 4005 867 4086 recepit,
895 4004 1034 4085 ideoque
1066 4004 1169 4086 ipsum
1198 4004 1381 4065 Emeticum
1405 4001 1449 4065 la·

186 4116 279 4174 brum
304 4131 400 4194 super
425 4111 536 4173 eadem
562 4131 656 4173 causa
680 4111 881 4172 reddidimus
905 4109 972 4172 lore
998 4111 1192 4192 expeditum.

307 4368 404 4442 Feria
429 4377 528 4441 sexta
556 4373 709 4459 proxima
738 4377 816 4440 ante
844 4370 967 4442 festum
995 4378 1111 4441 sancte
1138 4369 1331 4442 Trinitatis.

724 4539 791 4619 (24.
815 4538 911 4622 mair).

293 4701 370 4764 ltem
395 4700 541 4783 Mathyas
572 4714 661 4761 sutor
691 4720 854 4762 successor
887 4699 1014 4760 Martini
1048 4698 1222 4782 Goychech
1251 4713 1360 4762 contra
1393 4702 1449 4763 do·

184 4808 306 4870 minam
321 4811 482 4889 Agyczam
497 4806 639 4868 relictam
653 4806 782 4886 Mathye
799 4806 911 4866 decani
925 4806 1029 4887 ptimo
1048 4805 1161 4867 citatus
1175 4826 1241 4868 non
1255 4809 1448 4889 comparuit.

292 4913 371 4975 Item
397 4913 579 4974 Demetrius
595 4911 715 4994 juratus
739 4911 823 4974 filius
839 4912 994 4973 lobannis
1018 4927 1128 4975 contra
1154 4912 1351 4994 Gtegorium
1372 4915 1449 4977 Mali

186 5021 308 5084 dictum
334 5009 440 5103 primo
465 5019 579 5082 citatus
602 5040 667 5081 uon
692 5019 880 5103 comparuit.
