3852 5820
609 560 699 622 Anno
721 576 812 640 1414.
838 596 878 606 —
896 573 931 638 5.
955 561 1086 623 octobris.
1455 585 1490 646 ¹9

333 775 413 836 Item
445 774 563 835 Paulus
587 773 707 857 Sydow
739 785 849 835 contra
881 773 1060 836 Iohannem
1089 772 1229 854 judicem
1262 776 1351 838 Bozo
1383 777 1487 860 primo

227 883 340 945 citatus
364 900 429 944 non
461 879 652 962 comparuit.

330 986 410 1048 Item
433 985 558 1048 Blasius
582 985 711 1069 Frauyn
735 997 845 1048 contra
870 982 1049 1068 Georgium
1072 997 1226 1048 sartorem
1250 987 1355 1070 primo
1373 988 1488 1050 citatus

226 1113 290 1156 non
317 1093 506 1176 comparuit.

329 1199 407 1261 Item
432 1218 526 1261 causa
558 1198 643 1260 inter
673 1197 831 1260 loannem
861 1199 1095 1281 carpentarium
1128 1213 1160 1262 et
1188 1199 1397 1262 Benedictum
1431 1220 1490 1283 pro

225 1305 389 1387 sanguinis
413 1304 568 1367 effusione
591 1303 631 1366 ad
656 1317 806 1367 octavum
829 1304 916 1367 diem
946 1304 986 1367 ad
1010 1325 1123 1388 pacem
1147 1319 1194 1368 est
1217 1319 1398 1389 prorogata.

330 1413 409 1476 Item
433 1413 509 1494 quia
528 1411 640 1472 Petrus
664 1411 768 1473 dictus
784 1411 906 1474 Laloka
930 1413 962 1474 in
981 1413 1122 1494 quodam
1145 1411 1323 1476 homicidIo
1347 1427 1491 1496 repertus

225 1519 370 1581 extiterat
393 1532 423 1580 et
448 1517 571 1600 effugit,
596 1517 670 1579 ideo
694 1517 834 1599 quedam
868 1518 961 1580 vinea
985 1538 1041 1581 sua
1066 1519 1099 1580 in
1131 1532 1240 1582 nostro
1271 1519 1432 1582 territorIo
1457 1520 1489 1581 in

226 1623 367 1706 judicem
393 1637 423 1686 et
447 1623 566 1705 juratos
596 1623 741 1685 extiterat
772 1623 934 1703 devoluta,
966 1643 1064 1706 quam
1089 1625 1154 1686 auia
1184 1625 1294 1686 liberis
1319 1645 1412 1688 causa
1437 1625 1488 1687 dei

227 1731 463 1812 relinquerant;
495 1742 526 1792 et
556 1728 633 1810 quia
657 1729 696 1791 ad
728 1729 923 1812 peticionem
956 1730 1115 1793 dictorum
1147 1750 1320 1812 puerorum
1354 1745 1385 1792 et
1409 1731 1489 1794 libe·

228 1856 336 1898 rorum
361 1855 493 1898 auorum
517 1849 647 1918 propter
668 1854 779 1898 eorum
804 1835 937 1897 nimiam
956 1836 1098 1919 inopiam
1123 1855 1159 1898 ac
1184 1848 1218 1898 ut
1241 1837 1308 1918 ipsa
1332 1837 1426 1898 vinea
1456 1837 1488 1899 in

225 1943 465 2005 desolacionem
483 1961 547 2003 non
565 1942 717 2020 eveniret,
741 1941 815 2003 ideo
839 1962 877 2003 ex
893 1943 1027 2004 licencia
1047 1942 1150 2004 tocius
1173 1942 1425 2022 communitatis,
1449 1961 1489 2005 eo

224 2050 312 2131 quod
340 2050 373 2110 in
396 2061 478 2111 etate
503 2068 568 2110 non
592 2061 840 2127 mammarum,
869 2047 970 2132 ipsam
1002 2049 1130 2110 vlneam
1161 2047 1346 2110 vendicioni
1371 2047 1489 2130 permi-

224 2155 323 2216 simus
348 2154 595 2236 disponendam.

329 2261 408 2323 ltem
432 2260 579 2322 Thomas
602 2259 760 2342 Zolarych
785 2272 894 2322 contra
919 2259 1107 2341 magistrum
1124 2258 1287 2321 Thomam
1313 2259 1418 2342 primo
1443 2259 1486 2321 ci-

223 2379 305 2430 tatus
329 2387 395 2428 non
419 2367 608 2448 comparuit.

330 2471 411 2535 Item
443 2471 517 2534 lIcet
547 2471 738 2534 ValentInus
771 2471 916 2554 Lepsych
950 2469 1035 2532 filius
1066 2469 1241 2554 Mychaelis
1272 2484 1303 2532 et
1334 2470 1487 2533 Clemens

224 2578 307 2640 filius
324 2578 469 2641 eiusdem
487 2577 663 2660 quamdam
688 2578 773 2640 viam
789 2577 952 2660 publicam
977 2590 1008 2639 et
1031 2595 1238 2638 communem
1254 2590 1338 2640 retro
1355 2596 1486 2639 murum

227 2685 363 2746 civitatis
384 2685 466 2746 inter
482 2682 618 2766 (h)0rtos
634 2683 823 2746 eorumdem
848 2697 879 2744 et
894 2683 1058 2745 Valentini
1083 2682 1176 2764 jurati
1201 2683 1277 2744 dicti
1302 2683 1428 2766 Ztrych,
1446 2681 1486 2744 de

227 2789 327 2852 fluvio
351 2810 457 2872 supra,
474 2791 586 2852 subtus
608 2790 720 2852 vineas
736 2789 851 2851 Briccii
868 2787 961 2870 jurati
978 2787 1036 2850 filii
1054 2787 1219 2850 Benedicti
1243 2801 1274 2850 et
1297 2789 1488 2850 eorumdem
1568 2851 1571 2860 ,

225 2895 370 2979 Lepsych
394 2916 430 2958 ac
454 2895 632 2958 Clementis
648 2895 845 2973 tendentem,
877 2893 1101 2972 obstruxerint,
1125 2907 1232 2956 tamen
1258 2893 1334 2976 quia
1358 2895 1398 2956 ab
1433 2913 1487 2954 an·

225 3003 316 3085 tiquo
343 3000 403 3064 fuit
426 3003 476 3064 via
502 3002 693 3082 communis,
717 3001 792 3064 ideo
817 3001 875 3083 ipsi
906 2999 1096 3062 Valentinus
1119 3013 1151 3062 et
1175 2999 1328 3062 Clemens
1351 2998 1485 3061 eandem

223 3109 308 3170 viam
337 3122 493 3191 perpetuo
517 3127 590 3170 curn
621 3107 769 3191 ampliori
801 3105 972 3168 addicione
1001 3105 1179 3168 latitudinis
1209 3106 1307 3169 trium
1338 3105 1487 3168 ulnarum

224 3212 412 3292 ferrearum,
446 3227 557 3296 utputa
589 3213 677 3295 quod
701 3212 767 3275 duo
792 3231 902 3274 currus
924 3212 1021 3274 simul
1056 3212 1281 3294 perobviantes
1304 3212 1428 3294 possint
1450 3211 1488 3274 li·

224 3321 296 3382 bere
321 3321 524 3402 pertransire,
551 3319 673 3382 eisdem
704 3319 856 3381 omnibus
876 3318 986 3380 vineas
1016 3319 1049 3379 in
1074 3318 1150 3400 ipsis
1181 3318 1345 3382 montibus
1369 3317 1488 3379 haben·

222 3425 307 3487 tibus
330 3438 486 3508 perpetuo
513 3425 744 3488 commiserunt
766 3424 955 3487 servituram
988 3425 1041 3503 ita,
1066 3423 1121 3504 qui
1153 3423 1289 3486 eandem
1320 3424 1406 3486 viam
1431 3425 1489 3485 ob·

226 3533 383 3610 struxerit,
408 3551 482 3594 mox
508 3532 539 3593 in
565 3531 677 3594 decem
701 3532 816 3594 marcis
840 3531 1045 3592 denariorum
1070 3531 1249 3592 remanebit
1272 3549 1312 3592 eo
1337 3529 1431 3593 lact0.

331 3637 410 3700 Item
437 3637 530 3718 jurati
554 3637 737 3718 judicarunt
760 3635 879 3699 lactum
897 3638 979 3699 inter
1004 3637 1160 3698 loannem
1179 3635 1317 3716 judicem
1344 3637 1433 3698 Bozo
1457 3651 1489 3700 et

226 3743 362 3806 Paulum
395 3743 525 3827 Sydow,
557 3742 644 3825 quod
677 3744 743 3826 ipae
776 3743 894 3806 Paulus
924 3755 1038 3805 octavo
1071 3742 1124 3804 die
1154 3743 1254 3805 tercio
1285 3762 1318 3804 ae
1343 3745 1489 3826 personis

227 3869 323 3931 super
347 3869 397 3929 eo,
421 3863 456 3911 ut
479 3850 547 3932 ipse
574 3851 658 3912 viam
683 3869 739 3932 per
763 3847 860 3914 fenile
884 3868 978 3911 suum
1009 3868 1076 3910 non
1100 3847 1174 3910 fecit
1195 3867 1300 3931 neque
1325 3851 1488 3932 potencia·

223 3955 294 4016 liter
318 3975 433 4040 pecora
458 3957 577 4038 recepit
600 3955 815 4037 juramentum
844 3955 1008 4038 prestabit.

254 4191 350 4266 Faria
378 4202 477 4266 sexta
505 4198 659 4284 proxima
688 4201 765 4284 post
791 4193 915 4266 festum
940 4192 1030 4264 beau
1059 4190 1242 4280 Mychaelis
1271 4189 1473 4278 archangeli.

751 4345 797 4427 (ς.
820 4344 964 4426 acteone).

331 4487 409 4552 Item
436 4487 575 4549 Ioannes
599 4487 752 4572 Kuneych
777 4501 886 4550 contra
911 4485 1113 4548 Anthonium
1137 4484 1279 4548 secundo
1292 4483 1406 4548 citatus
1422 4503 1487 4547 oon

226 4594 415 4676 comparuit.

329 4699 407 4760 Item
432 4697 586 4760 Nicolaus
609 4697 724 4783 Ztrych
748 4711 859 4760 contra
888 4696 1066 4779 Georgium
1098 4709 1251 4758 sartorem
1277 4695 1419 4758 secundo
1445 4696 1487 4758 ci-

225 4816 306 4866 tatus
330 4824 395 4867 non
421 4804 612 4887 comparuit.

329 4909 407 4972 Item
422 4910 498 4991 quia
511 4909 646 4991 provida
662 4909 794 4970 domina
812 4909 973 4972 Zreberna
990 4922 1112 4986 vocata,
1127 4906 1235 4969 relicta
1252 4907 1331 4970 olim
1350 4905 1487 4991 Mykech

231 5015 388 5100 Magdych
411 5014 444 5078 id
468 5015 608 5078 evidenti
632 5028 815 5078 nostrorum
840 5014 1023 5077 concisium
1040 5013 1224 5075 testimonio
1249 5013 1281 5074 in
1306 5012 1381 5073 aede
1405 5011 1486 5094 judi·

1384 5113 1397 5139 ί
