3876 5798
463 587 527 648 422
857 572 944 628 Anno
962 581 1053 646 1445.
1077 603 1122 612 -
1139 583 1193 646 31.
1217 571 1345 642 augusti.

464 783 546 846 circa
571 782 729 844 illustrem
753 782 974 864 principissam
1000 795 1031 844 et
1047 781 1223 860 dominam,
1248 781 1414 843 dominam
1440 780 1648 844 Katherinarn
1673 781 1724 842 dei

463 889 569 970 gracia
594 887 689 967 Cilic,
714 887 941 970 Ortemburge,
959 889 1158 970 Zagorieque
1183 902 1241 950 etc.
1260 888 1455 950 comitissam
1481 909 1619 950 necnon
1638 889 1725 970 regni

465 995 636 1057 Sclavonie
661 995 832 1072 benissent,
856 995 1023 1056 dominam
1053 1009 1194 1056 nostram
1224 994 1402 1076 gratiosam
1434 994 1595 1076 protectus
1617 1009 1674 1074 est,
1696 1009 1728 1056 et

466 1103 505 1163 ab
530 1100 642 1163 eadem
669 1100 800 1162 domina
818 1101 980 1163 comitissa
996 1115 1055 1163 etc.
1072 1100 1204 1162 domina
1228 1113 1335 1162 nostra
1352 1101 1497 1181 graciosa
1522 1101 1615 1162 nobis
1628 1099 1726 1162 talem

464 1208 588 1271 literam
615 1207 764 1290 portavit,
782 1221 816 1268 ut
839 1226 898 1268 nos
915 1208 1016 1289 ipsam
1041 1226 1168 1270 causam
1187 1207 1342 1268 dictarum
1360 1207 1539 1268 stationum
1564 1219 1594 1268 et
1611 1206 1727 1266 domus

465 1327 588 1376 mutate
622 1333 658 1374 ac
689 1311 864 1374 fundorum
900 1313 982 1374 inter
1013 1313 1117 1395 ipsum
1150 1313 1292 1374 blasium
1328 1313 1466 1392 juratum
1497 1325 1528 1372 et
1552 1313 1634 1372 inter
1656 1331 1727 1392 pre·

465 1420 587 1481 dictum
620 1419 780 1481 Marinum
813 1419 951 1499 judicem
982 1419 1135 1498 habitam,
1168 1438 1305 1481 unacum
1338 1419 1468 1499 egregio
1499 1419 1568 1479 viro
1593 1418 1727 1478 domino

465 1525 612 1588 Erhardo
637 1524 875 1586 Hohcnbartter
903 1526 1069 1607 capitaneo
1093 1525 1185 1586 castri
1211 1525 1358 1586 Medwed
1384 1524 1487 1585 vocati
1511 1524 1726 1584 determinare

465 1647 496 1693 et
519 1631 711 1694 concludere
736 1631 926 1692 deberemus
956 1651 1054 1714 penes
1078 1632 1183 1712 legem
1215 1651 1272 1692 seu
1304 1629 1461 1712 justiciam
1491 1643 1521 1692 et
1546 1631 1727 1690 libertatem

463 1751 606 1800 nostram
630 1737 876 1820 privilegiatam,
900 1752 931 1798 et
947 1739 989 1799 ob
1014 1737 1074 1799 hoc
1098 1757 1157 1798 nos
1173 1757 1312 1798 unacum
1330 1737 1400 1818 ipso
1422 1736 1556 1798 domino
1582 1735 1728 1796 Erhardo

464 1845 631 1928 capitaneo
656 1843 731 1905 dicti
756 1843 848 1904 castri
867 1842 1013 1904 Medwed
1039 1843 1069 1904 in
1091 1843 1254 1926 presencia
1273 1843 1433 1952 no'bilium
1458 1855 1489 1904 et
1514 1842 1724 1903 honestorum

464 1951 608 2012 virorum
634 1949 765 2012 Seboldi
793 1950 903 2032 Mayar
934 1964 964 2009 et
988 1950 1078 2011 Pauli
1111 1951 1351 2012 tricesimatoris
1381 1950 1597 2031 zagrabiensis
1630 1949 1728 2010 servi·

464 2072 571 2120 torum
595 2069 627 2118 et
651 2055 856 2117 familiarium
874 2055 998 2117 domini
1016 2056 1129 2118 erici
1155 2057 1281 2118 comitis
1297 2056 1392 2135 Cilic,
1416 2055 1642 2136 Ortemburge‚
1668 2055 1728 2115 Za·

463 2163 618 2246 gorieque
643 2176 702 2224 etc.
720 2161 846 2223 comitis
869 2181 905 2223 ac
930 2162 1063 2244 predicti
1080 2162 1168 2242 regni
1188 2162 1358 2224 Sclauonie
1377 2163 1463 2240 bani,
1485 2161 1610 2223 domini
1627 2160 1728 2222 nostri

463 2269 599 2352 graciosi
623 2287 660 2330 ac
686 2269 717 2329 in
742 2268 904 2350 presencia
929 2269 1141 2350 plurimorum
1164 2269 1339 2350 proborum
1364 2282 1395 2329 et
1418 2267 1656 2349 fidedignorum
1682 2267 1730 2328 vi·

464 2394 574 2437 rorum
599 2375 701 2457 ipsam
727 2393 854 2436 causam
885 2373 1140 2454 adjudicavimus
1167 2389 1198 2436 et
1230 2375 1446 2436 conclusimus
1476 2374 1530 2435 tali
1557 2374 1666 2452 modo,
1695 2386 1730 2435 ut

465 2483 532 2564 ipse
559 2481 701 2543 Marinus
726 2480 819 2552 iudex
844 2494 1008 2562 tamquam
1033 2495 1220 2562 procurator
1244 2497 1281 2546 et¹
1302 2481 1481 2542 avunculus
1505 2500 1540 2540 ac
1565 2492 1730 2560 protector

464 2589 623 2650 dictorum
640 2606 813 2670 puerorum
837 2587 937 2668 ipsius
953 2587 1081 2648 Thome
1106 2586 1198 2666 jurati
1223 2587 1255 2648 in
1272 2607 1407 2669 persona
1432 2587 1586 2668 ipsorum,
1604 2586 1729 2648 eisdem

465 2697 571 2776 pueris
595 2692 739 2755 eiusdem
765 2692 893 2754 Thorne
918 2693 1010 2774 jurati
1042 2705 1207 2773 tamquam
1232 2693 1345 2754 vicinis
1377 2705 1408 2754 et
1434 2692 1667 2754 commetaneis
1693 2713 1732 2752 ac

465 2799 720 2880 consanguineis
746 2799 845 2880 ipsius
868 2799 1001 2860 domine
1026 2797 1188 2860 Dorothee
1221 2798 1321 2860 dictas
1354 2799 1511 2860 staciones
1536 2813 1567 2860 et
1591 2798 1729 2859 domum

465 2921 623 2968 muratam
648 2926 683 2968 ac
701 2904 819 2967 fundos
843 2905 987 2966 eiusdem
1005 2905 1136 2966 domine
1155 2904 1316 2967 Dorothee
1330 2919 1376 2966 est
1400 2905 1503 2986 magis
1527 2904 1731 2966 voluntarius

466 3033 572 3074 emere
596 3027 627 3076 et
644 3031 828 3094 comparare
853 3030 949 3092 quam
968 3011 1092 3072 Blasius
1109 3011 1229 3092 juratus
1245 3025 1431 3094 prenotatus
1454 3031 1552 3094 penes
1568 3011 1729 3092 justiciam

467 3133 498 3181 et
521 3119 699 3180 libertatern
724 3131 865 3179 nostram
890 3117 1116 3199 supradictam,
1140 3117 1199 3198 ipsi
1224 3131 1330 3179 autem
1358 3118 1464 3180 Blasio
1488 3118 1590 3200 jurato
1615 3117 1653 3177 de
1682 3138 1730 3178 re·

468 3224 707 3286 tardationibus
731 3237 762 3284 et
787 3223 933 3304 expensis
956 3223 1031 3302 suis,
1055 3223 1079 3283 si
1105 3224 1232 3303 quasin
1258 3222 1341 3284 facto
1366 3224 1521 3286 dictarum
1546 3223 1731 3286 stacionum

468 3345 498 3392 et
523 3329 639 3390 domus
655 3345 778 3391 murate
795 3350 831 3390 ac
848 3328 1021 3390 fundorum
1039 3329 1150 3391 habuit
1174 3345 1204 3392 et
1220 3331 1370 3412 expendit
1387 3331 1454 3412 ipse
1472 3330 1614 3392 Marinus
1630 3329 1732 3410 judex

469 3437 500 3497 in
527 3455 661 3517 persona
685 3435 842 3498 dictorum
869 3455 1041 3516 puerorum
1067 3436 1165 3516 ipsius
1190 3436 1317 3498 Thorne
1342 3437 1434 3516 jurati
1460 3437 1490 3497 in
1517 3436 1654 3497 termino
1683 3436 1731 3518 ju-

466 3541 568 3603 ridico
592 3541 631 3602 de
655 3561 745 3603 more
770 3541 848 3602 alias
872 3555 1023 3602 consueto
1043 3540 1111 3602 fieri
1134 3541 1229 3602 solito
1247 3542 1468 3603 omnimodam
1494 3541 1589 3603 debet
1613 3542 1731 3623 inpen-

467 3647 542 3709 dere
567 3646 819 3709 satisfaccionem
846 3648 884 3707 de
909 3647 976 3727 jure
1010 3668 1107 3729 penes
1131 3648 1232 3729 ipsam
1264 3648 1540 3728 adjudicacionem
1566 3663 1731 3723 nostrarn;

466 3755 504 3816 de
529 3775 590 3836 qua
615 3754 858 3834 adjudicacione
875 3768 906 3815 et
930 3754 1135 3816 conclusione
1154 3767 1259 3816 nostra
1284 3756 1351 3836 ipse
1370 3755 1493 3816 Blasius
1517 3754 1637 3835 juratus
1658 3775 1728 3816 non

466 3875 635 3924 contentus
665 3861 839 3943 appellavit
862 3860 998 3922 eandem
1029 3881 1156 3922 causam
1185 3881 1258 3922 cum
1288 3863 1378 3923 totali
1410 3862 1491 3923 serie
1523 3875 1553 3922 et
1576 3880 1730 3942 processu

466 3968 565 4051 ipsius
575 3983 679 4030 nostre
690 3967 981 4048 adjudicacionisct
994 3965 1207 4028 conclusionis
1222 3968 1251 4027 in
1266 3967 1462 4048 presenciam
1478 3965 1590 4048 prefati
1601 3967 1730 4028 domini

465 4075 563 4136 Vlrici
588 4074 714 4136 comitis
730 4073 853 4134 domini
879 4073 977 4133 nostri
1001 4073 1135 4151 graciosi
1154 4087 1184 4133 et
1201 4073 1375 4154 plurimum
1393 4093 1518 4154 semper
1542 4073 1728 4134 honorandi

465 4201 524 4262 pro
549 4181 689 4243 uberiori
714 4193 744 4241 et
767 4179 854 4240 finali
875 4179 974 4260 ipsius
990 4199 1083 4240 cause
1107 4179 1352 4244 deliberacione.
1378 4199 1474 4261 quam
1492 4179 1620 4241 tandem
1646 4180 1730 4242 deli-

464 4287 668 4350 beracionem
700 4285 829 4346 finalem
854 4285 997 4346 eiusdem
1023 4285 1145 4346 domini
1170 4285 1285 4347 erici
1310 4286 1445 4364 comitis,
1477 4285 1601 4347 domini
1626 4289 1730 4348 nostri

463 4393 610 4474 graciosi‚
635 4393 666 4454 in
692 4392 790 4452 literis
814 4391 957 4452 eiusdem
990 4392 1112 4452 domini
1136 4393 1234 4453 Vlrici
1259 4392 1385 4454 comitis
1408 4411 1464 4474 per
1488 4393 1626 4454 eundem
1653 4393 1730 4456 Bla-

464 4500 547 4560 sium
564 4498 701 4580 juratum
720 4497 758 4558 de
783 4517 872 4558 more
893 4498 970 4559 alias
987 4513 1138 4560 consueto
1155 4499 1248 4559 nobis
1272 4499 1492 4560 commisimus
1516 4499 1683 4580 reportari.

464 4645 560 4722 Feria
589 4650 695 4720 tercia
724 4649 878 4737 proxima
907 4656 982 4736 post
1020 4648 1142 4719 lestum
1170 4648 1412 4721 llecollacionls
1440 4648 1529 4720 beati
1558 4649 1730 4740 Johannis

1006 4771 1169 4860 Baptista.

984 4915 1047 4984 (31.
1072 4909 1214 4986 augusta).

569 5030 646 5092 ltem
671 5030 764 5110 jurati
797 5030 1062 5110 adjudicaverunt
1092 5050 1219 5091 causam
1250 5030 1415 5092 cuiusdam
1447 5051 1529 5112 eque
1554 5033 1729 5112 subtracta,

464 5136 545 5198 inter
563 5134 740 5217 Georgium
758 5135 979 5219 Nangstyphel
996 5137 1146 5200 clientem
1173 5137 1211 5202 de
1231 5137 1353 5200 Calidis
1370 5137 1461 5221 aquis
1483 5149 1518 5201 ut
1542 5137 1574 5198 in
1597 5157 1728 5203 causam
