3734 5796
706 544 792 601 Anno
815 557 906 620 1441.
933 577 973 587 -
997 541 1049 603 18.
1072 545 1201 617 augusti.

430 752 508 815 Item
527 753 696 815 Ladislaus
712 753 797 816 filius
814 754 952 816 condam
969 754 1066 816 Blasii
1083 753 1351 818 Czarantbowich
1369 755 1471 817 eciam
1488 756 1589 816 tercio

320 877 353 919 se
377 860 523 940 personis
546 860 606 920 sibi
631 859 791 922 similibus
815 874 931 922 octavo
955 860 1006 921 die
1023 880 1119 943 super
1141 881 1229 940 aram
1254 862 1286 922 in
1311 862 1426 924 eadem
1450 862 1587 924 ecclesia

321 965 421 1026 sancti
455 965 553 1027 Marci
587 966 792 1047 ewangeliste
825 979 934 1028 contra
966 965 1124 1048 prefatum
1162 968 1376 1031 Laurencium
1409 968 1588 1030 institorem

321 1089 378 1152 per
410 1060 688 1152 adjudicacion‘em
719 1071 897 1154 juratorum
928 1071 1032 1153 jurare
1063 1073 1225 1135 tenebitur
1252 1093 1348 1156 super
1382 1093 1431 1152 eo,
1461 1087 1496 1136 ut
1519 1075 1587 1158 ipse

320 1177 491 1258 pecuniam
516 1179 615 1261 ipsius
633 1178 801 1241 Laurentii
826 1178 980 1240 institoris
996 1199 1091 1260 quam
1112 1179 1197 1241 idem
1223 1180 1421 1242 Laurentius
1444 1181 1585 1243 eundem

322 1284 507 1346 Ladislaum
533 1285 706 1366 suspiciose
731 1285 858 1348 dicebat
881 1286 1074 1348 subtraxisse
1091 1305 1156 1347 non
1174 1287 1338 1366 subtraxit,
1363 1287 1420 1348 sed
1445 1287 1476 1348 in
1494 1287 1588 1349 totali

321 1389 451 1451 accione
476 1409 532 1452 sua
556 1391 711 1453 innocens
734 1404 816 1454 esset
839 1391 967 1475 penitus
990 1403 1021 1454 et
1045 1391 1205 1456 innoxius.

429 1495 508 1558 ltem
533 1497 696 1559 Johannes
718 1497 840 1578 juratus
870 1510 978 1560 noster
1002 1497 1178 1560 modernus
1209 1496 1294 1560 filius
1319 1498 1471 1581 Philippi,
1503 1499 1588 1580 jura·

322 1615 468 1664 mentum
494 1603 583 1684 quod
608 1603 668 1664 sibi
702 1603 735 1664 in
764 1601 848 1666 facto
880 1623 986 1664 rerum
1018 1617 1049 1665 et
1081 1605 1242 1666 bonorum
1274 1603 1399 1666 domini
1432 1605 1587 1666 Johannis

323 1709 465 1770 doctoris
490 1723 521 1771 et
545 1709 690 1772 canonici
715 1709 849 1772 ecclesie
873 1710 1089 1790 zagrabiensis
1116 1729 1173 1792 per
1196 1709 1316 1791 juratos
1348 1710 1522 1772 modernos
1546 1731 1586 1772 eo

323 1815 423 1878 modo
447 1813 507 1878 fuit
531 1815 748 1897 adjudicatum
774 1829 808 1878 ut
832 1816 899 1898 ipse
923 1815 1085 1878 Johannes
1106 1815 1228 1898 juratus
1252 1817 1283 1878 in
1320 1817 1414 1878 dictis
1437 1819 1532 1879 rebus
1556 1832 1589 1880 et

322 1922 416 1983 bonis
440 1922 542 2004 ipsius
566 1922 721 1984 Johannis
745 1921 895 2000 doctoris,
924 1942 1003 2002 quas
1026 1923 1093 2004 ipse
1125 1925 1302 1985 subtractas
1326 1921 1393 1984 fore
1418 1923 1588 2004 referebat,

322 2048 386 2089 non
414 2041 460 2090 est
484 2029 630 2090 conscius
653 2047 712 2090 nec
735 2029 894 2111 particeps
928 2025 960 2089 in
991 2028 1212 2090 subtraccione
1236 2049 1357 2108 earum,
1394 2029 1481 2092 idem
1504 2029 1589 2110 jura-

322 2149 466 2196 mentum
492 2134 628 2216 prestitit
652 2147 683 2196 et
706 2134 856 2216 deposuit
879 2147 913 2196 ut
937 2133 1059 2213 debuit,
1084 2134 1158 2196 ideo
1176 2135 1281 2217 ipsum
1306 2135 1338 2196 in
1363 2134 1449 2198 furtu
1467 2150 1497 2197 et
1513 2138 1589 2198 sub·

321 2242 484 2303 fraccione
509 2241 695 2303 earumdem
720 2261 826 2304 rerum
851 2254 882 2302 et
914 2242 1074 2303 bonorum
1106 2242 1233 2324 penitus
1262 2241 1463 2303 reddidimus
1493 2263 1589 2324 expe·

323 2348 427 2409 ditum
452 2361 483 2408 et
515 2347 681 2409 innoxium
714 2367 750 2408 ac
782 2348 928 2429 quietum
961 2346 1140 2410 Johannem
1172 2347 1311 2430 juratum
1343 2361 1487 2410 nostrum
1519 2369 1590 2432 pre-

323 2467 482 2516 notatum.

401 2689 499 2764 Feria
526 2699 625 2764 sexta
653 2695 808 2782 proxima
836 2699 914 2764 ante
942 2693 1064 2765 festam
1093 2694 1203 2765 sancti
1231 2693 1321 2781 regis
1349 2693 1519 2781 Stephani.

834 2841 901 2924 (18.
924 2843 1068 2926 augusti).

429 2985 506 3047 item
529 2985 604 3066 quia
622 2985 753 3046 domina
778 2988 906 3067 Agycza
925 2985 1032 3046 relicta
1057 2983 1195 3045 condam
1215 2983 1370 3046 Johannis
1395 2983 1591 3046 Grau-Hans

323 3092 410 3170 dicti,
436 3111 526 3152 soror
550 3091 657 3172 junior
673 3091 814 3152 virorum
839 3091 977 3151 condam
995 3089 1203 3172 providorum
1226 3089 1366 3152 Ladislai
1390 3103 1422 3152 et
1446 3091 1585 3152 Emerici

324 3199 501 3280 juratorum
527 3211 558 3260 et
574 3196 819 3276 aurifabrorum,
837 3197 978 3258 concivis
1002 3212 1119 3274 nostra,
1136 3195 1352 3277 juramentum
1369 3197 1429 3258 sibi
1455 3197 1486 3258 in
1504 3195 1589 3259 facto

323 3304 419 3366 tercie
443 3304 540 3385 partis
565 3316 648 3365 recte
672 3317 703 3364 et
726 3303 850 3384 equalis
872 3301 1039 3363 cuiusdam
1064 3302 1190 3380 domus,
1215 3300 1319 3381 fundi,
1342 3301 1528 3384 cellariique
1552 3317 1586 3365 et

325 3409 547 3472 hedificiorum
573 3409 709 3472 condam
734 3409 860 3470 Nicolai
885 3407 1047 3487 aurifabri,
1064 3409 1162 3490 patris
1185 3408 1284 3490 ipsius
1307 3408 1439 3469 domine
1457 3413 1586 3491 Agycze

323 3529 354 3578 et
379 3516 538 3578 dictorum
566 3516 704 3578 ladislai
728 3529 758 3578 et
783 3515 920 3577 Emerici
962 3513 1208 3592 aurifabrorum,
1240 3515 1272 3575 in
1304 3533 1342 3576 eo
1367 3513 1585 3594 adjudicatum

323 3637 357 3685 ut
375 3624 441 3706 ipsa
459 3643 516 3704 pro
534 3623 673 3705 predicta
690 3623 786 3685 tercia
805 3635 893 3702 parte
918 3621 1017 3703 ipsius
1034 3621 1159 3700 domus,
1184 3619 1286 3700 fundi,
1304 3619 1422 3682 cellarii
1441 3635 1472 3682 et
1495 3620 1584 3682 hedi-

324 3729 470 3791 ficiorum
494 3749 552 3811 pro
569 3729 721 3812 porcione
746 3728 895 3789 videlicet
918 3748 985 3806 sua,
1012 3727 1113 3810 ipsam
1137 3747 1155 3788 a
1187 3725 1310 3808 prefato
1334 3726 1470 3788 Nicolao
1501 3727 1585 3788 auri·

324 3835 413 3898 fabro
438 3849 526 3918 patre
551 3856 609 3897 suo
626 3835 744 3897 carnali
768 3833 835 3916 jure
854 3833 1047 3896 hereditario
1063 3834 1122 3895 rite
1136 3847 1166 3895 et
1182 3833 1338 3914 legittime
1355 3846 1580 3912 concernente,

322 3945 362 4004 ab
387 3943 507 4004 eisdem
527 3942 676 4003 Ladislao
693 3939 855 4002 aurifabro
880 3954 910 4002 et
927 3940 1075 4001 Emerico
1092 3939 1239 4000 similiter
1255 3937 1417 4001 aurifabro
1436 3937 1586 4001 fratribus

324 4051 389 4111 suis
427 4049 607 4110 carnalibus
638 4048 765 4109 'nullam
796 4044 1049 4107 satisfaccionem
1082 4044 1193 4106 habuit
1217 4065 1276 4105 nec
1306 4045 1457 4126 percepit,
1489 4045 1586 4106 hodie

326 4156 462 4238 prestitit
486 4169 517 4216 et
541 4155 691 4236 deposuit
711 4167 807 4235 prout
837 4152 897 4214 sibi
928 4172 985 4234 per
1009 4152 1129 4233 juratos
1160 4151 1235 4212 anni
1259 4151 1415 4233 presentis
1446 4149 1507 4213 fuit
1530 4151 1584 4213 ad-

326 4261 502 4343 judicatum
527 4261 742 4344 juramentum
767 4273 798 4322 et
821 4272 916 4341 prout
941 4259 1044 4341 ipsum
1073 4257 1288 4338 juramentum
1313 4270 1452 4337 prestare
1477 4271 1509 4318 et
1532 4257 1589 4317 de-

328 4387 449 4450 ponere
473 4368 584 4428 debuit
609 4367 740 4428 domina
764 4371 893 4448 Agycza
924 4378 1101 4446 prenotata,
1126 4364 1265 4444 ideoque
1297 4365 1398 4447 ipsam
1424 4363 1588 4424 dominam

326 4480 489 4557 Agyczam
514 4474 552 4534 ad
574 4473 759 4534 instanciam
787 4471 915 4554 Mathye
933 4470 1008 4532 dicti
1027 4469 1204 4552 Ztakorych
1222 4470 1254 4530 in
1272 4469 1356 4532 facto
1373 4469 1590 4552 deposicionis

328 4581 461 4662 predicti
486 4579 655 4662 juramenti
676 4578 874 4640 reddidimus
898 4575 966 4638 fore
983 4577 1125 4658 quietam
1143 4589 1174 4638 et
1197 4576 1390 4655 absolutam,
1407 4575 1591 4655 dictamque

327 4687 460 4748 terciam
486 4699 607 4768 partem
632 4699 750 4746 rectam
776 4699 806 4745 et
831 4683 978 4764 equalem
1004 4682 1103 4763 ipsius
1133 4682 1260 4758 domus,
1285 4681 1386 4760 fundi,
1411 4680 1531 4742 cellarii
1558 4693 1589 4740 et

333 4791 554 4853 hedificiorum
580 4811 651 4853 curn
681 4791 747 4851 suis
778 4789 983 4872 pertinenciis
1015 4802 1045 4849 et
1077 4788 1267 4849 utilitatibus
1298 4786 1455 4848 universis
1485 4785 1590 4846 eidem

323 4899 461 4960 domine
486 4902 614 4980 Agycze
638 4918 674 4959 ac
697 4917 753 4980 per
777 4916 846 4958 eam
875 4896 940 4956 suis
963 4895 1135 4956 heredibus
1158 4894 1341 4956 racionibus
1364 4907 1395 4954 et
1418 4891 1521 4953 causis
1553 4910 1591 4952 ex

324 5003 488 5088 premissis
512 5004 682 5066 statuimus
705 5017 862 5086 perpetuo
886 5001 1114 5085 possidendam
1145 5012 1177 5062 et
1200 4999 1508 5082 quomodocumque
1532 5017 1590 5060 vo-
