3678 5800
801 533 887 588 Anno
911 544 1002 608 1432.
1026 563 1069 573 -
1092 544 1143 591 22.
1160 531 1311 606 Jitnuan't'.

422 742 526 820 nobis,
551 755 585 802 ut
608 741 685 802 dum
703 741 856 824 providus
879 741 1017 802 condam
1042 741 1089 802 vir
1115 739 1256 823 prefatus
1274 739 1435 802 lohannes
1460 741 1673 804 Theutonicus

422 847 622 930 supradictus
653 848 685 908 in
718 847 867 910 extremis
898 848 961 908 vite
997 867 1053 909 sue
1084 847 1270 928 temporalis
1302 847 1487 926 laborasset,
1520 861 1594 910 tunc
1616 851 1675 930 ipse

423 953 581 1036 quosdam
606 954 687 1016 duos
711 952 829 1015 lundos
845 973 920 1015 suos
944 973 1062 1016 vacuos
1079 955 1112 1016 in
1129 953 1201 1014 vico
1225 966 1334 1016 nostro
1354 954 1502 1015 exteriori
1518 955 1576 1015 sub
1592 975 1675 1016 muro

423 1061 522 1143 ipsius
546 1060 681 1122 civitatis
704 1059 841 1138 habitos,
866 1060 945 1122 duas
974 1073 1102 1141 quartas
1134 1060 1221 1121 curie
1255 1061 1287 1122 in
1311 1081 1345 1122 se
1369 1061 1581 1140 continentes,
1610 1082 1676 1124 cum

422 1168 488 1228 suis
512 1166 702 1229 utilitatibus
726 1181 758 1229 et
781 1167 985 1250 pertinenciis
1010 1167 1166 1230 universis
1189 1167 1337 1250 predicte
1361 1167 1535 1230 Karberine
1559 1169 1675 1230 mulieri

422 1293 481 1356 pro
505 1287 581 1335 tunc
605 1292 661 1334 sue
686 1273 826 1336 consorti
850 1273 1019 1355 legavisset
1042 1287 1074 1335 et
1090 1273 1262 1336 dimisisset
1281 1273 1351 1355 jure
1375 1273 1562 1356 perhennali
1585 1276 1678 1356 possi·

425 1381 549 1442 dendos
563 1393 593 1442 et
609 1379 918 1461 quomodocumque
935 1379 1073 1442 voluerit
1083 1379 1311 1462 disponendos,
1330 1381 1469 1462 ideoque
1480 1400 1539 1442 nos
1556 1381 1678 1442 eosdem

424 1487 506 1549 duos
530 1486 648 1548 fundos
672 1487 809 1549 duarum
827 1501 1013 1568 quartarum
1038 1506 1109 1548 curn
1137 1487 1203 1548 suis
1220 1487 1410 1548 utilitatibus
1426 1501 1457 1548 et
1481 1487 1679 1569 pertinenciis

422 1593 613 1676 supradictis
636 1591 756 1676 prefate
782 1593 955 1655 Karberine
978 1593 1105 1656 mulieri
1130 1607 1161 1655 et
1184 1613 1328 1675 peream
1353 1593 1418 1655 suis
1434 1593 1608 1655 heredibus
1622 1609 1679 1655 sta·

423 1701 544 1762 ruimus
576 1713 732 1783 perpetuo
765 1699 977 1782 possidendos
1000 1715 1031 1762 et
1063 1700 1371 1782 quomodocumque
1403 1700 1542 1762 voluerit
1579 1700 1680 1782 dispo-

423 1807 548 1870 nendos
564 1808 649 1869 iuxta
667 1807 891 1868 condicionem
909 1807 1044 1868 civitatis
1061 1819 1225 1889 prenotate
1251 1807 1290 1868 ab
1314 1807 1448 1889 antiquo
1465 1809 1681 1888 approbatam.

528 1913 607 1976 ltem
639 1914 714 1994 quia
748 1912 948 1995 Margaretha
980 1911 1045 1974 filia
1079 1912 1207 1974 Thome
1235 1913 1343 1974 relicta
1377 1913 1515 1974 condam
1540 1913 1682 1974 Barnabe

422 2019 563 2098 sartoris,
588 2039 673 2081 nunc
697 2038 827 2081 consors
845 2019 940 2080 Blasii
954 2018 1093 2096 sartoris,
1111 2019 1142 2079 in
1161 2016 1331 2080 manifesto
1352 2019 1510 2080 adulterio
1534 2019 1566 2080 in
1585 2018 1682 2080 domo

426 2126 548 2187 Marine
574 2125 717 2186 mulieris
741 2144 813 2186 curn
839 2123 984 2185 Johanne
1010 2123 1161 2186 Barberio
1186 2123 1253 2185 lilio
1278 2124 1406 2186 Thome
1432 2123 1682 2186 Chernchewicb

422 2231 462 2293 de
493 2245 602 2293 monte
635 2230 808 2314 Clymnow
839 2229 926 2291 werb
958 2243 1091 2308 vocato,
1121 2249 1153 2290 se
1185 2229 1392 2292 effectualiter
1424 2250 1510 2292 ream
1544 2231 1680 2292 extitisse

423 2337 555 2400 asseruit
579 2337 611 2398 in
643 2336 762 2417 judicio
794 2349 904 2398 nostro
931 2336 1074 2417 generali
1106 2336 1271 2398 communi
1303 2356 1411 2397 coram
1440 2338 1551 2419 populi
1578 2337 1683 2422 multi-

424 2445 547 2523 tudine,
572 2445 646 2505 ideo
670 2443 761 2523 jurati
786 2443 1060 2524 adjudicaverunt,
1081 2442 1169 2524 quod
1194 2443 1260 2524 ipsa
1278 2443 1478 2524 Margaretha
1503 2444 1585 2504 circa
1611 2464 1682 2505 ecu-

421 2551 509 2612 leum
534 2549 630 2612 debet
653 2549 776 2631 alligari
801 2561 832 2611 et
855 2569 928 2610 cum
946 2547 1029 2610 ferro
1053 2549 1302 2626 communitatis,
1318 2560 1387 2610 teca
1405 2563 1528 2628 vocato,
1553 2549 1585 2610 in
1604 2548 1683 2611 facie

424 2656 522 2739 ipsius
545 2655 689 2718 mulieris
713 2655 912 2737 Margarethe
938 2654 977 2716 de
1002 2674 1091 2716 more
1114 2654 1192 2715 alias
1216 2667 1367 2716 consveto
1397 2655 1530 2735 sigillari
1556 2669 1587 2716 et
1611 2675 1682 2716 cum

423 2761 544 2823 baculis
578 2761 712 2843 turpiter
746 2760 815 2824 cedi
855 2759 932 2822 foris
969 2760 1130 2829 civitatem
1171 2773 1202 2821 et
1236 2760 1305 2822 eius
1335 2761 1531 2822 territorium
1567 2761 1684 2841 taliter,

423 2866 510 2949 quod
536 2866 688 2949 deinceps
712 2868 744 2928 in
761 2867 921 2929 civitatem
946 2879 976 2928 et
1000 2867 1068 2929 eius
1085 2867 1278 2928 territorium
1304 2868 1363 2928 sub
1380 2887 1462 2948 pena
1486 2867 1599 2949 capitis
1617 2888 1684 2929 non

424 2973 539 3035 audeat
572 2973 719 3049 introire;
751 2973 920 3055 ipsumque
953 2973 1053 3035 eciam
1086 2971 1266 3034 iohannem
1299 2973 1485 3035 Barberium
1518 2987 1685 3055 tamquam

422 3091 544 3141 certum
570 3077 715 3140 fomitem
741 3093 772 3140 et
795 3080 927 3141 inicium
953 3079 1047 3141 huius
1080 3079 1240 3158 adulterii,
1273 3079 1349 3160 quia
1374 3100 1410 3141 ex
1435 3078 1573 3142 fassione
1600 3082 1685 3143 dicte

423 3184 624 3266 Margarethe
648 3199 679 3246 et
703 3186 802 3267 ipsius
826 3185 949 3247 Marine
973 3185 1117 3247 mulieris
1141 3205 1230 3247 reum
1254 3184 1322 3247 fore
1347 3199 1568 3267 cognoverunt
1589 3188 1685 3269 jurati

423 3289 583 3368 moderni,
606 3291 680 3352 ideo
705 3292 811 3375 ipsum
835 3291 935 3354 eciam
962 3304 1092 3373 propter
1122 3290 1310 3353 huiusmodi
1341 3293 1444 3354 scelus
1468 3293 1565 3354 iidem
1591 3292 1685 3372 jurati

422 3395 689 3478 adjudicaverunt
713 3397 851 3460 eundern
884 3396 1064 3460 iohannem
1096 3397 1243 3460 similiter
1274 3398 1356 3458 circa
1388 3398 1535 3460 eculeum
1560 3399 1685 3480 alligari

422 3517 453 3566 et
478 3502 556 3564 foris
580 3504 741 3565 civitatem
766 3505 888 3565 baculis
910 3504 1044 3586 turpiter
1068 3503 1148 3582 cedi,
1173 3503 1261 3584 quod
1289 3505 1428 3586 amplius
1460 3525 1517 3566 nec
1541 3504 1582 3566 ad
1608 3506 1684 3568 civi-

421 3625 518 3672 tatem
544 3631 601 3672 nec
626 3611 664 3672 ad
690 3611 758 3672 eius
781 3610 976 3672 territorium
999 3611 1058 3672 sub
1083 3630 1166 3691 pena
1192 3611 1304 3693 capitis
1328 3611 1439 3673 venire
1465 3627 1641 3692 presumat.

530 3718 607 3778 ltem
632 3717 706 3798 quia
725 3717 826 3778 eciam
851 3715 970 3798 prefata
991 3716 1115 3778 Marina
1136 3715 1252 3778 mulier
1268 3717 1429 3798 predictos
1446 3717 1685 3798 Margaretham

422 3837 453 3886 et
477 3824 656 3885 iohannem
675 3823 862 3884 Barbetium
888 3823 918 3884 in
937 3822 1035 3883 domo
1053 3842 1109 3883 sua
1126 3822 1299 3884 adulterari
1318 3823 1395 3884 etin
1419 3823 1578 3884 adulterio
1596 3843 1686 3886 com·

425 3930 551 3991 misceri
584 3929 744 4011 permisit,
776 3943 871 4011 prout
902 3929 1038 4010 ipsamet
1067 3929 1190 3990 Matina
1215 3929 1247 3990 in
1279 3928 1399 4008 iudicio
1432 3949 1539 3991 coram
1572 3932 1686 4012 populi

424 4036 632 4097 multitudine
658 4033 738 4096 lassa
763 4035 866 4097 extitit
889 4033 1067 4114 manifeste,
1091 4034 1164 4096 ideo
1181 4035 1318 4096 eandem
1337 4035 1493 4097 Marinam
1518 4051 1686 4118 tamquam

423 4142 687 4204 conservatricem
713 4141 825 4202 talium
844 4141 1063 4202 adulterorum
1089 4155 1120 4202 et
1136 4141 1262 4202 malicie
1288 4161 1400 4203 eorum
1426 4144 1686 4206 consentientem

422 4249 533 4331 prelati
559 4249 651 4328 jurati
676 4249 941 4330 adjudicaverunt
966 4247 997 4308 in
1022 4247 1169 4309 eculeum
1194 4249 1271 4330 poni
1300 4263 1330 4310 et
1354 4249 1555 4330 aliquamdiu
1581 4271 1685 4333 usque

422 4356 461 4416 ad
488 4370 609 4417 certum
633 4369 761 4437 tempus
786 4355 817 4414 in
850 4353 988 4414 dedecus
1020 4367 1051 4414 et
1082 4353 1304 4416 confusionem
1337 4355 1436 4437 ipsius
1467 4369 1497 4416 et
1520 4356 1686 4418 talismodi

422 4462 643 4542 operariorum
677 4461 797 4522 ibidem
828 4459 941 4538 teneri,
975 4473 1006 4520 et
1038 4473 1146 4541 postea
1179 4461 1325 4522 similiter
1349 4475 1435 4523 extra
1467 4462 1633 4524 civitatem
1658 4476 1686 4524 et

422 4568 490 4629 eius
515 4567 711 4628 territorium
736 4565 858 4628 baculis
880 4565 1013 4646 turpiter
1037 4565 1118 4644 cedi,
1144 4567 1231 4647 quod
1249 4567 1369 4629 amodo
1394 4581 1425 4630 et
1449 4568 1602 4652 deinceps
1630 4589 1685 4632 nec

420 4673 459 4734 ad
486 4674 645 4735 civitatem
680 4692 738 4734 nec
770 4671 809 4732 ad
843 4669 911 4732 eius
942 4671 1136 4732 territorium
1170 4675 1228 4734 sub
1261 4693 1342 4755 pena
1379 4675 1490 4757 capitis
1517 4676 1628 4738 venire
1657 4689 1686 4738 et

422 4781 536 4840 intrare
562 4793 733 4862 presumat.

946 4952 1156 4971 ,ἠως-
