3678 5800
604 581 803 658 Ann01432‚
830 615 869 624 -
896 578 945 644 18.
963 583 1047 657 julii.
1399 582 1457 662 169

299 791 376 854 Item
401 791 478 873 quia
502 790 620 853 Paulus
637 789 721 853 filius
739 791 887 874 Dyonisii
905 790 981 853 dicti
999 790 1190 854 Mozlauech
1214 811 1288 855 cum
1314 792 1456 875 Mathey,

190 917 267 960 cum
290 897 379 959 socio
402 916 458 958 seu
483 897 640 979 complice
664 917 734 976 suo,
765 911 895 981 propter
918 897 1131 960 homicidium
1162 919 1219 961 seu
1243 897 1458 981 (hlomagium

190 1017 248 1064 aut
272 1016 408 1065 mortem
441 1002 602 1064 Valentini
631 1004 671 1065 de
703 1003 808 1066 Insula
840 1003 960 1066 Cherni
993 1003 1092 1066 othok
1123 1005 1284 1086 wlgariter
1318 1005 1457 1066 dictast

189 1123 322 1192 propter
347 1121 484 1170 mortem
510 1109 639 1192 Mathye
663 1107 767 1172 fratris
790 1110 890 1193 ipsius
913 1110 1077 1173 Valentini
1102 1110 1140 1172 de
1166 1110 1249 1173 dicta
1274 1111 1391 1191 insula,
1416 1113 1457 1173 ad

191 1215 311 1278 trinam
336 1215 495 1277 sorensem
528 1216 690 1297 publicam
723 1217 1016 1299 proclamacionem
1039 1237 1096 1300 per
1128 1219 1298 1280 instantem
1324 1231 1355 1281 et
1378 1217 1456 1298 juri-

188 1341 364 1402 congruam
397 1322 591 1404 peticionem
625 1321 757 1404 Georgii
781 1322 839 1385 filii
869 1324 969 1406 ipsius
992 1323 1155 1386 Valentini
1185 1325 1279 1386 nobis
1313 1323 1452 1406 juricon-

189 1448 270 1490 sone
295 1447 350 1510 per
374 1428 514 1490 eundem
531 1426 646 1490 iactam
672 1443 702 1490 et
726 1445 916 1511 porrectam,
933 1430 973 1491 ad
998 1431 1184 1492 instanciam
1204 1430 1302 1512 ipsius
1320 1428 1453 1511 Georgii

191 1549 334 1596 nostram
359 1534 390 1596 in
416 1535 613 1616 presenciam
640 1535 672 1596 in
696 1535 805 1596 sedem
837 1535 1036 1616 judiciariam
1062 1555 1127 1598 non
1160 1549 1318 1598 venerunt
1345 1555 1450 1618 neque

189 1640 334 1721 aliquem
358 1659 416 1721 pro
440 1660 473 1702 se
498 1641 653 1703 miserunt
668 1655 703 1702 ut
727 1641 847 1722 judicio
872 1655 902 1704 et
919 1642 1042 1721 justicie
1066 1641 1306 1724 complemento
1331 1643 1452 1725 paruis-

188 1761 262 1810 sent
286 1767 393 1809 coram
418 1748 522 1826 nobis,
547 1747 687 1829 ideoque
711 1768 770 1810 nos
793 1747 933 1831 prefatos
957 1749 1093 1811 Paulum
1118 1763 1149 1810 et
1174 1748 1304 1833 Mathey
1328 1750 1453 1811 socium

188 1875 286 1916 suum
310 1869 475 1936 tamquam
500 1873 572 1916 reos
596 1868 626 1916 et
650 1854 826 1937 culpabiles
850 1855 880 1916 in
915 1856 1043 1937 signum
1076 1875 1132 1918 sue
1157 1855 1386 1938 culpabilitatis
1410 1855 1459 1937 ip-

189 1981 301 2024 sorum
328 1961 360 2022 in
377 1975 557 2043 presentem
575 1963 741 2024 laternam
757 1975 897 2025 nostram
915 1981 1123 2025 communem
1141 1962 1296 2045 proscribi
1321 1961 1457 2024 fecimus

193 2068 434 2130 committentes
467 2066 660 2150 judicialiter
689 2067 745 2130 tali
777 2068 887 2148 modo,
916 2082 951 2130 ut
981 2067 1122 2152 prelatus
1147 2069 1265 2131 Paulus
1289 2088 1363 2131 cum
1387 2069 1457 2151 ipso

193 2174 326 2258 Mathey
350 2175 438 2236 socio
463 2193 522 2236 suo
546 2175 578 2236 in
603 2175 764 2238 civitatem
786 2189 816 2238 et
839 2176 908 2237 eius
930 2175 1125 2238 territorium
1151 2177 1191 2238 de
1215 2189 1320 2238 cetero
1345 2190 1376 2238 et
1400 2195 1457 2258 per

192 2281 336 2363 amplius
367 2282 483 2342 intrare
513 2301 619 2362 neque
647 2282 755 2345 venire
786 2295 1005 2365 persummant
1037 2283 1136 2345 modo
1167 2280 1311 2365 aliquali,
1343 2283 1399 2365 qui
1433 2282 1459 2344 si

192 2387 385 2469 deprehensi
408 2385 527 2449 fuerint
550 2388 716 2450 autsimul
740 2389 790 2450 vel
814 2389 941 2450 divisim
958 2409 1075 2471 penam
1100 2390 1260 2473 supplicii,
1285 2408 1383 2472 quam
1401 2408 1459 2473 pro

193 2494 252 2556 tali
278 2494 364 2555 malo
388 2513 487 2577 opere
511 2494 727 2557 demeruerint
751 2509 988 2578 consequentur
1022 2496 1135 2558 ordine
1159 2495 1236 2578 juris
1260 2496 1454 2578 requirente.

192 2712 293 2786 Feria
321 2723 420 2786 sexta
448 2717 603 2805 proxima
631 2723 708 2805 post
744 2716 865 2788 festum
891 2715 987 2788 beate
1014 2715 1227 2805 llargarethe
1255 2718 1398 2805 virginis
1427 2723 1461 2788 ct

539 2842 704 2926 martiris,
734 2847 880 2930 tempore
908 2849 1114 2930 treugarum.

732 2990 796 3070 (18.
812 2993 914 3071 julii).

301 3136 380 3198 ltem
405 3135 550 3198 Thomas
574 3135 658 3198 filius
682 3136 811 3198 Thome
835 3135 892 3198 filii
917 3137 1066 3198 Damiani
1092 3136 1131 3198 de
1156 3135 1299 3218 Royche‚
1323 3135 1455 3198 tercius-

194 3255 262 3304 met
296 3241 322 3302 si
346 3242 564 3324 conjuratores
587 3241 705 3332 habere
736 3243 862 3324 poterit,
886 3243 911 3304 si
933 3255 1040 3305 autem
1063 3262 1140 3322 non,
1172 3256 1247 3304 tunc
1271 3241 1453 3324 conjurato·

191 3348 280 3410 ribus
304 3349 489 3410 absentibus
514 3349 589 3409 bina
614 3349 682 3410 vice
710 3369 743 3410 se
777 3349 1063 3428 circumvertendo,
1095 3369 1152 3430 per
1175 3348 1454 3428 adjudicacionem

191 3453 370 3536 juratorum
395 3468 578 3516 nostrorum
595 3455 795 3536 presencium
812 3474 867 3518 seu
885 3455 1114 3518 modernorum
1132 3455 1228 3516 hodie
1253 3475 1351 3538 super
1367 3475 1455 3518 aram
1509 3487 1511 3494 1

197 3561 228 3621 in
253 3559 339 3623 lacto
364 3561 530 3622 cuiusdam
555 3563 639 3624 croci
664 3560 819 3624 falsificati
845 3562 876 3623 in
917 3563 1065 3624 manibus
1088 3563 1153 3624 suis
1186 3562 1388 3645 deprehensi,
1411 3563 1459 3644 ju-

193 3686 263 3728 rare
288 3666 401 3729 debuit
424 3687 519 3750 super
551 3688 601 3747 cn,
634 3681 668 3729 ut
696 3668 762 3750 ipse
794 3668 915 3730 dictum
946 3688 1075 3731 crocum
1101 3669 1235 3730 minime
1267 3666 1456 3748 falsificavit,

194 3793 253 3835 nec
277 3792 352 3835 cum
377 3773 457 3835 scitu
480 3794 539 3836 suo
564 3773 675 3836 fuisset
698 3772 891 3854 falsificatus,
913 3787 944 3836 et
967 3776 1042 3856 quia
1072 3773 1157 3836 idem
1184 3773 1329 3836 Thomas
1353 3775 1458 3858 ipsum

194 3880 412 3962 juramentum
436 3881 497 3943 sibi
515 3881 733 3963 adjudicatum
757 3881 907 3963 deposuit
931 3895 966 3944 ut
982 3881 1103 3960 debuit,
1129 3881 1203 3943 ideo
1222 3882 1328 3963 ipsum
1351 3901 1459 3964 super·

192 3987 271 4048 inde
296 3985 400 4049 taliter
424 3987 574 4049 duximus
599 3987 793 4070 expeditum,
819 4001 854 4049 ut
877 3987 917 4049 de
942 3999 1048 4050 cetero
1072 4007 1105 4048 se
1130 3989 1170 4049 ab
1195 3987 1379 4049 huiusmodi
1404 4007 1458 4050 ne·

193 4093 290 4175 goeio
315 4093 440 4156 studeat
464 4094 601 4156 sollicite
632 4113 812 4176 precavere,
845 4095 900 4177 qui
933 4095 966 4156 in
990 4094 1087 4156 simili
1120 4113 1217 4176 opere
1241 4094 1380 4176 amplius
1404 4095 1458 4156 de-

192 4198 369 4282 prehensus
393 4198 499 4280 fuerit,
523 4199 611 4282 juxta
635 4219 691 4262 sua
716 4200 873 4262 demerita
896 4219 1014 4282 penam
1041 4219 1138 4282 quarn
1164 4201 1358 4264 demeruerit
1382 4221 1458 4264 con-

192 4317 356 4388 aequetur.

302 4410 381 4473 Item
405 4411 481 4494 quia
499 4411 605 4495 Saylto
623 4426 655 4475 et
672 4412 811 4496 Mayhen
835 4413 919 4475 cives
935 4413 975 4474 de
1000 4412 1168 4495 Gurgfeld,
1193 4414 1329 4497 quilibet
1346 4433 1456 4476 eorum

193 4518 378 4580 terciusmet
400 4516 505 4598 jurare
522 4518 633 4581 debuit
660 4538 821 4600 supereo,
854 4531 888 4580 ut
913 4518 1054 4600 ipsorum
1072 4519 1179 4582 nullus
1195 4521 1347 4598 scivisset,
1365 4519 1454 4601 quod

196 4624 296 4686 boves
320 4623 385 4685 duo
409 4623 553 4705 litigiosi,
577 4644 658 4706 quos
690 4624 842 4687 Clemens
873 4622 1090 4708 infrascriptus
1122 4647 1197 4688 suos
1221 4625 1288 4688 fore
1313 4625 1457 4704 asseruit,

200 4749 281 4812 quos
305 4731 407 4792 eciam
431 4729 491 4814 ipsi
525 4730 632 4814 Sayko
662 4744 691 4793 et
724 4730 862 4814 Mayhen
894 4733 1042 4814 proauis
1072 4734 1218 4815 pecuniis
1242 4746 1366 4816 emptos
1390 4731 1457 4795 fore

197 4838 389 4919 allegabant,
413 4851 448 4899 ut
471 4839 621 4900 subtracti
647 4851 678 4900 et
702 4837 795 4899 furati
821 4837 966 4917 luissent,
995 4839 1050 4901 sed
1075 4840 1107 4901 in
1133 4841 1199 4922 ipsa
1224 4840 1354 4902 accione
1379 4839 1456 4902 dicti

198 4943 373 5006 Clementis
397 4943 585 5006 innocentes
609 4943 752 5024 fuissent,
777 4958 808 5006 et
839 4945 913 5026 quia
939 4945 1081 5027 ipsorum
1114 4945 1250 5028 quilibet
1274 4946 1457 5008 terciusmet

199 5048 412 5131 juramentum
438 5051 618 5133 predictum
636 5051 712 5133 ipsis
728 5051 946 5133 adjudicatum
964 5053 1099 5133 prestitit
1119 5065 1153 5114 ut
1177 5053 1298 5133 debuit,
1316 5053 1455 5138 ideoque
