3740 5810
400 532 440 594 92
781 513 868 572 Anno
891 527 982 592 1420.
1008 547 1048 558 -
1072 527 1124 590 23·
1147 515 1278 594 augusti.

400 725 606 808 recepissent,
630 727 686 788 sed
710 726 796 788 idem
813 725 965 788 dominus
980 727 1079 788 abbas
1095 726 1135 789 de
1153 725 1345 788 comissione
1369 725 1524 788 comitum
1543 725 1664 787 eisdem

399 831 587 894 restituisset
611 845 645 893 ut
661 831 772 914 justis:

505 954 583 1016 item
605 955 796 1017 Valentinus
819 953 904 1017 filius
929 954 1082 1038 Stephani
1114 974 1186 1018 cum
1212 954 1325 1017 Friche
1348 954 1452 1036 jurato
1476 953 1600 1036 pridem
1633 968 1668 1015 et

400 1059 543 1142 Georgio
567 1060 634 1122 filio
659 1059 832 1140 Dominici,

507 1167 583 1228 item
609 1166 727 1229 Michel
751 1166 846 1248 juder
871 1185 943 1229 curn
969 1165 1112 1248 Georgio
1141 1166 1265 1228 Ferlich
1291 1179 1322 1229 et
1345 1167 1423 1249 Jury
1447 1165 1605 1245 Corintio,

506 1291 582 1353 item
608 1292 745 1354 lacobus
777 1291 924 1353 Horuath
956 1311 1028 1353 curn
1062 1291 1210 1352 Emerico
1239 1290 1395 1353 Mihellrin
1427 1304 1459 1352 et
1482 1290 1660 1352 Benedicta

400 1395 548 1476 Ventich,

507 1503 584 1564 item
620 1503 769 1584 magister
795 1502 974 1586 Stephanus
1005 1503 1148 1566 literatus
1172 1521 1245 1564 cum
1274 1501 1438 1585 Stephano
1464 1501 1658 1584 Torgouech

400 1608 668 1690 mfflmffim

509 1735 584 1795 item
609 1733 771 1796 lohannes
795 1733 880 1796 filius
902 1734 1028 1796 Nicolai
1052 1753 1126 1796 cum
1142 1733 1288 1796 iohanne
1313 1733 1500 1796 Kouachich
1525 1750 1556 1795 et
1573 1733 1655 1796 lwan

398 1839 465 1902 filio
491 1840 666 1918 Benedicti,

508 1947 584 2009 item
616 1947 761 2009 Andreas
789 1945 875 2009 filius
906 1947 990 2008 Petri
1022 1966 1094 2008 cum
1128 1946 1270 2028 Georgio
1301 1960 1422 2009 sertore
1454 1959 1485 2009 et
1517 1945 1657 2027 Georgio

398 2050 610 2134 Oprasnicha.

505 2175 583 2238 Item
608 2175 722 2259 Grayff
742 2177 840 2238 tercio
864 2197 897 2237 se
922 2179 1032 2256 (deest).

507 2301 586 2362 ltem
611 2299 756 2361 Thomas
781 2299 933 2362 Ochwirlr
958 2313 1067 2362 contra
1100 2299 1264 2362 Thomam
1289 2298 1443 2362 Podoben
1468 2313 1583 2362 octavo
1607 2299 1657 2360 die

399 2407 561 2468 tenebitur
587 2419 726 2488 prestare
743 2405 958 2487 juramentum
975 2407 1074 2467 tercio
1091 2427 1124 2468 se
1148 2425 1311 2488 supereo,
1329 2405 1417 2487 quod
1439 2405 1505 2488 ipse
1523 2406 1555 2466 in
1572 2406 1660 2468 totali

401 2514 533 2574 accione
558 2513 658 2594 ipsius
690 2512 820 2574 Thome
852 2525 933 2575 esset
964 2513 1128 2591 innocens,
1161 2513 1282 2574 scilicet
1315 2512 1402 2594 quod
1427 2513 1459 2573 in
1484 2512 1584 2573 domo
1607 2532 1659 2573 sua

399 2618 527 2680 nullum
553 2618 731 2700 dampnum
756 2617 907 2680 lurticinii
933 2615 1068 2680 fecisset.

508 2741 586 2803 ltem
612 2741 836 2823 adjudicarunt
859 2741 952 2822 jurati
978 2741 1010 2802 in
1035 2761 1127 2803 causa
1152 2742 1234 2803 inter
1262 2741 1428 2802 dominam
1454 2740 1659 2802 Katherinam

398 2847 545 2910 relictam
572 2847 771 2929 Sigismundi
789 2861 819 2909 et
844 2847 1023 2910 Johannem
1040 2846 1190 2928 judicem,
1215 2861 1250 2908 ut
1274 2848 1367 2908 ambe
1385 2859 1489 2929 partes
1505 2847 1538 2908 in
1556 2846 1658 2929 primo

400 2953 522 3035 judicio
547 2953 616 3035 jura
633 2973 745 3016 eorum
762 2953 940 3036 producere
955 2955 1150 3016 tenebuntur
1174 2954 1206 3014 in
1224 2953 1336 3015 eadem
1362 2973 1467 3032 causa,
1484 2967 1515 3015 et
1531 2952 1657 3015 tandem

398 3060 555 3141 judicium
579 3061 661 3122 inter
685 3061 814 3122 easdem
839 3073 943 3142 partes
968 3059 1071 3122 facere
1094 3059 1194 3142 possit
1217 3073 1312 3141 atque
1336 3060 1450 3122 valeat.

506 3183 584 3246 Item
608 3185 717 3246 relicta
743 3184 839 3246 Blasii
864 3184 994 3245 textoris
1027 3196 1136 3244 contra
1162 3182 1372 3244 Benedictum
1404 3181 1521 3244 ruffum
1553 3181 1655 3264 primo

398 3291 492 3353 citata
518 3310 583 3352 non
607 3291 796 3372 comparuit.

506 3415 582 3476 Item
609 3415 720 3476 Petrus
743 3433 816 3476 cum
844 3412 1014 3475 sufficienti
1045 3413 1230 3474 testimonio
1263 3413 1495 3496 comprobavit,
1520 3428 1555 3476 ut
1587 3431 1656 3495 por·

401 3521 510 3582 ciones
538 3519 629 3582 fundi
655 3519 808 3583 Murnech
834 3533 864 3581 ct
893 3519 1025 3601 Georgii
1057 3519 1188 3582 fratrum
1223 3520 1369 3582 eiusdem
1393 3519 1433 3581 ad
1458 3520 1562 3602 ipsum
1587 3531 1657 3580 sunt

401 3625 564 3689 devolute.

482 3862 576 3938 Feria
615 3872 715 3936 serta
752 3867 906 3954 proxima
934 3871 1011 3952 post
1038 3863 1160 3936 festum
1188 3867 1277 3936 beati
1307 3867 1396 3953 regis
1425 3865 1592 3953 Stephani.

912 4033 977 4114 (23.
1008 4031 1150 4109 augusti).

507 4191 585 4252 ltem
611 4191 776 4253 Elizabeth
802 4192 912 4253 relicta
936 4191 1092 4253 Thomlin
1117 4210 1190 4252 cum
1215 4190 1384 4252 sufficienti
1402 4191 1587 4254 testimonio
1606 4212 1660 4253 no·

398 4311 536 4358 strorum
564 4298 744 4359 concivium
770 4298 801 4358 id
826 4298 1057 4379 comprobavit,
1082 4311 1117 4358 ut
1140 4296 1278 4378 quedam
1304 4297 1384 4358 silva
1407 4317 1464 4358 seu
1487 4298 1582 4360 vinea
1607 4298 1659 4358 de-

398 4416 480 4465 serta
507 4404 538 4463 in
563 4403 723 4464 territorio
747 4418 857 4466 nostro
874 4423 972 4485 penes
995 4403 1107 4465 silvam
1134 4422 1218 4464 nunc
1236 4402 1398 4464 Dominici
1417 4402 1586 4464 Marsetich
1603 4423 1657 4464 sua

400 4509 511 4572 fuisset
535 4523 566 4571 et
589 4521 680 4571 esset.

506 4634 585 4696 Item
609 4635 718 4696 relicta
742 4634 841 4696 Lucia
860 4632 1084 4696 Gerdcheuich
1105 4645 1136 4694 et
1159 4631 1329 4694 filiuseius
1352 4645 1462 4695 contra
1487 4633 1660 4694 Martinum

402 4741 513 4802 Ztizlca
537 4741 642 4822 primo
666 4741 752 4802 citati
777 4760 841 4801 non
874 4751 1133 4822 comparuerunt.

505 4864 583 4926 ltem
608 4865 716 4926 relicta
741 4864 879 4926 condam
904 4865 1001 4925 Blasii
1026 4863 1156 4928 textoris
1173 4875 1283 4928 contra
1309 4861 1518 4930 Benedictum
1546 4861 1662 4934 ruffum

399 4969 542 5038 secundo
567 4971 661 5036 citata
684 4991 749 5034 non
774 4971 963 5059 comparuit.

1849 892 1851 1018 l
