3678 5800
439 493 498 556 ¹90
834 474 920 532 Anno
943 487 1033 552 1433·
1059 507 1099 518 -
1123 483 1172 550 27.
1195 475 1305 534 mara'i.

436 685 671 751 commissarios
702 685 844 749 eiusdem
879 685 1051 766 lobannis,
1083 685 1211 748 Andree
1243 685 1332 768 olym
1362 681 1462 768 judici
1493 683 1583 747 fratri
1616 684 1695 747 Petri

436 794 530 877 jurati
555 793 612 856 lilii
637 793 722 855 Petri
746 791 869 876 Saphar
903 792 969 855 dati
993 805 1024 855 et
1055 791 1205 874 assignati
1228 790 1370 874 plenarie
1402 803 1433 852 et
1464 789 1611 852 effective
1636 789 1695 851 exi·

435 913 532 980 stunt,
549 913 645 983 prout
661 899 694 962 in
712 898 910 982 expeditoria
926 897 1019 962 litera
1035 899 1094 960 sub
1115 897 1224 980 sigillo
1241 897 1399 980 judicatus
1415 895 1551 979 predicti
1569 893 1695 958 Andree

435 1005 551 1089 judicis
575 1025 723 1088 expresse
739 1004 880 1068 vidimus
903 1005 1078 1082 contineri;
1102 1004 1225 1086 etquis
1242 1004 1308 1086 ipse
1329 1003 1440 1065 Petrus
1463 1001 1587 1084 juratus
1603 1000 1697 1063 frater

435 1111 512 1173 dicti
536 1110 665 1172 Andree
690 1110 805 1192 judicis
828 1110 955 1174 nullum
981 1110 1202 1174 testimonium
1235 1129 1341 1192 neque
1364 1109 1508 1192 aliquam
1533 1107 1696 1192 expedito·

435 1216 517 1281 riam
543 1218 575 1278 in
599 1217 739 1279 termino
762 1237 818 1300 per
842 1237 901 1279 nos
925 1216 1030 1279 eidem
1055 1217 1208 1300 deputato
1230 1216 1409 1299 producere
1432 1215 1539 1299 potuit
1562 1234 1623 1277 nec
1646 1214 1697 1276 de·

436 1337 613 1387 monstrare
638 1342 733 1406 super
757 1343 807 1402 eo,
831 1336 866 1386 ut
882 1323 968 1408 ipsos
992 1323 1074 1386 duos
1097 1322 1167 1386 flor.
1184 1323 1348 1406 predictus
1371 1322 1517 1384 Andreas
1540 1320 1639 1404 judex
1660 1320 1698 1382 ad

435 1429 593 1513 hospitale
618 1429 798 1512 predictum
836 1449 892 1491 seu
916 1429 956 1492 ad
985 1427 1067 1492 facta
1091 1442 1146 1492 aut
1177 1449 1333 1513 pauperes
1363 1428 1508 1491 eiusdem
1532 1427 1698 1510 hospitalis

438 1535 645 1618 exposuisset,
670 1535 810 1617 ideoque
834 1535 937 1598 dictus
953 1535 1065 1598 Petrus
1088 1533 1183 1598 frater
1199 1535 1298 1618 ipsius
1321 1535 1450 1597 Andree
1473 1534 1600 1617 judicis,
1624 1533 1696 1616 quir

435 1641 580 1704 eiusdem
604 1643 689 1704 bona
714 1653 745 1704 et
768 1661 818 1704 res
841 1661 936 1724 super
960 1642 1063 1725 ipsum
1082 1641 1211 1704 Petrum
1235 1641 1372 1724 juratum
1391 1639 1697 1718 condescenderunt,

435 1767 539 1831 usque
561 1746 742 1830 quindenas
773 1747 928 1831 presentis
959 1748 1023 1810 diei
1047 1747 1149 1811 dictos
1180 1747 1249 1812 flor.
1274 1749 1356 1810 duos
1387 1747 1532 1831 predicto
1557 1747 1696 1810 Martino

437 1854 541 1937 jurato
565 1853 719 1936 magistro
743 1853 911 1938 hospitalis
934 1854 1029 1918 debet
1052 1855 1233 1938 persolvere
1258 1853 1411 1918 effective.

488 2073 584 2148 Faria
612 2081 711 2148 sexta
739 2077 894 2165 proxima
921 2083 998 2165 post
1025 2076 1147 2148 festum
1175 2073 1457 2148 hnnnnciacionis
1486 2077 1659 2148 dominice.

958 2229 1020 2307 (27.
1044 2229 1167 2308 martit).

545 2368 622 2431 Item
656 2387 737 2431 uxor
768 2368 858 2430 Pauli
891 2367 967 2431 dicti
999 2368 1139 2452 Tolway
1170 2381 1280 2432 contra
1310 2369 1444 2432 Elenam
1478 2368 1694 2433 habitatricem

436 2474 574 2538 civitatis
593 2487 760 2558 prenotate
784 2473 927 2537 secundo
947 2475 1042 2537 citata
1065 2494 1131 2536 non
1159 2475 1349 2558 comperuit.

542 2579 619 2642 ltem
646 2581 756 2642 Petrus
772 2580 893 2663 juratus
908 2578 993 2642 filius
1010 2580 1094 2642 Petri
1116 2579 1239 2663 Saphar
1256 2595 1366 2645 contra
1384 2582 1541 2644 Jacobum
1559 2581 1693 2664 juratum

436 2687 642 2767 modernum,
666 2705 855 2768 germanum
879 2705 985 2766 suum,
1009 2687 1114 2768 primo
1138 2687 1251 2750 citatus
1275 2707 1340 2750 non
1366 2688 1557 2769 comparuit.

546 2793 623 2856 Item
649 2794 724 2876 quia
749 2794 905 2856 Martinus
921 2792 1024 2855 dictus
1047 2794 1192 2856 Kusaren
1209 2793 1294 2856 filius
1311 2793 1440 2857 Thome
1463 2793 1522 2856 filii
1548 2794 1692 2877 Philippi,

439 2899 600 2962 habitator
624 2899 708 2961 dicte
732 2899 878 2974 civitatis,
903 2899 936 2961 id
960 2919 1033 2962 cum
1062 2897 1231 2962 sufficienti
1263 2913 1294 2962 et
1326 2899 1491 2982 fidedigno
1515 2913 1692 2963 nostrorum

438 3007 621 3070 concivium
645 3005 830 3069 testimonio
846 3007 878 3068 in
902 3005 977 3069 sede
994 3018 1101 3068 nostra
1117 3005 1284 3087 judiciaria
1301 3005 1385 3070 clare
1402 3019 1433 3069 et
1455 3007 1574 3069 seriose
1590 3025 1691 3070 coram

439 3114 534 3176 nobis
547 3112 778 3196 comprobavit,
799 3125 835 3174 ut
858 3112 935 3174 dum
960 3112 1009 3174 vir
1033 3112 1169 3174 condam
1186 3111 1340 3195 providus
1363 3112 1508 3174 Andreas
1531 3112 1633 3175 dictus
1654 3113 1691 3174 si·

437 3219 555 3281 militer
578 3219 735 3297 Kusaren,
759 3219 848 3301 olym
872 3218 1013 3280 concivis
1037 3230 1155 3297 noster,
1178 3217 1211 3280 in
1229 3219 1377 3280 extremis
1400 3219 1465 3282 vite
1488 3239 1546 3282 sue
1570 3233 1690 3302 tempo-

437 3325 512 3387 ralis
535 3324 720 3404 laborasset,
751 3337 826 3386 tunc
857 3325 923 3406 ipse
956 3323 1120 3406 quandam
1151 3323 1285 3386 domum
1313 3344 1404 3387 suam
1434 3344 1509 3388 cum
1533 3323 1634 3387 fundo
1664 3338 1691 3386 et

439 3430 570 3493 cellario
603 3433 811 3494 subterraneo
842 3443 873 3492 et
903 3429 1060 3492 hedificiis
1084 3431 1116 3492 in
1149 3430 1220 3493 vico
1252 3431 1351 3514 ipsius
1382 3431 1520 3494 civitatis
1551 3431 1690 3493 exteriori

437 3534 675 3617 lucifigulorum
702 3535 784 3598 inter
807 3535 941 3596 domurn
963 3536 1022 3597 viri
1046 3535 1173 3618 providi
1198 3535 1346 3618 Gregorii
1364 3536 1441 3598 dicti
1465 3537 1544 3599 Mali
1569 3551 1600 3600 et
1615 3537 1690 3598 inter

437 3640 573 3704 fundum
597 3662 734 3704 vacuum
766 3642 896 3704 alterius
927 3641 1076 3723 Gregorii
1108 3642 1238 3704 sartoris
1266 3641 1409 3704 habitam
1433 3655 1465 3704 et
1498 3643 1689 3720 existentem,

437 3768 534 3812 unam
559 3761 704 3830 quartam
729 3749 815 3810 curie
839 3748 880 3810 ad
910 3768 1003 3810 usum
1034 3749 1170 3810 civitatis
1200 3747 1321 3831 prefate
1353 3750 1384 3810 in
1410 3769 1443 3810 se
1467 3749 1688 3826 continentem,

439 3855 543 3936 ipsum
569 3855 690 3917 scilicet
721 3854 885 3916 Andream
918 3855 1062 3916 Kusaren
1095 3855 1153 3917 rite
1177 3869 1209 3918 et
1239 3855 1394 3937 legittime
1418 3856 1549 3918 nemine
1573 3855 1690 3938 penitus

437 3961 676 4023 contradicente
699 3974 957 4040 concernentem,
982 3981 1055 4023 cum
1079 3962 1230 4024 omnibus
1253 3962 1320 4023 suis
1342 3962 1533 4024 utilitatibus
1550 3977 1580 4024 et
1602 3962 1689 4043 pcrti-

437 4067 559 4130 nenciis
581 4067 750 4146 universis,
774 4067 951 4148 ceterisque
976 4069 1070 4128 rebus
1094 4081 1125 4128 et
1149 4068 1242 4129 bonis
1265 4069 1331 4130 suis
1347 4068 1524 4130 mobilibus
1547 4068 1689 4130 videlicet

437 4187 468 4234 et
492 4173 702 4234 inmobilibus
725 4173 757 4235 in
782 4173 866 4234 dicta
890 4174 1017 4234 civitate
1042 4187 1073 4236 et
1097 4173 1166 4236 eius
1182 4174 1344 4236 territorio
1366 4175 1484 4237 habitis
1507 4188 1539 4238 et
1562 4175 1687 4237 existen-

436 4279 531 4357 trbus,
556 4279 661 4360 ipsum
697 4279 859 4341 Andreum
896 4280 1042 4342 Kusaren
1072 4281 1130 4342 rite
1164 4294 1195 4342 et
1225 4280 1382 4360 legittime
1419 4283 1688 4358 concernentibus,

438 4385 580 4466 predicto
605 4386 744 4446 Martino
775 4385 922 4447 similiter
953 4387 1099 4448 Kusaren
1128 4385 1215 4449 fratri
1246 4387 1367 4450 scilicet
1399 4389 1506 4450 uxoris
1530 4407 1586 4450 sue
1608 4388 1686 4467 lega-

437 4491 533 4551 visset
556 4505 586 4550 et
609 4490 780 4552 dimisisset
803 4489 872 4572 jure
898 4490 1087 4573 perhennali
1115 4493 1355 4575 possidendam,
1380 4493 1520 4575 ideoque
1544 4513 1600 4556 nos
1620 4512 1688 4575 pre-

438 4596 553 4656 dictam
579 4595 713 4658 domum
731 4616 803 4658 cum
829 4595 930 4658 londo
948 4611 979 4659 et
1002 4598 1134 4660 cellario
1150 4601 1358 4662 subterraneo
1375 4619 1410 4662 ac
1429 4599 1593 4679 hedificiis,
1609 4612 1683 4660 cete-

437 4701 543 4781 risque
565 4701 713 4782 predictis
744 4703 809 4763 suis
840 4703 1030 4764 utilitatibus
1058 4719 1088 4767 et
1120 4705 1324 4787 pertinenciis
1354 4707 1510 4768 universis
1542 4727 1576 4768 ac
1599 4704 1684 4767 bonis

438 4808 502 4867 suis
526 4807 701 4868 mobilibus
729 4809 877 4870 videlicet
902 4825 931 4870 et
961 4811 1170 4872 inmobilibus
1193 4812 1393 4894 supradictis,
1409 4811 1533 4895 prefato
1558 4812 1683 4874 Martino

445 4914 600 4991 Kusaren,
625 4929 659 4973 ut
684 4913 746 4994 jam
772 4935 857 4976 novo
889 4916 1013 4976 concivi
1046 4931 1166 4996 nostro,
1190 4937 1227 4980 ac
1251 4938 1307 5000 per
1339 4939 1413 4980 eum
1438 4919 1503 4980 suis
1526 4917 1684 4982 heredibus
