3734 5796
586 507 672 565 Anno
695 521 787 584 1440.
812 540 856 550 -
875 520 909 582 9.
931 507 1105 581 septembris.
1400 523 1461 586 3²9

194 613 437 620 n———-—-———--
446 613 462 619 ..
471 613 668 619 ——-..—
911 612 1013 618 ——-—
1031 611 1370 618 --—-—-----.-...-.—-
1384 610 1455 616 -——--

207 743 304 816 Feria
332 753 431 817 serta
458 747 613 836 proxima
641 753 717 836 post
745 745 866 816 festum
895 746 1005 817 sancti
1035 743 1259 816 Bartholomei
1289 743 1442 834 apostoli.

705 897 770 976 (26.
794 901 936 974 augusti).

304 1041 382 1102 ltem
415 1040 608 1102 Benedictus
639 1040 724 1102 filius
756 1040 923 1102 Michaelis
953 1039 1131 1102 Sebastiani
1164 1052 1273 1102 contra
1299 1037 1462 1121 Mathyam

194 1161 348 1210 sartorem
372 1167 527 1229 generum
553 1147 692 1208 Puchich
717 1147 823 1229 primo
848 1147 960 1209 citatus
984 1165 1049 1208 non
1074 1145 1264 1228 comparuit.

302 1253 380 1316 ltem
412 1252 497 1316 filius
529 1253 689 1314 Francisci
720 1252 826 1314 claudi
858 1253 990 1315 nomine
1022 1252 1186 1314 Emericus
1218 1267 1327 1314 contra
1357 1250 1459 1312 filium

195 1361 374 1424 Clementia
391 1361 544 1422 institoris
560 1360 693 1422 nomine
710 1359 917 1422 Ambrosium
934 1359 1040 1442 primo
1057 1358 1170 1420 citatus
1188 1379 1253 1420 non
1271 1360 1459 1441 comparuit.

301 1467 379 1529 Item
398 1466 594 1529 Laurencius
610 1479 699 1528 autor
716 1480 825 1528 contra
844 1465 1018 1527 Martinam
1034 1479 1177 1528 sutorem
1202 1465 1322 1528 dictum
1342 1465 1461 1546 Ztyzlra

194 1574 299 1655 primo
324 1574 438 1635 citatus
462 1593 527 1634 non
552 1572 743 1655 comparuit.

301 1697 380 1759 Item
404 1697 480 1778 quia
505 1697 552 1758 vir
576 1697 731 1779 providus
755 1709 785 1758 et
808 1695 961 1758 honestus
984 1694 1126 1778 prelatus
1149 1695 1300 1758 videlicet
1324 1697 1461 1758 Jacobus

196 1804 294 1887 judex
317 1803 402 1866 filius
433 1803 571 1866 condam
604 1803 759 1866 iohannis
790 1803 905 1883 judicis
932 1802 1065 1885 predicti
1098 1803 1200 1886 Bolye
1232 1803 1460 1884 cognominati,

199 1931 327 1973 causam
362 1929 459 1992 quam
492 1923 676 1993 persecutus
711 1923 756 1971 est
787 1928 882 1992 super
915 1909 1125 1972 Benedictum
1161 1907 1264 1971 filium
1296 1910 1462 1972 Michaelis

196 2018 376 2080 Sebastiani
402 2031 432 2079 et
455 2037 549 2099 super
573 2017 702 2078 Petrum
728 2017 818 2078 aliter
843 2017 924 2079 Pero
956 2030 1106 2078 vocatum
1132 2029 1163 2079 et
1188 2017 1345 2078 Jacobum
1369 2015 1462 2078 aliter

196 2124 346 2186 larinum
371 2137 521 2185 vocatum
544 2121 629 2184 filios
660 2123 744 2184 Petri
777 2121 900 2205 Saphar
931 2141 1039 2184 coram
1065 2123 1175 2204 juratis
1207 2123 1282 2185 anni
1306 2122 1462 2206 presentis

195 2231 311 2313 primo,
344 2244 375 2292 et
405 2229 535 2292 tandem
567 2248 624 2311 per
656 2229 910 2312 appellacionem
945 2229 1087 2311 ipsorum
1121 2229 1297 2307 Benedicti,
1322 2229 1406 2291 Petri
1431 2243 1462 2291 et

195 2337 306 2399 lacobi
330 2337 363 2398 io
388 2355 516 2398 causam
534 2347 741 2398 attractorum
757 2354 865 2396 coram
883 2336 1063 2398 senioribus
1087 2335 1247 2417 judicibus
1270 2335 1458 2397 ventilatam

196 2457 227 2505 et
251 2455 373 2505 motam
405 2463 441 2505 ac
473 2455 649 2504 vertentem
682 2455 713 2504 et
742 2443 873 2504 tandem
905 2441 1043 2504 finaliter
1066 2462 1122 2524 per
1156 2442 1286 2504 eosdem
1319 2442 1461 2504 seniores

197 2549 319 2630 judices
342 2549 622 2612 sentencionaliter
646 2548 859 2631 adjudicatam
882 2563 912 2610 et
929 2549 1114 2612 conclusam
1140 2549 1247 2611 debite
1272 2563 1302 2611 et
1326 2549 1459 2631 juridice

194 2655 347 2734 obtinuit,
371 2656 445 2718 ideo
470 2655 529 2737 ipsi
554 2655 757 2733 Benedictus,
782 2655 893 2716 Petrus
917 2668 948 2717 et
976 2655 1113 2717 Jacobus
1138 2655 1177 2717 de
1201 2655 1292 2717 totali
1317 2655 1458 2737 birsagio

196 2762 227 2823 in
254 2781 320 2843 quo
345 2760 444 2823 iidem
468 2761 500 2822 in
518 2781 646 2822 causam
671 2761 793 2824 attracti
811 2781 848 2824 ex
866 2760 1108 2842 adjudicatione
1134 2761 1278 2842 judicum
1297 2763 1459 2824 seniorum

194 2881 268 2929 sunt
300 2866 492 2949 judicialiter
522 2866 694 2948 adjudicati
727 2880 758 2929 et
789 2867 951 2948 aggravati
976 2887 1077 2949 usque
1102 2867 1142 2929 ad
1174 2868 1355 2949 quindenas
1386 2888 1456 2950 pre·

194 2974 293 3037 sentis
317 2973 394 3036 ferie
411 2987 495 3035 sexte
512 2973 689 3056 plenariam
706 2987 854 3035 tenentur
872 2974 1045 3056 inpendere
1063 2971 1318 3036 satisfaccionem
1343 2974 1457 3036 ordine

196 3080 274 3162 juris
298 3080 491 3162 requirente.

303 3205 381 3268 ltem
405 3225 499 3267 causa
524 3205 605 3266 inter
630 3205 764 3266 Elenam
797 3205 939 3267 relictam
965 3205 1118 3289 Stephani
1152 3205 1297 3268 Perstecz
1322 3217 1354 3267 et
1378 3205 1460 3266 inter

198 3310 396 3374 Dorotheum
420 3311 537 3373 dictam
563 3312 698 3373 Kussam
727 3311 844 3389 habita,
878 3311 1050 3394 pistricem,
1084 3312 1197 3374 eadem
1224 3312 1325 3372 Elena
1350 3311 1459 3372 relicta

196 3418 350 3500 Stephani
374 3418 508 3500 predicti
540 3417 635 3478 debet
665 3417 842 3500 producere
875 3417 1094 3480 testimonium
1128 3418 1215 3500 quod
1241 3417 1388 3480 habuerit
1420 3418 1461 3479 ad

195 3525 335 3607 primum
360 3524 515 3604 judicium
540 3525 685 3607 proxime
709 3522 893 3587 affuturum.

257 3759 354 3834 Ferit
383 3769 481 3834 serta
510 3765 662 3852 proxima
690 3771 767 3854 post
791 3763 912 3834 leston
942 3763 1140 3834 Nativitatis
1169 3763 1265 3835 beate
1296 3764 1399 3834 llarie

752 3907 905 3976 vrrgtnrs.

694 4059 738 4134 (9.
770 4059 954 4133 septembris).

304 4214 382 4275 ltem
407 4215 572 4277 Emericus
596 4215 680 4278 filius
704 4217 829 4278 Nicolai
851 4216 972 4298 juratus
996 4230 1107 4279 contra
1133 4217 1262 4278 Petrum
1285 4217 1387 4279 filium
1405 4219 1460 4280 Ni-

194 4322 277 4383 colai
302 4321 450 4384 similiter
473 4323 512 4384 de
539 4324 684 4405 Kayenilr
709 4324 814 4405 primo
838 4325 951 4386 citatus
976 4343 1041 4386 non
1066 4323 1255 4405 comparuit.

303 4427 382 4490 ltem
419 4427 578 4510 Georgius
612 4445 765 4512 purgator
795 4429 979 4511 gladiorum
1012 4443 1121 4492 contra
1156 4431 1245 4490 Jurse
1279 4429 1460 4492 carnificem

197 4533 342 4596 secundo
366 4535 480 4597 citatus
504 4555 569 4598 non
594 4537 783 4619 comparuit.

303 4655 381 4718 Item
399 4677 525 4720 causam
544 4678 606 4740 que
628 4673 674 4721 est
691 4660 772 4722 inter
790 4659 1003 4721 Laurencium
1021 4661 1142 4721 dictum
1161 4661 1289 4739 lanselr,
1305 4674 1460 4740 sutorem,

197 4777 227 4824 et
251 4763 333 4824 inter
358 4762 536 4846 Georgium
553 4766 736 4827 sellatorem
757 4767 789 4827 in
813 4765 897 4828 facto
915 4765 1150 4828 vulnerationis
1167 4767 1266 4848 ipsius
1291 4767 1460 4829 Laurencii

195 4871 314 4932 sutoris
338 4885 435 4948 mota,
460 4872 500 4932 ad
524 4871 663 4953 primum
682 4871 835 4951 judicium
861 4872 901 4933 ad
920 4891 1030 4952 pacem
1056 4891 1111 4954 per
1135 4873 1329 4953 peticionem
1354 4875 1459 4955 provi·

197 4977 312 5041 dorum
339 4978 480 5040 virorum
505 4977 655 5040 duximus
679 4979 926 5060 prorogandam.
