3876 5798
634 565 720 623 Anno
744 560 838 642 1448.
862 598 905 606 -
930 576 977 638 15.
1000 566 1109 623 martii.
1438 582 1505 642 455

245 777 402 862 prelatum
428 777 556 838 Petrum
574 777 734 837 literatum
759 795 920 856 supereo,
945 788 979 836 ut
995 777 1061 858 ipse
1087 775 1217 837 eosdem
1234 775 1324 836 XXV
1348 774 1420 836 flor.
1438 776 1508 837 auri

246 886 306 967 ipsi
331 885 423 945 Petro
448 883 573 944 literato
598 902 662 943 non
687 893 811 942 tenetur
836 901 894 943 nec
922 882 1094 962 obligatur,
1128 881 1189 943 hoc
1213 894 1320 943 tamen
1346 901 1508 964 expresso,

248 990 383 1071 quodsi
408 990 472 1071 ipse
497 988 651 1050 Nicolaus
675 986 834 1050 aurifaber
867 1007 906 1048 eo
931 1003 1005 1048 tunc
1030 989 1061 1048 in
1095 988 1147 1050 die
1183 989 1332 1050 videlicet
1364 988 1507 1070 predicta

247 1095 460 1179 deposicionis
484 1094 582 1176 ipsius
599 1095 767 1177 juramenti
797 1114 926 1176 presens
943 1113 1010 1154 esse
1035 1113 1099 1155 non
1129 1095 1270 1175 potuerit
1293 1093 1381 1176 quod
1402 1093 1506 1176 ipsum

247 1203 458 1284 juramentum
490 1201 550 1262 sibi
585 1200 684 1262 modo
716 1200 871 1281 premisso
896 1199 1113 1280 adjudicatum
1147 1201 1322 1282 deponeret
1353 1220 1409 1262 seu
1435 1221 1505 1283 pre·

247 1323 342 1371 staret
366 1323 397 1370 et
421 1307 458 1369 ad
483 1307 625 1388 aliquam
650 1307 734 1367 viam
760 1326 817 1388 pro
849 1307 1090 1368 necessitatibus
1114 1307 1178 1367 suis
1203 1306 1390 1388 peragendis
1421 1326 1506 1368 rece·

248 1416 346 1493 deret,
378 1415 442 1475 sine
474 1433 537 1494 qua
569 1413 619 1473 via
654 1412 744 1473 nullo
776 1412 875 1474 modo
906 1413 948 1474 ita
979 1411 1047 1475 fieri
1080 1427 1187 1494 posset
1221 1411 1309 1494 quod
1333 1431 1404 1473 eam
1439 1431 1505 1474 non

249 1536 415 1604 perageret
442 1539 498 1581 seu
530 1517 711 1602 perficeret,
742 1533 858 1581 extunc
889 1519 956 1600 ipse
988 1519 1141 1580 Nicolaus
1179 1519 1275 1600 judex
1308 1532 1379 1579 ante
1417 1519 1504 1579 diem

251 1647 391 1689 recessus
415 1625 458 1686 sui
484 1644 556 1687 cum
582 1625 662 1686 scitu
683 1624 807 1705 judicis,
826 1625 895 1706 ipso
912 1625 1010 1706 judici
1027 1624 1273 1701 manifestando,
1298 1625 1402 1706 ipsum
1420 1625 1501 1704 jura·

248 1748 395 1796 mentum
417 1732 512 1794 debet
535 1745 674 1812 prestare
699 1751 737 1793 eo
769 1731 879 1810 modo,
912 1732 999 1812 quod
1025 1732 1110 1813 ipsos
1133 1731 1223 1794 XXV
1255 1729 1325 1791 flor.
1349 1730 1416 1791 auri
1443 1731 1502 1812 ipsi

249 1843 342 1903 Petro
367 1841 489 1902 literato
514 1859 578 1900 non
604 1839 765 1919 obligatur
789 1858 847 1899 nec
875 1853 1000 1899 tenetur
1024 1839 1123 1900 modo
1148 1837 1291 1918 aliquali.

339 2059 433 2130 Faria
462 2067 560 2130 sexta
587 2059 741 2146 proxima
769 2065 846 2148 post
873 2058 995 2130 iestum
1024 2057 1112 2128 beati
1142 2057 1291 2145 Gregorii
1320 2076 1415 2146 pape.

770 2209 833 2288 (15.
857 2208 981 2290 martia).

350 2354 427 2415 Item
453 2353 528 2414 licet
544 2352 733 2414 Valentinus
757 2350 841 2412 lilius
866 2351 1002 2412 condam
1024 2350 1153 2412 Thome
1170 2348 1318 2431 preconis
1342 2347 1406 2428 jam
1431 2348 1506 2408 bina

247 2461 313 2520 vire
339 2459 369 2519 in
397 2459 480 2540 turpi
513 2458 591 2519 ludo
624 2457 808 2518 taxillorum
841 2471 871 2518 et
900 2457 1038 2517 aliorum
1070 2454 1255 2516 illicitorum
1288 2453 1440 2514 ludorum
1473 2453 1506 2514 in

246 2578 367 2626 tantum
392 2579 438 2626 est
472 2579 647 2646 reppertus,
680 2563 767 2645 quod
799 2575 901 2624 vestes
934 2581 1047 2623 omnes
1070 2561 1110 2622 de
1134 2581 1166 2622 se
1191 2573 1222 2620 et
1252 2559 1330 2620 alias
1354 2579 1403 2620 res
1435 2577 1507 2620 suas

248 2672 381 2733 mobiles
404 2671 547 2752 perlusit,
573 2685 603 2732 et
619 2671 693 2732 licet
718 2690 775 2752 pro
801 2668 986 2730 huiusmodi
1003 2669 1067 2728 suis
1085 2665 1248 2728 maleficiis
1266 2686 1364 2727 manu
1387 2665 1506 2747 privari

247 2777 408 2838 debuisset
434 2777 472 2839 de
497 2777 575 2858 jure,
599 2791 707 2838 tamen
725 2776 800 2857 quia
824 2795 881 2857 per
897 2775 1069 2836 discretum
1094 2774 1199 2834 virum
1222 2773 1391 2833 dominum
1409 2771 1506 2832 Nico-

244 2885 332 2945 laum
355 2885 565 2965 presbiterum
584 2883 757 2965 plebanum
776 2897 807 2943 et
828 2883 928 2944 eciam
945 2900 1001 2962 per
1018 2880 1189 2941 discretum
1215 2879 1318 2940 virum
1337 2878 1505 2938 dominum

246 2989 448 3052 Clementem
473 2989 685 3072 presbiterum
710 2989 896 3070 magistrum
914 2987 1080 3068 hospitalis
1104 3005 1139 3047 ac
1156 2985 1257 3046 eciam
1282 3003 1338 3066 per
1362 2983 1505 3044 nobilem

244 3097 349 3156 virum
375 3095 543 3156 dominum
570 3096 732 3156 Andream
758 3095 911 3155 vicarium
936 3092 1147 3174 temporalem
1173 3091 1373 3172 episcopatus
1397 3109 1506 3170 zagra-

244 3203 363 3264 biensis
388 3203 418 3263 in
445 3201 594 3284 livanych
619 3217 649 3263 er
673 3203 741 3262 eius
757 3200 921 3283 provincia
947 3220 1001 3261 seu
1018 3199 1224 3282 pertinenciis
1248 3197 1457 3260 constitutum
1477 3209 1507 3258 et

243 3330 299 3391 per
323 3309 403 3371 alios
427 3309 534 3391 plures
559 3310 677 3390 probos
701 3321 732 3370 et
756 3308 907 3368 honestos
931 3307 1016 3366 viros
1044 3305 1137 3366 nobis
1160 3324 1218 3387 pro
1244 3302 1360 3366 eodem
1385 3303 1503 3364 Valen-

244 3417 311 3478 tino
337 3429 383 3478 est
406 3416 510 3477 taliter
534 3415 750 3496 supplicatum
768 3427 798 3476 et
823 3415 1041 3490 intercessum,
1066 3427 1099 3474 ut
1116 3412 1175 3472 sibi
1201 3431 1258 3493 pro
1283 3410 1413 3492 prelatis
1438 3412 1505 3471 suis

244 3521 409 3584 maleficiis
439 3522 578 3603 graciam
611 3535 641 3582 et
672 3519 923 3582 misericordiam
957 3517 1059 3580 facere
1092 3518 1313 3598 dignaremur3
1350 3515 1423 3577 ideo
1448 3535 1507 3576 nos

244 3629 463 3690 misericordia
488 3629 539 3690 dei
566 3628 644 3689 moti
669 3641 699 3688 et
723 3627 870 3708 precibus
894 3624 1112 3706 predictorum
1137 3623 1261 3684 domini
1288 3622 1413 3683 Nicolai
1438 3622 1505 3702 ple·

245 3736 318 3798 bani
348 3735 447 3796 nostri
473 3748 503 3796 et
527 3733 650 3796 domini
676 3733 853 3796 Clementis
874 3731 1014 3812 magistri
1040 3730 1205 3811 hospitalis
1222 3728 1321 3791 nostri
1347 3748 1382 3790 ac
1407 3728 1506 3808 ipsius

245 3843 368 3904 domini
394 3842 502 3902 vicarii
528 3861 676 3902 necnon
701 3841 836 3901 aliorum
870 3841 1043 3921 proborum
1070 3851 1100 3898 et
1131 3836 1340 3897 honestorum
1363 3835 1504 3896 virorum

245 3947 462 4030 predictorum
499 3947 640 4008 inclinati
674 3947 778 4008 eidem
811 3945 982 4006 Valentino
1020 3943 1160 4024 graciam
1192 3955 1223 4003 et
1254 3941 1506 4002 misericordiam

243 4055 341 4117 talem
376 4053 510 4114 lecimus
534 4073 593 4136 pro
625 4053 683 4114 hac
714 4053 793 4130 vice,
826 4065 860 4112 ut
891 4052 957 4133 ipse
983 4051 1021 4112 de
1055 4062 1160 4111 cetero
1185 4048 1261 4110 talia
1294 4046 1451 4108 maleficia
1475 4061 1505 4107 et

243 4160 422 4241 specialiter
445 4160 523 4220 tales
548 4159 642 4220 ludos
666 4158 850 4219 taxillorum
875 4170 906 4218 et
929 4157 990 4217 hiis
1013 4155 1134 4217 similes
1151 4154 1366 4236 turpitudines
1390 4153 1429 4213 de
1454 4172 1505 4213 ce-

244 4282 312 4328 tero
337 4287 401 4327 non
429 4264 524 4327 iaciat
547 4285 605 4326 nec
638 4277 807 4348 perpetret,
839 4263 893 4324 sed
920 4284 952 4325 se
977 4265 1015 4324 ab
1048 4263 1092 4322 eis
1117 4261 1250 4322 omnino
1283 4271 1451 4342 precaveat
1475 4272 1505 4319 et

244 4387 436 4456 compescat,
461 4374 515 4453 qui
540 4373 565 4432 si
591 4373 630 4433 de
656 4385 761 4432 cetero
788 4371 863 4432 talia
887 4371 938 4431 vel
962 4370 1023 4430 hiis
1039 4369 1156 4430 similia
1181 4367 1265 4428 mala
1291 4365 1371 4426 facta
1395 4364 1505 4426 lecerit

244 4496 274 4543 et
298 4480 525 4563 perpetraverit
556 4492 586 4541 et
619 4480 649 4539 in
676 4479 721 4540 eis
752 4489 917 4560 reppertus
949 4475 1053 4553 luerit,
1085 4487 1199 4536 extunc
1232 4492 1306 4534 mox
1331 4473 1416 4554 juxta
1448 4491 1505 4532 sua

244 4587 397 4648 demerita
422 4587 572 4669 punietur
594 4586 679 4668 juxta
704 4584 807 4667 legem
838 4599 868 4644 et
898 4583 1056 4664 justiciam
1090 4595 1231 4642 nostram
1256 4579 1504 4661 privilegiatam.

350 4694 426 4754 ltem
452 4693 527 4774 quia
545 4692 679 4773 provida
703 4691 818 4752 mulier
836 4690 936 4754 Elena
954 4689 1045 4750 aliter
1070 4688 1231 4770 Kussycza
1248 4699 1371 4764 vocata,
1395 4685 1504 4746 relicta

247 4801 384 4861 condam
400 4799 577 4861 Clementis
601 4798 763 4876 institoris,
781 4797 922 4858 concivis
938 4809 1054 4872 nostra,
1080 4809 1220 4854 nostram
1239 4793 1369 4853 veniens
1385 4792 1416 4852 in
1435 4811 1503 4873 pre-

246 4907 385 4967 senciam
410 4905 504 4966 nobis
526 4923 564 4964 eo
590 4904 687 4964 modo
712 4903 888 4982 significare
914 4901 1045 4974 curavit,
1070 4899 1157 4980 quod
1183 4899 1272 4960 litera
1297 4880 1504 4978 privilegialis

249 5011 366 5074 lactum
391 5009 557 5074 cuiusdam
583 5011 675 5072 vinee
708 5009 740 5070 in
768 5008 927 5070 territorio
959 5007 1093 5068 civitatis
1125 5004 1266 5087 predicte
1292 5004 1372 5064 inter
1395 5004 1504 5063 vineas
