3740 5810
420 515 461 596 96
792 515 992 590 Ann01421.
1015 546 1058 556 —
1083 526 1131 573 ιο.
1148 511 1307 588 junuarii.

421 727 529 809 pisset‚
554 727 641 789 etin
667 725 782 788 eodem
807 726 890 790 facto
918 726 1026 808 plures
1057 738 1152 788 testes
1175 724 1272 786 vicini
1305 724 1390 786 citati
1415 744 1473 806 pro
1497 721 1683 786 testimonio

421 834 538 913 testati,
563 845 668 895 essent
689 833 786 912 citati,
818 831 1020 895 concorditer
1050 831 1243 910 retulissent,
1273 831 1361 912 quod
1393 831 1514 892 eisdem
1540 829 1586 890 nil
1611 847 1682 888 con-

420 953 518 1002 staret
541 939 582 1000 de
613 952 714 1000 morte
746 938 819 1000 dicti
853 938 984 1014 Mathis,
1017 957 1072 1020 per
1105 956 1201 1019 quem
1226 950 1308 998 esset
1339 934 1541 1011 interiectns3
1567 933 1684 1015 quibus

421 1045 595 1128 propositis
619 1045 705 1108 idem
730 1044 883 1106 Nicolaus
906 1044 1131 1126 respondebat,
1156 1043 1245 1124 quod
1266 1043 1298 1104 in
1322 1043 1413 1106 totali
1437 1043 1570 1104 accione
1588 1040 1684 1122 ipsius

423 1152 540 1231 Sablre,
564 1171 676 1235 ymmo
701 1151 732 1212 in
758 1165 861 1214 morte
886 1151 985 1233 ipsius
1016 1149 1137 1212 Mathie
1162 1150 1316 1211 innocens
1333 1162 1414 1210 esset
1437 1148 1566 1231 penitus
1590 1160 1621 1208 et
1637 1145 1682 1206 in-

421 1258 539 1322 munis.
565 1257 692 1331 Quibus
716 1258 873 1340 perceptis
889 1257 982 1338 jurati
1004 1255 1239 1338 adjudicarunt,
1265 1270 1300 1318 ut
1317 1255 1403 1316 idem
1420 1253 1574 1316 Nicolaus
1599 1252 1685 1332 vige·

421 1365 504 1426 simo
530 1364 645 1445 quinto
661 1385 694 1427 se
712 1363 835 1426 civibus
852 1363 1095 1446 quintodecimo
1112 1361 1188 1443 (die)
1206 1361 1238 1423 in
1256 1381 1294 1422 eo
1311 1360 1527 1442 juramentum
1545 1371 1683 1440 prestare

422 1470 596 1549 tenebitur,
620 1470 709 1551 quod
734 1471 800 1552 ipse
825 1471 856 1531 in
882 1470 971 1532 totali
1004 1470 1134 1531 accione
1166 1469 1265 1550 ipsius
1290 1468 1394 1529 Sabke
1426 1467 1582 1527 innocens
1606 1476 1684 1526 esset

425 1575 457 1636 in
481 1588 584 1638 morte
608 1575 729 1637 Mathis
753 1576 911 1658 prenotati
935 1575 1053 1658 pariter
1077 1587 1109 1637 et
1134 1574 1285 1636 inmunis.

530 1682 608 1744 Item
633 1682 796 1744 incudem
815 1680 899 1744 facto
923 1681 1157 1763 adjudicarunt,
1174 1679 1287 1762 (quod)
1305 1679 1423 1740 Paulus
1440 1691 1472 1740 et
1495 1677 1685 1740 Dominicus

422 1787 479 1850 filii
504 1787 679 1867 Neueden,
711 1789 848 1869 quilibet
879 1801 968 1850 serto
999 1808 1031 1849 se
1066 1787 1190 1849 civibus
1221 1785 1464 1867 quintodecimo
1489 1784 1540 1845 die
1575 1797 1683 1845 contra

421 1895 558 1956 eandem
583 1893 722 1956 Sabkam
746 1893 907 1956 tenebitur
924 1907 1064 1977 prestare
1088 1892 1315 1974 juramentum,
1332 1891 1421 1973 quod
1445 1891 1504 1973 ipsi
1530 1890 1562 1950 in
1582 1901 1684 1950 morte

422 1999 498 2061 dicti
514 1999 634 2061 Mathis
653 2013 757 2061 essent
773 2001 973 2080 innocentes,
990 2019 1048 2062 nec
1066 1999 1105 2060 de
1124 1999 1223 2060 domo
1240 2017 1352 2060 eorum
1370 1993 1684 2058 fuissetinterfectus.

528 2105 606 2167 ltem
632 2105 823 2168 Benedictus
846 2125 920 2168 cum
944 2126 1000 2167 sua
1025 2117 1173 2167 consorte
1196 2105 1279 2166 trina
1312 2103 1381 2165 vice
1406 2103 1438 2164 in
1465 2101 1537 2163 foro
1562 2101 1683 2183 procla·

422 2212 499 2273 mati
524 2224 633 2273 contra
659 2211 849 2274 Michaelem
874 2211 977 2274 filiurn
1003 2211 1156 2294 Stephani
1182 2210 1314 2294 Caprini
1338 2230 1404 2272 non
1428 2221 1595 2287 venerunt,
1612 2206 1683 2268 ideo

423 2316 463 2377 ad
489 2317 684 2378 territorium
710 2317 805 2379 huius
828 2318 964 2379 civitatis
986 2318 1097 2380 venire
1121 2337 1187 2378 non
1211 2317 1360 2395 debeant,
1384 2329 1417 2378 ut
1441 2314 1536 2377 fures.

531 2423 610 2485 ltem
635 2423 667 2485 in
701 2443 795 2485 causa
826 2424 908 2486 inter
939 2423 1118 2486 Johannem
1143 2423 1283 2506 judicem
1315 2435 1346 2484 et
1369 2421 1535 2483 dominam
1569 2419 1684 2481 Kathe·

424 2529 526 2590 rinam
541 2529 684 2590 relictam
696 2529 893 2611 Sigismundi
907 2529 1000 2612 jurati
1021 2530 1256 2612 adjudicarunt,
1270 2541 1305 2590 ut
1318 2527 1403 2589 idem
1419 2527 1581 2589 lohannes
1590 2525 1683 2608 judex

425 2635 457 2695 in
482 2635 588 2717 primo
612 2635 732 2716 judicio
764 2637 923 2698 tenebitur
947 2635 1166 2698 demonstrare
1190 2648 1225 2697 ut
1256 2655 1366 2697 causas
1391 2679 1682 2698 ............

531 2740 609 2802 item
627 2741 711 2803 Mala
736 2740 851 2803 mulier
875 2761 1005 2804 consors
1029 2741 1176 2824 Dyonisii
1201 2754 1312 2802 contra
1336 2739 1527 2803 Michaelem
1553 2737 1682 2820 Caprini

425 2848 670 2928 quintodecimo
700 2847 776 2930 (die)
807 2849 968 2910 tenebitur
990 2861 1130 2931 prestare
1161 2847 1388 2929 juramentum,
1420 2846 1509 2929 quod
1542 2847 1574 2907 in
1598 2844 1683 2906 abla-

424 2954 516 3016 cione
540 2955 749 3037 pecuniarum
773 2954 849 3016 dicti
874 2954 1040 3018 Michaelis
1064 2955 1218 3017 innocens
1242 2967 1324 3016 esset
1346 2967 1378 3016 et
1401 2954 1552 3016 inmunis.

495 3171 591 3246 lena
620 3181 719 3246 sexta
746 3177 903 3264 proxima
930 3182 1008 3265 post
1034 3175 1157 3247 festum
1184 3171 1445 3264 Epiphaniaranr
1473 3173 1613 3245 Domini.

844 3339 927 3405 (anu.
951 3341 1040 3406 1421,
1063 3342 1113 3388 10.
1129 3329 1293 3404 sonuerit).

533 3464 610 3527 Item
627 3465 781 3526 Nicolaus
797 3465 984 3547 Bogdanich
1009 3480 1119 3529 contra
1143 3467 1311 3529 Elizabeth
1328 3467 1420 3529 aliter
1437 3467 1542 3530 Sablra
1558 3469 1684 3550 quinto·

418 3570 554 3632 'decimo
580 3570 631 3632 die
656 3569 735 3632 ferie
759 3572 855 3633 tercie
887 3571 1031 3654 proxime
1059 3587 1132 3634 ante
1165 3571 1282 3634 festum
1306 3575 1398 3635 beate
1430 3573 1569 3636 Barbare
1593 3593 1684 3635 suum

425 3675 642 3757 juramentum
659 3677 910 3759 suprascriptum
927 3678 1083 3760 vigesimo
1101 3680 1214 3760 quinto
1237 3699 1270 3741 se
1287 3679 1411 3742 civibus
1427 3679 1577 3764 deposuit
1591 3699 1684 3762 super

426 3801 476 3860 eo,
502 3781 590 3862 quod
615 3782 682 3864 ipse
706 3783 740 3844 in
764 3783 975 3866 suprascripta
1007 3783 1148 3865 accione,
1179 3785 1329 3848 videlicet
1351 3786 1384 3846 in
1419 3799 1522 3848 morte
1547 3785 1682 3847 condam

425 3886 546 3950 Mathie
570 3887 664 3968 jurati
696 3901 772 3950 tunc
804 3889 910 3951 mariti
937 3889 986 3951 sui
1018 3890 1172 3953 innocens
1196 3905 1278 3953 esset
1308 3877 1435 3973 penitus
1467 3905 1499 3954 et
1535 3893 1684 3970 inmunis,

427 3993 500 4055 ideo
525 3993 631 4076 ipsum
663 3994 835 4056 Nicolaum
866 4015 961 4078 super
992 3997 1146 4078 premissa
1177 3997 1308 4059 accione
1338 3999 1438 4080 ipsius
1469 3997 1575 4060 Sabke
1601 4018 1684 4061 com-

426 4098 572 4161 misimus
596 4099 791 4181 expeditum.

533 4205 612 4268 Item
636 4206 754 4268 Paulus
776 4219 807 4268 et
831 4207 1021 4269 Dominicus
1044 4207 1101 4269 filii
1126 4208 1292 4288 Neueden‚
1316 4209 1453 4290 quilibet
1474 4223 1563 4272 sexto
1588 4229 1622 4271 se
1646 4210 1685 4272 ci·

424 4311 517 4372 vibus
533 4312 777 4392 quintodecimo
801 4313 854 4374 die
876 4312 952 4374 ferie
977 4313 1072 4376 tercie
1097 4315 1241 4396 proxime
1263 4329 1337 4378 ante
1361 4315 1477 4380 festum
1501 4319 1594 4380 beate
1613 4319 1685 4381 Bar-

427 4417 502 4479 bare
526 4431 636 4479 contra
662 4418 829 4480 Elizabeth
854 4419 946 4482 aliter
971 4418 1109 4482 Sabkarn
1143 4421 1281 4484 condam
1306 4423 1426 4485 Mathis
1457 4423 1552 4505 jurati
1575 4426 1684 4507 presti-

425 4535 532 4584 terunt
563 4522 779 4604 juramentum
811 4544 906 4606 snper
937 4544 986 4602 eo,
1019 4526 1106 4606 quod
1137 4526 1196 4608 ipsi
1228 4528 1260 4588 in
1293 4528 1422 4590 accione
1457 4529 1556 4611 ipsius
1582 4531 1685 4593 Sablre

425 4628 547 4690 scilicet
578 4629 610 4690 in
643 4643 747 4691 morte
779 4629 854 4692 dicti
888 4629 1007 4692 Mathie
1039 4632 1225 4693 innocentes
1256 4634 1319 4696 sint
1349 4648 1380 4697 et
1410 4635 1581 4716 immunes,
1615 4638 1684 4698 ideo

427 4735 513 4816 ipsos
536 4734 568 4795 in
593 4735 708 4796 eodem
733 4734 817 4798 facto
841 4735 1061 4797 commisimus
1089 4738 1264 4820 expeditos.

533 4839 610 4902 Item
635 4840 738 4902 Katha
763 4861 843 4903 uxor
867 4841 981 4902 Briccii
1006 4841 1108 4903 Joffan
1129 4856 1218 4905 sexto
1242 4863 1275 4905 se
1300 4845 1450 4926 deposuit
1471 4845 1684 4926 juramentum

426 4964 595 5026 supereo,
621 4946 708 5027 quod
734 4947 802 5029 ipsa
827 4947 987 5040 inmorte
1012 4947 1166 5031 Stephani
1184 4949 1299 5012 literati
1325 4951 1356 5012 in
1381 4971 1446 5032 quo
1470 4971 1526 5034 per
1551 4952 1685 5014 Elenam
