3740 5810
456 561 514 620 ¹30
833 541 919 600 Anno
943 553 1034 618 1430.
1061 574 1100 583 —
1126 554 1153 598 1.
1177 539 1335 600 decembris.

450 755 622 816 dimisisset
638 753 848 836 possidendas
865 766 895 815 et
911 752 1219 834 quomodocumque
1237 753 1375 815 voluerit
1391 753 1619 836 disponendas,
1636 752 1706 814 ideo

450 880 509 922 nos
533 861 662 923 easdem
688 861 906 944 possessiones
929 873 961 922 et
984 861 1078 920 bona¹
1096 873 1193 940 atque
1216 879 1265 920 res
1297 858 1372 921 dicti
1398 859 1539 922 Ladislai
1563 860 1596 920 in
1620 859 1707 922 terri-

451 968 533 1028 torio
558 967 694 1028 civitatis
719 967 851 1040 habitas,
874 967 933 1048 ipsi
964 965 1128 1047 Stephano
1159 967 1258 1026 sutori
1295 966 1463 1027 statuimus
1487 986 1524 1027 ex
1547 966 1707 1047 premissis

449 1073 659 1155 possidendas
672 1088 703 1135 et
720 1073 1028 1154 quomodocumque
1045 1071 1184 1133 voluerit
1197 1071 1413 1154 disponendas
1429 1071 1515 1154 juxta
1532 1071 1706 1154 predictam

450 1180 651 1260 legacionem
673 1179 748 1242 dicti
774 1179 913 1240 Ladislai
939 1191 969 1239 et
993 1177 1219 1241 condicionem
1237 1177 1372 1239 civitatis
1396 1191 1561 1260 prenotate
1586 1180 1627 1239 ab
1652 1199 1704 1238 an·

448 1287 541 1367 tiquo
565 1286 787 1368 approbatam.

557 1391 634 1453 ltem
659 1389 752 1472 jurati
777 1390 1053 1472 adjudicaverunt,
1078 1389 1166 1471 quod
1192 1389 1310 1451 Paulus
1342 1389 1426 1451 filius
1450 1390 1606 1452 Anthonii
1633 1391 1709 1452 Jeri·

450 1493 576 1560 howich
601 1511 710 1559 contra
734 1496 940 1558 Valentinum
965 1494 1105 1576 juratum
1130 1496 1226 1558 debet
1241 1494 1346 1576 jurare
1370 1515 1573 1578 superatam
1593 1509 1708 1557 octavo

449 1605 501 1666 die
525 1623 620 1686 super
644 1623 694 1682 eo,
725 1615 760 1665 ut
790 1622 924 1684 peccora
950 1602 1025 1663 dicti
1052 1601 1213 1663 Valentini
1237 1601 1331 1682 jurati
1355 1601 1387 1663 in
1412 1602 1574 1683 segetibus
1609 1601 1707 1683 ipsius

448 1710 540 1774 Pauli
559 1711 590 1771 in
614 1729 667 1770 sex
691 1709 890 1790 quartalibus
915 1706 1066 1770 frumenti
1091 1708 1269 1790 dampnum
1293 1706 1451 1773 fecissent.

554 1815 633 1878 Item
657 1815 749 1896 jurati
774 1815 1048 1897 adjudicaverunt,
1081 1827 1115 1875 ut
1139 1813 1316 1895 Gregorius
1342 1813 1465 1894 juratus
1495 1813 1579 1876 filius
1605 1815 1706 1876 Bene·

450 1923 527 1985 dicti
563 1923 651 1984 solus
682 1921 778 1982 debet
808 1920 912 2002 jurare
945 1934 1058 1982 octavo
1090 1921 1143 1981 die
1175 1939 1270 2002 super
1297 1939 1385 1982 aram
1415 1941 1510 2004 super
1533 1941 1572 1982 eo
1597 1935 1707 1983 contra

450 2028 616 2090 dominam
650 2027 782 2088 Luciam
815 2040 996 2088 consortem
1026 2026 1147 2088 Vrbani
1178 2025 1283 2107 jurati,
1315 2040 1351 2088 ut
1373 2028 1432 2088 sub
1463 2027 1628 2089 seracione
1654 2047 1709 2087 seu

448 2134 627 2195 reclusione
659 2133 758 2215 ipsius
790 2132 939 2214 Gregorii
970 2132 1063 2214 jurati
1096 2133 1127 2194 in
1161 2132 1219 2194 illo
1250 2133 1337 2212 vino,
1369 2133 1458 2215 quod
1483 2132 1549 2215 ipsa
1573 2134 1706 2195 domina

450 2240 548 2302 Lucia
572 2253 603 2300 et
627 2240 693 2320 ipse
719 2239 867 2300 Vrbanus
891 2239 1024 2300 maritus
1040 2258 1116 2300 suus
1139 2253 1249 2300 contra
1266 2239 1406 2301 eundem
1423 2239 1619 2321 Gregorium
1636 2259 1710 2321 pro·

448 2349 589 2428 ponebat
606 2359 637 2407 et
652 2346 915 2428 prosequebatur,
929 2345 1054 2407 nullum
1070 2345 1248 2427 dampnum
1265 2345 1441 2408 estfactum
1460 2366 1565 2428 neque
1583 2347 1708 2408 illatum

447 2473 504 2535 per
528 2452 667 2514 eundem
693 2451 899 2533 Gregorium.
1313 2465 1318 2473 ’

553 2559 630 2621 ltem
655 2557 747 2640 jurati
771 2557 1046 2640 adjudicaverunt,
1071 2571 1106 2620 ut
1137 2558 1213 2640 quia
1238 2557 1356 2619 Paulus
1387 2556 1509 2640 juratus
1533 2558 1708 2620 modernus

448 2665 479 2725 id
511 2663 676 2745 fidedigno
706 2663 892 2725 testimonio
923 2682 1031 2724 coram
1063 2663 1156 2725 nobis
1187 2665 1220 2724 in
1252 2663 1372 2745 judicio
1405 2664 1640 2746 comprobavit,
1675 2675 1709 2724 ut

448 2771 640 2833 Benedictus
664 2769 785 2851 juratus
806 2769 967 2850 quandam
985 2783 1100 2830 terram
1118 2789 1207 2831 suam
1225 2769 1390 2848 arabilem,
1408 2789 1506 2851 quam
1530 2769 1591 2852 ipsi
1610 2769 1710 2831 Paulo

446 2891 591 2960 tempore
615 2876 774 2958 judicatus
798 2875 964 2937 Michaelis
988 2875 1167 2938 Sebastiani
1186 2875 1385 2954 vendiderat,
1409 2895 1561 2939 revocare
1585 2876 1640 2937 vel
1665 2895 1710 2937 re·

447 2984 606 3065 captivare
623 3002 687 3044 non
705 2995 820 3064 potest,
833 2982 889 3043 sed
902 2981 1037 3043 eandem
1054 2995 1170 3043 terram
1187 2981 1273 3063 juxta
1291 2981 1467 3064 predictam
1481 2981 1707 3044 vendicionem

447 3089 591 3151 eiusdem
619 3087 784 3150 Benedicti
809 3087 902 3170 jurati
927 3087 986 3170 ipsi
1012 3087 1113 3149 Paulo
1144 3087 1248 3170 jurato
1279 3100 1458 3150 statuerunt
1480 3087 1653 3149 emendam
1678 3100 1708 3148 et

447 3196 506 3277 ipsi
532 3195 707 3257 Benedicto
731 3193 835 3276 jurato
861 3192 999 3256 finaliter
1022 3194 1280 3276 persolvendam.

513 3428 610 3503 Faria
638 3437 738 3504 sexta
766 3433 921 3521 proxima
948 3438 1025 3522 post
1053 3432 1177 3505 festum
1205 3433 1294 3504 beati
1322 3391 1637 3521 tndree'apostolr.

959 3589 1000 3660 (r.
1023 3587 1197 3664 decenbris).

552 3727 630 3788 Item
655 3727 729 3808 quia
754 3727 887 3788 domina
913 3727 1010 3788 Lucia
1043 3727 1152 3790 relicta
1177 3728 1314 3789 condam
1340 3725 1435 3788 Blasii
1460 3726 1597 3809 Frawyu
1624 3743 1708 3788 nunc

446 3853 576 3895 consors
600 3834 721 3894 Vrbani
739 3833 831 3914 jurati
854 3831 911 3893 filii
936 3833 1077 3915 Mathye,
1102 3833 1318 3912 juramentum
1337 3830 1495 3914 Gregorio
1519 3831 1625 3912 jurato
1642 3831 1708 3894 filio

447 3939 611 4002 Benedicti
637 3937 771 4000 infacto
797 3951 827 4000 et
851 3958 945 4000 causa
962 3939 1129 4000 cuiusdam
1153 3939 1235 4000 vasis
1252 3939 1317 4000 vini
1342 3957 1398 4020 per
1422 3939 1522 4020 ipsam
1540 3937 1707 4000 dominam

447 4047 578 4107 Luciam
604 4046 769 4127 proposito
795 4043 825 4107 et
850 4045 989 4124 actitato,
1014 4045 1102 4126 quod
1123 4045 1244 4107 scilicet
1260 4044 1476 4124 juramentum
1499 4064 1556 4128 per
1579 4043 1706 4126 adjudi-

445 4152 611 4213 cacionem
636 4151 813 4232 juratorum
838 4171 923 4212 nunc
945 4163 1084 4232 prestare
1101 4151 1250 4226 debebat,
1274 4169 1330 4232 per
1353 4149 1547 4232 peticionem
1565 4150 1707 4232 plurium

446 4255 681 4338 fidedignorum
707 4257 849 4318 virorum
875 4255 1027 4318 relaxavit
1051 4256 1155 4336 ipsum
1181 4255 1374 4336 Gregorium
1407 4275 1503 4338 super
1526 4255 1596 4337 ipso
1627 4255 1707 4338 iura·

445 4377 555 4426 mento
579 4377 609 4424 et
633 4362 717 4426 facto
741 4383 778 4425 ac
810 4383 904 4425 causa
936 4363 1011 4424 dicti
1036 4363 1119 4424 vasis
1148 4363 1213 4423 vini
1246 4362 1432 4444 expeditum
1463 4361 1708 4438 committendo,

446 4470 584 4551 ideoque
616 4471 682 4552 ipse
707 4469 883 4551 Gregorius
918 4468 1038 4544 iuratus
1062 4470 1094 4530 in
1127 4487 1368 4551 recompensam
1400 4468 1476 4530 dicti
1509 4466 1584 4530 facti
1610 4469 1707 4551 ipsius

444 4577 576 4638 domine
604 4577 713 4654 Lucie,
738 4576 844 4637 eidem
876 4575 1007 4636 domine
1041 4575 1139 4636 Lucie
1171 4575 1285 4656 viginti
1310 4574 1391 4637 duos
1423 4593 1496 4637 cum
1520 4575 1631 4637 medio
1655 4593 1705 4636 cu·

444 4683 538 4744 bulos
562 4680 725 4758 frumenti,
750 4683 867 4763 quibus
899 4681 1011 4743 eadem
1045 4681 1177 4743 domina
1202 4681 1300 4743 Lucia
1334 4681 1393 4762 ipsi
1419 4679 1577 4762 Gregorio
1603 4679 1705 4761 jurato

444 4808 503 4871 pro
528 4789 672 4869 terragiis
696 4787 852 4850 debitoris
877 4788 1091 4870 obligabatur,
1125 4789 1226 4850 eciam
1259 4787 1382 4848 dimisit
1413 4799 1445 4849 et
1467 4787 1603 4849 omnino
1628 4785 1705 4849 rela-

444 4896 530 4956 xavit
554 4896 655 4976 ipsam
680 4915 775 4976 super
807 4895 927 4956 eisdem
961 4895 1087 4957 cubulis
1119 4893 1269 4956 frumenti
1303 4893 1446 4976 quietam
1469 4893 1597 4976 penitus
1623 4911 1705 4956 com-

445 5000 614 5061 mittendo.
