<?xml version="1.0" encoding="UTF-8"?>
<!DOCTYPE html PUBLIC "-//W3C//DTD XHTML 1.0 Transitional//EN"
    "http://www.w3.org/TR/xhtml1/DTD/xhtml1-transitional.dtd">
<html xmlns="http://www.w3.org/1999/xhtml" xml:lang="en" lang="en">
 <head>
  <title>
</title>
<meta http-equiv="Content-Type" content="text/html;charset=utf-8" />
  <meta name='ocr-system' content='tesseract 3.04.00' />
  <meta name='ocr-capabilities' content='ocr_page ocr_carea ocr_par ocr_line ocrx_word'/>
</head>
<body>
  <div class='ocr_page' id='page_1' title='image "./monumentahistor14laszgoog_0069.png"; bbox 0 0 3852 5820; ppageno 0'>
   <div class='ocr_carea' id='block_1_1' title="bbox 528 1548 1172 1651">
    <p class='ocr_par' dir='ltr' id='par_1_1' title="bbox 528 1548 1172 1651">
     <span class='ocr_line' id='line_1_1' title="bbox 528 1548 1172 1651; baseline -0.014 -3"><span class='ocrx_word' id='word_1_1' title='bbox 528 1551 676 1648; x_wconf 80' lang='lat' dir='ltr'>(Anno</span> <span class='ocrx_word' id='word_1_2' title='bbox 705 1549 887 1643; x_wconf 90' lang='lat' dir='ltr'>Domini</span> <span class='ocrx_word' id='word_1_3' title='bbox 913 1548 1172 1651; x_wconf 72' lang='lat' dir='ltr'>mcccxv.)</span> 
     </span>
    </p>
   </div>
   <div class='ocr_carea' id='block_1_2' title="bbox 214 1849 1477 1934">
    <p class='ocr_par' dir='ltr' id='par_1_2' title="bbox 214 1849 1477 1934">
     <span class='ocr_line' id='line_1_2' title="bbox 214 1849 1477 1934; baseline -0.001 -20"><span class='ocrx_word' id='word_1_4' title='bbox 214 1899 1436 1918; x_wconf 90' lang='grc'><strong>.......................</strong></span> <span class='ocrx_word' id='word_1_5' title='bbox 1452 1849 1477 1934; x_wconf 82' lang='grc'>·)</span> 
     </span>
    </p>
   </div>
   <div class='ocr_carea' id='block_1_3' title="bbox 213 2011 1478 2734">
    <p class='ocr_par' dir='ltr' id='par_1_3' title="bbox 213 2011 1478 2308">
     <span class='ocr_line' id='line_1_3' title="bbox 319 2011 1478 2096; baseline -0.001 -21"><span class='ocrx_word' id='word_1_6' title='bbox 319 2013 398 2075; x_wconf 86' lang='lat' dir='ltr'>ltem</span> <span class='ocrx_word' id='word_1_7' title='bbox 422 2013 616 2076; x_wconf 84' lang='lat' dir='ltr'>Benedictus</span> <span class='ocrx_word' id='word_1_8' title='bbox 652 2013 754 2075; x_wconf 93' lang='lat' dir='ltr'>cultor</span> <span class='ocrx_word' id='word_1_9' title='bbox 787 2027 896 2075; x_wconf 86' lang='lat' dir='ltr'>contra</span> <span class='ocrx_word' id='word_1_10' title='bbox 921 2012 1098 2096; x_wconf 87' lang='lat' dir='ltr'>Elyzabeth</span> <span class='ocrx_word' id='word_1_11' title='bbox 1126 2012 1271 2074; x_wconf 84' lang='lat' dir='ltr'>relictam</span> <span class='ocrx_word' id='word_1_12' title='bbox 1308 2011 1478 2074; x_wconf 85' lang='lat' dir='ltr'>Staniberlr</span> 
     </span>
     <span class='ocr_line' id='line_1_4' title="bbox 213 2117 1477 2203; baseline 0 -23"><span class='ocrx_word' id='word_1_13' title='bbox 213 2120 246 2181; x_wconf 89' lang='lat' dir='ltr'>in</span> <span class='ocrx_word' id='word_1_14' title='bbox 259 2117 346 2181; x_wconf 84' lang='lat' dir='ltr'>facto</span> <span class='ocrx_word' id='word_1_15' title='bbox 358 2119 524 2181; x_wconf 88' lang='lat' dir='ltr'>effusionis</span> <span class='ocrx_word' id='word_1_16' title='bbox 540 2119 705 2201; x_wconf 75' lang='lat' dir='ltr'>sanguinis</span> <span class='ocrx_word' id='word_1_17' title='bbox 721 2121 754 2181; x_wconf 89' lang='lat' dir='ltr'>in</span> <span class='ocrx_word' id='word_1_18' title='bbox 778 2120 928 2203; x_wconf 80' lang='lat' dir='ltr'>byrsagio</span> <span class='ocrx_word' id='word_1_19' title='bbox 945 2119 1058 2202; x_wconf 79' lang='lat' dir='ltr'>viginti</span> <span class='ocrx_word' id='word_1_20' title='bbox 1076 2138 1255 2182; x_wconf 88' lang='lat' dir='ltr'>marcarum</span> <span class='ocrx_word' id='word_1_21' title='bbox 1273 2117 1477 2182; x_wconf 89' lang='lat' dir='ltr'>denariorum</span> 
     </span>
     <span class='ocr_line' id='line_1_5' title="bbox 214 2225 1182 2308; baseline 0 -22"><span class='ocrx_word' id='word_1_22' title='bbox 214 2239 245 2288; x_wconf 91' lang='lat' dir='ltr'>et</span> <span class='ocrx_word' id='word_1_23' title='bbox 269 2225 369 2308; x_wconf 89' lang='lat' dir='ltr'>judici</span> <span class='ocrx_word' id='word_1_24' title='bbox 393 2226 427 2287; x_wconf 87' lang='lat' dir='ltr'>iu</span> <span class='ocrx_word' id='word_1_25' title='bbox 451 2239 580 2288; x_wconf 88' lang='lat' dir='ltr'>centurn</span> <span class='ocrx_word' id='word_1_26' title='bbox 604 2225 743 2288; x_wconf 84' lang='lat' dir='ltr'>denariis</span> <span class='ocrx_word' id='word_1_27' title='bbox 767 2227 859 2288; x_wconf 88' lang='lat' dir='ltr'>novis</span> <span class='ocrx_word' id='word_1_28' title='bbox 882 2227 1047 2290; x_wconf 85' lang='lat' dir='ltr'>convictus</span> <span class='ocrx_word' id='word_1_29' title='bbox 1070 2225 1182 2288; x_wconf 82' lang='lat' dir='ltr'>extitit.</span> 
     </span>
    </p>

    <p class='ocr_par' dir='ltr' id='par_1_4' title="bbox 213 2329 1478 2520">
     <span class='ocr_line' id='line_1_6' title="bbox 319 2329 1478 2416; baseline -0.001 -23"><span class='ocrx_word' id='word_1_30' title='bbox 319 2331 397 2394; x_wconf 88' lang='lat' dir='ltr'>ltem</span> <span class='ocrx_word' id='word_1_31' title='bbox 416 2332 529 2394; x_wconf 88' lang='lat' dir='ltr'>Petrus</span> <span class='ocrx_word' id='word_1_32' title='bbox 552 2333 738 2416; x_wconf 87' lang='lat' dir='ltr'>Zternyssce</span> <span class='ocrx_word' id='word_1_33' title='bbox 755 2346 864 2396; x_wconf 87' lang='lat' dir='ltr'>contra</span> <span class='ocrx_word' id='word_1_34' title='bbox 889 2334 1035 2396; x_wconf 85' lang='lat' dir='ltr'>Marcum</span> <span class='ocrx_word' id='word_1_35' title='bbox 1058 2329 1240 2394; x_wconf 85' lang='lat' dir='ltr'>carnificem</span> <span class='ocrx_word' id='word_1_36' title='bbox 1265 2329 1408 2394; x_wconf 87' lang='lat' dir='ltr'>secundo</span> <span class='ocrx_word' id='word_1_37' title='bbox 1433 2330 1478 2393; x_wconf 92' lang='lat' dir='ltr'>ci·</span> 
     </span>
     <span class='ocr_line' id='line_1_7' title="bbox 213 2438 600 2520; baseline 0.008 -22"><span class='ocrx_word' id='word_1_38' title='bbox 213 2450 296 2498; x_wconf 87' lang='lat' dir='ltr'>tatus</span> <span class='ocrx_word' id='word_1_39' title='bbox 320 2457 386 2499; x_wconf 91' lang='lat' dir='ltr'>non</span> <span class='ocrx_word' id='word_1_40' title='bbox 410 2438 600 2520; x_wconf 80' lang='lat' dir='ltr'>comparuit.</span> 
     </span>
    </p>

    <p class='ocr_par' dir='ltr' id='par_1_5' title="bbox 213 2541 1477 2734">
     <span class='ocr_line' id='line_1_8' title="bbox 318 2541 1477 2629; baseline 0.001 -25"><span class='ocrx_word' id='word_1_41' title='bbox 318 2543 398 2606; x_wconf 87' lang='lat' dir='ltr'>ltem</span> <span class='ocrx_word' id='word_1_42' title='bbox 414 2543 616 2626; x_wconf 75' lang='lat' dir='ltr'>Margaretha</span> <span class='ocrx_word' id='word_1_43' title='bbox 631 2545 801 2629; x_wconf 83' lang='lat' dir='ltr'>&#39;penestics</span> <span class='ocrx_word' id='word_1_44' title='bbox 818 2558 928 2610; x_wconf 84' lang='lat' dir='ltr'>contre</span> <span class='ocrx_word' id='word_1_45' title='bbox 945 2544 1152 2609; x_wconf 81' lang='lat' dir='ltr'>Valentinum</span> <span class='ocrx_word' id='word_1_46' title='bbox 1171 2541 1354 2606; x_wconf 84' lang='lat' dir='ltr'>carnificem</span> <span class='ocrx_word' id='word_1_47' title='bbox 1371 2542 1477 2626; x_wconf 90' lang='lat' dir='ltr'>primo</span> 
     </span>
     <span class='ocr_line' id='line_1_9' title="bbox 213 2650 609 2734; baseline 0.01 -24"><span class='ocrx_word' id='word_1_48' title='bbox 213 2650 306 2711; x_wconf 88' lang='lat' dir='ltr'>citata</span> <span class='ocrx_word' id='word_1_49' title='bbox 330 2669 396 2712; x_wconf 89' lang='lat' dir='ltr'>non</span> <span class='ocrx_word' id='word_1_50' title='bbox 420 2652 609 2734; x_wconf 76' lang='lat' dir='ltr'>comparuit.</span> 
     </span>
    </p>
   </div>
   <div class='ocr_carea' id='block_1_4' title="bbox 241 2847 1449 3070">
    <p class='ocr_par' dir='ltr' id='par_1_6' title="bbox 241 2847 1449 3070">
     <span class='ocr_line' id='line_1_10' title="bbox 241 2847 1449 2946; baseline 0.002 -23"><span class='ocrx_word' id='word_1_51' title='bbox 241 2847 336 2926; x_wconf 81' lang='lat' dir='ltr'>leria</span> <span class='ocrx_word' id='word_1_52' title='bbox 363 2859 463 2926; x_wconf 84' lang='lat' dir='ltr'>sexta</span> <span class='ocrx_word' id='word_1_53' title='bbox 490 2858 643 2944; x_wconf 83' lang='lat' dir='ltr'>proxima</span> <span class='ocrx_word' id='word_1_54' title='bbox 673 2864 750 2945; x_wconf 86' lang='lat' dir='ltr'>post</span> <span class='ocrx_word' id='word_1_55' title='bbox 778 2855 902 2928; x_wconf 80' lang='lat' dir='ltr'>testum</span> <span class='ocrx_word' id='word_1_56' title='bbox 931 2855 1160 2930; x_wconf 84' lang='lat' dir='ltr'>Decolacionis</span> <span class='ocrx_word' id='word_1_57' title='bbox 1189 2855 1277 2928; x_wconf 85' lang='lat' dir='ltr'>beati</span> <span class='ocrx_word' id='word_1_58' title='bbox 1307 2855 1449 2946; x_wconf 82' lang='lat' dir='ltr'>joannis</span> 
     </span>
     <span class='ocr_line' id='line_1_11' title="bbox 767 2979 929 3070; baseline 0.006 -19"><span class='ocrx_word' id='word_1_59' title='bbox 767 2979 929 3070; x_wconf 75' lang='lat' dir='ltr'>Baptista</span> 
     </span>
    </p>
   </div>
   <div class='ocr_carea' id='block_1_5' title="bbox 735 3131 964 3210">
    <p class='ocr_par' dir='ltr' id='par_1_7' title="bbox 735 3131 964 3210">
     <span class='ocr_line' id='line_1_12' title="bbox 735 3131 964 3210; baseline 0.009 -18"><span class='ocrx_word' id='word_1_60' title='bbox 735 3131 800 3210; x_wconf 83' lang='lat'>(30.</span> <span class='ocrx_word' id='word_1_61' title='bbox 824 3135 964 3210; x_wconf 70' lang='lat' dir='ltr'>augutu).</span> 
     </span>
    </p>
   </div>
   <div class='ocr_carea' id='block_1_6' title="bbox 213 3269 1476 4416">
    <p class='ocr_par' dir='ltr' id='par_1_8' title="bbox 215 3269 1476 3461">
     <span class='ocr_line' id='line_1_13' title="bbox 319 3269 1476 3355; baseline 0.003 -23"><span class='ocrx_word' id='word_1_62' title='bbox 319 3271 399 3334; x_wconf 90' lang='lat' dir='ltr'>ltem</span> <span class='ocrx_word' id='word_1_63' title='bbox 423 3272 563 3334; x_wconf 86' lang='lat' dir='ltr'>loannes</span> <span class='ocrx_word' id='word_1_64' title='bbox 585 3269 676 3334; x_wconf 87' lang='lat' dir='ltr'>faber</span> <span class='ocrx_word' id='word_1_65' title='bbox 693 3285 803 3336; x_wconf 86' lang='lat' dir='ltr'>contra</span> <span class='ocrx_word' id='word_1_66' title='bbox 820 3273 945 3336; x_wconf 85' lang='lat' dir='ltr'>Franch</span> <span class='ocrx_word' id='word_1_67' title='bbox 967 3273 1125 3336; x_wconf 89' lang='lat' dir='ltr'>decanum</span> <span class='ocrx_word' id='word_1_68' title='bbox 1142 3272 1248 3355; x_wconf 90' lang='lat' dir='ltr'>primo</span> <span class='ocrx_word' id='word_1_69' title='bbox 1272 3272 1387 3335; x_wconf 87' lang='lat' dir='ltr'>citatus</span> <span class='ocrx_word' id='word_1_70' title='bbox 1410 3291 1476 3335; x_wconf 90' lang='lat' dir='ltr'>non</span> 
     </span>
     <span class='ocr_line' id='line_1_14' title="bbox 215 3379 405 3461; baseline 0.011 -22"><span class='ocrx_word' id='word_1_71' title='bbox 215 3379 405 3461; x_wconf 86' lang='lat' dir='ltr'>comparuit.</span> 
     </span>
    </p>

    <p class='ocr_par' dir='ltr' id='par_1_9' title="bbox 213 3483 1476 4416">
     <span class='ocr_line' id='line_1_15' title="bbox 320 3483 1476 3568; baseline 0.002 -22"><span class='ocrx_word' id='word_1_72' title='bbox 320 3484 399 3547; x_wconf 89' lang='lat' dir='ltr'>ltem</span> <span class='ocrx_word' id='word_1_73' title='bbox 423 3484 498 3567; x_wconf 84' lang='lat' dir='ltr'>quia</span> <span class='ocrx_word' id='word_1_74' title='bbox 531 3484 723 3548; x_wconf 83' lang='lat' dir='ltr'>Benedictus</span> <span class='ocrx_word' id='word_1_75' title='bbox 753 3483 841 3548; x_wconf 90' lang='lat' dir='ltr'>filius</span> <span class='ocrx_word' id='word_1_76' title='bbox 874 3485 958 3548; x_wconf 83' lang='lat' dir='ltr'>lwan</span> <span class='ocrx_word' id='word_1_77' title='bbox 994 3484 1034 3548; x_wconf 90' lang='lat' dir='ltr'>de</span> <span class='ocrx_word' id='word_1_78' title='bbox 1067 3484 1215 3568; x_wconf 86' lang='lat' dir='ltr'>Gorycha</span> <span class='ocrx_word' id='word_1_79' title='bbox 1242 3485 1274 3546; x_wconf 92' lang='lat' dir='ltr'>in</span> <span class='ocrx_word' id='word_1_80' title='bbox 1306 3483 1476 3548; x_wconf 86' lang='lat' dir='ltr'>manifesto</span> 
     </span>
     <span class='ocr_line' id='line_1_16' title="bbox 215 3589 1475 3678; baseline 0 -24"><span class='ocrx_word' id='word_1_81' title='bbox 215 3591 310 3654; x_wconf 88' lang='lat' dir='ltr'>unius</span> <span class='ocrx_word' id='word_1_82' title='bbox 334 3611 416 3674; x_wconf 86' lang='lat' dir='ltr'>eque</span> <span class='ocrx_word' id='word_1_83' title='bbox 441 3591 526 3654; x_wconf 88' lang='lat' dir='ltr'>Petri</span> <span class='ocrx_word' id='word_1_84' title='bbox 550 3591 607 3654; x_wconf 90' lang='lat' dir='ltr'>lilii</span> <span class='ocrx_word' id='word_1_85' title='bbox 633 3592 718 3654; x_wconf 87' lang='lat' dir='ltr'>lwan</span> <span class='ocrx_word' id='word_1_86' title='bbox 751 3591 919 3678; x_wconf 87' lang='lat' dir='ltr'>Jwreuych</span> <span class='ocrx_word' id='word_1_87' title='bbox 952 3591 993 3655; x_wconf 91' lang='lat' dir='ltr'>de</span> <span class='ocrx_word' id='word_1_88' title='bbox 1021 3590 1107 3655; x_wconf 86' lang='lat' dir='ltr'>Gora</span> <span class='ocrx_word' id='word_1_89' title='bbox 1140 3589 1303 3654; x_wconf 86' lang='lat' dir='ltr'>lurticinio</span> <span class='ocrx_word' id='word_1_90' title='bbox 1329 3611 1475 3654; x_wconf 89' lang='lat' dir='ltr'>necnon</span> 
     </span>
     <span class='ocr_line' id='line_1_17' title="bbox 216 3697 1474 3782; baseline 0 -22"><span class='ocrx_word' id='word_1_91' title='bbox 216 3699 246 3760; x_wconf 92' lang='lat' dir='ltr'>in</span> <span class='ocrx_word' id='word_1_92' title='bbox 280 3697 515 3780; x_wconf 75' lang='lat' dir='ltr'>exploratorem</span> <span class='ocrx_word' id='word_1_93' title='bbox 547 3697 706 3760; x_wconf 85' lang='lat' dir='ltr'>aTurcis</span> <span class='ocrx_word' id='word_1_94' title='bbox 736 3719 830 3782; x_wconf 88' lang='lat' dir='ltr'>super</span> <span class='ocrx_word' id='word_1_95' title='bbox 863 3697 1125 3760; x_wconf 83' lang='lat' dir='ltr'>christianitatem</span> <span class='ocrx_word' id='word_1_96' title='bbox 1157 3712 1317 3780; x_wconf 82' lang='lat' dir='ltr'>repertus,</span> <span class='ocrx_word' id='word_1_97' title='bbox 1350 3697 1474 3760; x_wconf 90' lang='lat' dir='ltr'>notorie</span> 
     </span>
     <span class='ocr_line' id='line_1_18' title="bbox 214 3801 1476 3887; baseline 0 -21"><span class='ocrx_word' id='word_1_98' title='bbox 214 3819 245 3866; x_wconf 93' lang='lat' dir='ltr'>et</span> <span class='ocrx_word' id='word_1_99' title='bbox 266 3803 396 3886; x_wconf 88' lang='lat' dir='ltr'>publice</span> <span class='ocrx_word' id='word_1_100' title='bbox 420 3817 564 3887; x_wconf 86' lang='lat' dir='ltr'>repertus</span> <span class='ocrx_word' id='word_1_101' title='bbox 587 3801 648 3866; x_wconf 88' lang='lat' dir='ltr'>fuit</span> <span class='ocrx_word' id='word_1_102' title='bbox 671 3818 702 3866; x_wconf 90' lang='lat' dir='ltr'>et</span> <span class='ocrx_word' id='word_1_103' title='bbox 725 3806 955 3887; x_wconf 81' lang='lat' dir='ltr'>opprobratus,</span> <span class='ocrx_word' id='word_1_104' title='bbox 978 3804 1108 3866; x_wconf 85' lang='lat' dir='ltr'>tandem</span> <span class='ocrx_word' id='word_1_105' title='bbox 1133 3805 1263 3887; x_wconf 89' lang='lat' dir='ltr'>proprio</span> <span class='ocrx_word' id='word_1_106' title='bbox 1287 3824 1343 3867; x_wconf 92' lang='lat' dir='ltr'>ore</span> <span class='ocrx_word' id='word_1_107' title='bbox 1375 3802 1476 3866; x_wconf 85' lang='lat' dir='ltr'>fassus</span> 
     </span>
     <span class='ocr_line' id='line_1_19' title="bbox 213 3909 1475 3994; baseline 0.001 -23"><span class='ocrx_word' id='word_1_108' title='bbox 213 3926 278 3972; x_wconf 85' lang='lat' dir='ltr'>tam</span> <span class='ocrx_word' id='word_1_109' title='bbox 302 3909 342 3972; x_wconf 93' lang='lat' dir='ltr'>de</span> <span class='ocrx_word' id='word_1_110' title='bbox 367 3929 449 3992; x_wconf 88' lang='lat' dir='ltr'>equa</span> <span class='ocrx_word' id='word_1_111' title='bbox 473 3923 539 3972; x_wconf 92' lang='lat' dir='ltr'>tsm</span> <span class='ocrx_word' id='word_1_112' title='bbox 569 3923 665 3994; x_wconf 92' lang='lat' dir='ltr'>prout</span> <span class='ocrx_word' id='word_1_113' title='bbox 689 3909 806 3972; x_wconf 87' lang='lat' dir='ltr'>Turcis</span> <span class='ocrx_word' id='word_1_114' title='bbox 837 3909 932 3972; x_wconf 89' lang='lat' dir='ltr'>fidem</span> <span class='ocrx_word' id='word_1_115' title='bbox 966 3924 997 3972; x_wconf 90' lang='lat' dir='ltr'>et</span> <span class='ocrx_word' id='word_1_116' title='bbox 1025 3909 1171 3972; x_wconf 90' lang='lat' dir='ltr'>Ladkoni</span> <span class='ocrx_word' id='word_1_117' title='bbox 1204 3909 1236 3972; x_wconf 92' lang='lat' dir='ltr'>in</span> <span class='ocrx_word' id='word_1_118' title='bbox 1260 3928 1396 3992; x_wconf 88' lang='lat' dir='ltr'>persona</span> <span class='ocrx_word' id='word_1_119' title='bbox 1420 3929 1475 3972; x_wconf 86' lang='lat' dir='ltr'>eo·</span> 
     </span>
     <span class='ocr_line' id='line_1_20' title="bbox 214 4011 1470 4098; baseline 0.002 -21"><span class='ocrx_word' id='word_1_120' title='bbox 214 4014 360 4077; x_wconf 88' lang='lat' dir='ltr'>rumdem</span> <span class='ocrx_word' id='word_1_121' title='bbox 385 4016 570 4078; x_wconf 90' lang='lat' dir='ltr'>Turcorum</span> <span class='ocrx_word' id='word_1_122' title='bbox 594 4029 808 4098; x_wconf 76' lang='lat' dir='ltr'>assumpserat</span> <span class='ocrx_word' id='word_1_123' title='bbox 832 4029 863 4078; x_wconf 87' lang='lat' dir='ltr'>et</span> <span class='ocrx_word' id='word_1_124' title='bbox 886 4011 1028 4094; x_wconf 80' lang='lat' dir='ltr'>dederat,</span> <span class='ocrx_word' id='word_1_125' title='bbox 1060 4015 1135 4077; x_wconf 89' lang='lat' dir='ltr'>ideo</span> <span class='ocrx_word' id='word_1_126' title='bbox 1160 4015 1254 4098; x_wconf 88' lang='lat' dir='ltr'>jurati</span> <span class='ocrx_word' id='word_1_127' title='bbox 1278 4013 1470 4096; x_wconf 80' lang='lat' dir='ltr'>judicarunt,</span> 
     </span>
     <span class='ocr_line' id='line_1_21' title="bbox 215 4121 1473 4206; baseline 0 -23"><span class='ocrx_word' id='word_1_128' title='bbox 215 4135 248 4183; x_wconf 94' lang='lat' dir='ltr'>ut</span> <span class='ocrx_word' id='word_1_129' title='bbox 272 4141 331 4205; x_wconf 91' lang='lat' dir='ltr'>pro</span> <span class='ocrx_word' id='word_1_130' title='bbox 355 4121 440 4184; x_wconf 88' lang='lat' dir='ltr'>lurto</span> <span class='ocrx_word' id='word_1_131' title='bbox 465 4123 505 4184; x_wconf 88' lang='lat' dir='ltr'>sd</span> <span class='ocrx_word' id='word_1_132' title='bbox 530 4121 677 4184; x_wconf 90' lang='lat' dir='ltr'>eculeum</span> <span class='ocrx_word' id='word_1_133' title='bbox 703 4123 796 4204; x_wconf 80' lang='lat' dir='ltr'>ligari</span> <span class='ocrx_word' id='word_1_134' title='bbox 828 4135 860 4184; x_wconf 91' lang='lat' dir='ltr'>et</span> <span class='ocrx_word' id='word_1_135' title='bbox 883 4142 939 4206; x_wconf 90' lang='lat' dir='ltr'>per</span> <span class='ocrx_word' id='word_1_136' title='bbox 970 4122 1150 4205; x_wconf 87' lang='lat' dir='ltr'>predictum</span> <span class='ocrx_word' id='word_1_137' title='bbox 1175 4121 1304 4184; x_wconf 89' lang='lat' dir='ltr'>Petrum</span> <span class='ocrx_word' id='word_1_138' title='bbox 1330 4123 1473 4205; x_wconf 87' lang='lat' dir='ltr'>personis</span> 
     </span>
     <span class='ocr_line' id='line_1_22' title="bbox 214 4227 1475 4311; baseline 0.002 -23"><span class='ocrx_word' id='word_1_139' title='bbox 214 4227 362 4290; x_wconf 91' lang='lat' dir='ltr'>videlicet</span> <span class='ocrx_word' id='word_1_140' title='bbox 386 4227 581 4291; x_wconf 89' lang='lat' dir='ltr'>duodecimo</span> <span class='ocrx_word' id='word_1_141' title='bbox 614 4247 648 4290; x_wconf 87' lang='lat' dir='ltr'>se</span> <span class='ocrx_word' id='word_1_142' title='bbox 679 4247 775 4310; x_wconf 89' lang='lat' dir='ltr'>super</span> <span class='ocrx_word' id='word_1_143' title='bbox 797 4228 903 4311; x_wconf 91' lang='lat' dir='ltr'>ipsum</span> <span class='ocrx_word' id='word_1_144' title='bbox 935 4227 1151 4310; x_wconf 89' lang='lat' dir='ltr'>juramentum</span> <span class='ocrx_word' id='word_1_145' title='bbox 1175 4229 1319 4310; x_wconf 87' lang='lat' dir='ltr'>prestari,</span> <span class='ocrx_word' id='word_1_146' title='bbox 1344 4240 1375 4291; x_wconf 92' lang='lat' dir='ltr'>et</span> <span class='ocrx_word' id='word_1_147' title='bbox 1404 4248 1475 4311; x_wconf 89' lang='lat' dir='ltr'>pre·</span> 
     </span>
     <span class='ocr_line' id='line_1_23' title="bbox 214 4333 1078 4416; baseline 0.003 -21"><span class='ocrx_word' id='word_1_148' title='bbox 214 4335 287 4396; x_wconf 88' lang='lat' dir='ltr'>stito</span> <span class='ocrx_word' id='word_1_149' title='bbox 309 4334 490 4416; x_wconf 85' lang='lat' dir='ltr'>juramento</span> <span class='ocrx_word' id='word_1_150' title='bbox 515 4335 548 4396; x_wconf 92' lang='lat' dir='ltr'>in</span> <span class='ocrx_word' id='word_1_151' title='bbox 572 4335 719 4416; x_wconf 91' lang='lat' dir='ltr'>patibulo</span> <span class='ocrx_word' id='word_1_152' title='bbox 744 4333 898 4416; x_wconf 87' lang='lat' dir='ltr'>suspendi</span> <span class='ocrx_word' id='word_1_153' title='bbox 922 4347 1078 4398; x_wconf 88' lang='lat' dir='ltr'>teneatur.</span> 
     </span>
    </p>
   </div>
   <div class='ocr_carea' id='block_1_7' title="bbox 291 4531 1401 4770">
    <p class='ocr_par' dir='ltr' id='par_1_10' title="bbox 291 4531 1401 4770">
     <span class='ocr_line' id='line_1_24' title="bbox 291 4531 1401 4625; baseline -0.001 -17"><span class='ocrx_word' id='word_1_154' title='bbox 291 4531 388 4608; x_wconf 73' lang='lat' dir='ltr'>terta</span> <span class='ocrx_word' id='word_1_155' title='bbox 415 4543 514 4608; x_wconf 83' lang='lat' dir='ltr'>sexta</span> <span class='ocrx_word' id='word_1_156' title='bbox 542 4539 575 4606; x_wconf 93' lang='lat' dir='ltr'>in</span> <span class='ocrx_word' id='word_1_157' title='bbox 612 4536 731 4625; x_wconf 79' lang='lat' dir='ltr'>vigilia</span> <span class='ocrx_word' id='word_1_158' title='bbox 759 4536 837 4608; x_wconf 87' lang='lat' dir='ltr'>lestl</span> <span class='ocrx_word' id='word_1_159' title='bbox 875 4532 1105 4609; x_wconf 81' lang='lat' dir='ltr'>Eroltacionis</span> <span class='ocrx_word' id='word_1_160' title='bbox 1134 4543 1252 4608; x_wconf 85' lang='lat' dir='ltr'>sancte</span> <span class='ocrx_word' id='word_1_161' title='bbox 1280 4537 1401 4608; x_wconf 86' lang='lat' dir='ltr'>crucis.</span> 
     </span>
     <span class='ocr_line' id='line_1_25' title="bbox 701 4687 979 4770; baseline 0.007 -23"><span class='ocrx_word' id='word_1_162' title='bbox 701 4687 766 4769; x_wconf 80' lang='lat'>(13.</span> <span class='ocrx_word' id='word_1_163' title='bbox 789 4687 979 4770; x_wconf 63' lang='lat' dir='ltr'>septembres).</span> 
     </span>
    </p>
   </div>
   <div class='ocr_carea' id='block_1_8' title="bbox 220 4827 1475 5016">
    <p class='ocr_par' dir='ltr' id='par_1_11' title="bbox 220 4827 1475 5016">
     <span class='ocr_line' id='line_1_26' title="bbox 319 4827 1473 4912; baseline 0.002 -22"><span class='ocrx_word' id='word_1_164' title='bbox 319 4829 398 4891; x_wconf 88' lang='lat' dir='ltr'>Item</span> <span class='ocrx_word' id='word_1_165' title='bbox 424 4827 556 4890; x_wconf 90' lang='lat' dir='ltr'>domina</span> <span class='ocrx_word' id='word_1_166' title='bbox 580 4848 711 4892; x_wconf 84' lang='lat' dir='ltr'>consors</span> <span class='ocrx_word' id='word_1_167' title='bbox 736 4827 884 4910; x_wconf 77' lang='lat' dir='ltr'>Gregorii</span> <span class='ocrx_word' id='word_1_168' title='bbox 908 4829 1027 4891; x_wconf 86' lang='lat' dir='ltr'>Vsuras</span> <span class='ocrx_word' id='word_1_169' title='bbox 1060 4843 1171 4892; x_wconf 84' lang='lat' dir='ltr'>contra</span> <span class='ocrx_word' id='word_1_170' title='bbox 1195 4829 1370 4892; x_wconf 88' lang='lat' dir='ltr'>Martinum</span> <span class='ocrx_word' id='word_1_171' title='bbox 1394 4829 1473 4912; x_wconf 91' lang='lat' dir='ltr'>lapi·</span> 
     </span>
     <span class='ocr_line' id='line_1_27' title="bbox 220 4933 1475 5016; baseline 0.002 -20"><span class='ocrx_word' id='word_1_172' title='bbox 220 4933 318 4996; x_wconf 85' lang='lat' dir='ltr'>eidam</span> <span class='ocrx_word' id='word_1_173' title='bbox 344 4935 385 4996; x_wconf 91' lang='lat' dir='ltr'>ad</span> <span class='ocrx_word' id='word_1_174' title='bbox 409 4935 549 5016; x_wconf 89' lang='lat' dir='ltr'>primum</span> <span class='ocrx_word' id='word_1_175' title='bbox 574 4936 730 4998; x_wconf 88' lang='lat' dir='ltr'>iudicium</span> <span class='ocrx_word' id='word_1_176' title='bbox 754 4935 978 5000; x_wconf 88' lang='lat' dir='ltr'>testimonium</span> <span class='ocrx_word' id='word_1_177' title='bbox 994 4934 1171 5016; x_wconf 88' lang='lat' dir='ltr'>producere</span> <span class='ocrx_word' id='word_1_178' title='bbox 1196 4933 1301 5016; x_wconf 91' lang='lat' dir='ltr'>debet,</span> <span class='ocrx_word' id='word_1_179' title='bbox 1326 4933 1475 4998; x_wconf 88' lang='lat' dir='ltr'>videlicet</span> 
     </span>
    </p>
   </div>
   <div class='ocr_carea' id='block_1_9' title="bbox 318 5072 649 5142">
    <p class='ocr_par' dir='ltr' id='par_1_12' title="bbox 318 5072 649 5142">
     <span class='ocr_line' id='line_1_28' title="bbox 318 5072 649 5142; baseline 0.006 -17"><span class='ocrx_word' id='word_1_180' title='bbox 318 5072 332 5103; x_wconf 73' lang='lat'>⁸</span> <span class='ocrx_word' id='word_1_181' title='bbox 350 5075 490 5134; x_wconf 80' lang='lat' dir='ltr'>Pallidum,</span> <span class='ocrx_word' id='word_1_182' title='bbox 513 5075 649 5142; x_wconf 77' lang='lat' dir='ltr'>illegibile.</span> 
     </span>
    </p>
   </div>
   <div class='ocr_carea' id='block_1_10' title="bbox 0 0 1930 5820">
    <p class='ocr_par' dir='ltr' id='par_1_13' title="bbox 0 0 1930 5820">
     <span class='ocr_line' id='line_1_29' title="bbox 0 0 1930 5820; baseline 0 0"><span class='ocrx_word' id='word_1_183' title='bbox 0 0 1930 5820; x_wconf 95' lang='lat' dir='ltr'> </span> 
     </span>
    </p>
   </div>
  </div>
 </body>
</html>
