<?xml version="1.0" encoding="UTF-8"?>
<!DOCTYPE html PUBLIC "-//W3C//DTD XHTML 1.0 Transitional//EN"
    "http://www.w3.org/TR/xhtml1/DTD/xhtml1-transitional.dtd">
<html xmlns="http://www.w3.org/1999/xhtml" xml:lang="en" lang="en">
 <head>
  <title>
</title>
<meta http-equiv="Content-Type" content="text/html;charset=utf-8" />
  <meta name='ocr-system' content='tesseract 3.04.00' />
  <meta name='ocr-capabilities' content='ocr_page ocr_carea ocr_par ocr_line ocrx_word'/>
</head>
<body>
  <div class='ocr_page' id='page_1' title='image "./monumentahistor14laszgoog_0210.png"; bbox 0 0 3678 5800; ppageno 0'>
   <div class='ocr_carea' id='block_1_1' title="bbox 458 523 1296 602">
    <p class='ocr_par' dir='ltr' id='par_1_1' title="bbox 458 523 1296 602">
     <span class='ocr_line' id='line_1_1' title="bbox 458 523 1296 602; baseline 0.005 -20"><span class='ocrx_word' id='word_1_1' title='bbox 458 523 515 582; x_wconf 85' lang='lat'>162</span> <span class='ocrx_word' id='word_1_2' title='bbox 868 525 955 582; x_wconf 83' lang='lat' dir='ltr'>Anno</span> <span class='ocrx_word' id='word_1_3' title='bbox 978 540 1067 602; x_wconf 76' lang='lat'><em>1432.</em></span> <span class='ocrx_word' id='word_1_4' title='bbox 1095 559 1133 570; x_wconf 91' lang='lat'>—</span> <span class='ocrx_word' id='word_1_5' title='bbox 1157 539 1189 600; x_wconf 81' lang='lat'>9.</span> <span class='ocrx_word' id='word_1_6' title='bbox 1213 525 1296 586; x_wconf 82' lang='lat' dir='ltr'>maii.</span> 
     </span>
    </p>
   </div>
   <div class='ocr_carea' id='block_1_2' title="bbox 453 735 1717 1460">
    <p class='ocr_par' dir='ltr' id='par_1_2' title="bbox 453 735 1717 1460">
     <span class='ocr_line' id='line_1_2' title="bbox 456 735 1716 814; baseline -0.002 -16"><span class='ocrx_word' id='word_1_7' title='bbox 456 737 599 798; x_wconf 87' lang='lat' dir='ltr'>Mrawko</span> <span class='ocrx_word' id='word_1_8' title='bbox 625 737 656 798; x_wconf 93' lang='lat' dir='ltr'>in</span> <span class='ocrx_word' id='word_1_9' title='bbox 682 737 772 798; x_wconf 91' lang='lat' dir='ltr'>totali</span> <span class='ocrx_word' id='word_1_10' title='bbox 797 737 927 798; x_wconf 80' lang='lat' dir='ltr'>accione</span> <span class='ocrx_word' id='word_1_11' title='bbox 945 736 1020 798; x_wconf 90' lang='lat' dir='ltr'>dicti</span> <span class='ocrx_word' id='word_1_12' title='bbox 1039 735 1125 798; x_wconf 90' lang='lat' dir='ltr'>Galli</span> <span class='ocrx_word' id='word_1_13' title='bbox 1142 737 1258 798; x_wconf 87' lang='lat' dir='ltr'>actoris</span> <span class='ocrx_word' id='word_1_14' title='bbox 1275 737 1429 800; x_wconf 83' lang='lat' dir='ltr'><strong>innocens</strong></span> <span class='ocrx_word' id='word_1_15' title='bbox 1445 739 1485 800; x_wconf 90' lang='lat' dir='ltr'>sit</span> <span class='ocrx_word' id='word_1_16' title='bbox 1508 751 1540 800; x_wconf 89' lang='lat' dir='ltr'>et</span> <span class='ocrx_word' id='word_1_17' title='bbox 1558 737 1716 814; x_wconf 83' lang='lat' dir='ltr'>innoxius,</span> 
     </span>
     <span class='ocr_line' id='line_1_3' title="bbox 457 841 1717 926; baseline 0 -23"><span class='ocrx_word' id='word_1_18' title='bbox 457 843 595 924; x_wconf 83' lang='lat' dir='ltr'>prestitit</span> <span class='ocrx_word' id='word_1_19' title='bbox 618 856 649 904; x_wconf 92' lang='lat' dir='ltr'>et</span> <span class='ocrx_word' id='word_1_20' title='bbox 673 843 822 926; x_wconf 84' lang='lat' dir='ltr'>deposuit</span> <span class='ocrx_word' id='word_1_21' title='bbox 845 855 881 904; x_wconf 93' lang='lat' dir='ltr'>ut</span> <span class='ocrx_word' id='word_1_22' title='bbox 902 843 962 905; x_wconf 90' lang='lat' dir='ltr'>sibi</span> <span class='ocrx_word' id='word_1_23' title='bbox 985 841 1088 905; x_wconf 90' lang='lat' dir='ltr'>fuerat</span> <span class='ocrx_word' id='word_1_24' title='bbox 1103 862 1160 924; x_wconf 91' lang='lat' dir='ltr'>per</span> <span class='ocrx_word' id='word_1_25' title='bbox 1182 843 1301 924; x_wconf 76' lang='lat' dir='ltr'>juratos</span> <span class='ocrx_word' id='word_1_26' title='bbox 1331 843 1551 926; x_wconf 89' lang='lat' dir='ltr'>adjudicatum</span> <span class='ocrx_word' id='word_1_27' title='bbox 1575 857 1608 906; x_wconf 92' lang='lat' dir='ltr'>et</span> <span class='ocrx_word' id='word_1_28' title='bbox 1623 855 1717 926; x_wconf 91' lang='lat' dir='ltr'>prout</span> 
     </span>
     <span class='ocr_line' id='line_1_4' title="bbox 459 949 1715 1034; baseline 0.001 -25"><span class='ocrx_word' id='word_1_29' title='bbox 459 949 570 1012; x_wconf 89' lang='lat' dir='ltr'>debuit</span> <span class='ocrx_word' id='word_1_30' title='bbox 593 949 708 1031; x_wconf 85' lang='lat' dir='ltr'>jurare,</span> <span class='ocrx_word' id='word_1_31' title='bbox 725 949 851 1031; x_wconf 85' lang='lat' dir='ltr'>juravit,</span> <span class='ocrx_word' id='word_1_32' title='bbox 868 949 1008 1032; x_wconf 91' lang='lat' dir='ltr'>ideoque</span> <span class='ocrx_word' id='word_1_33' title='bbox 1031 950 1135 1033; x_wconf 91' lang='lat' dir='ltr'>ipsum</span> <span class='ocrx_word' id='word_1_34' title='bbox 1153 950 1373 1013; x_wconf 86' lang='lat' dir='ltr'>Mrawkonem</span> <span class='ocrx_word' id='word_1_35' title='bbox 1390 971 1484 1034; x_wconf 89' lang='lat' dir='ltr'>super</span> <span class='ocrx_word' id='word_1_36' title='bbox 1501 951 1617 1013; x_wconf 92' lang='lat' dir='ltr'>eodem</span> <span class='ocrx_word' id='word_1_37' title='bbox 1635 949 1715 1030; x_wconf 84' lang='lat' dir='ltr'>jura·</span> 
     </span>
     <span class='ocr_line' id='line_1_5' title="bbox 453 1056 1713 1140; baseline 0 -23"><span class='ocrx_word' id='word_1_38' title='bbox 453 1070 563 1118; x_wconf 87' lang='lat' dir='ltr'>mento</span> <span class='ocrx_word' id='word_1_39' title='bbox 587 1056 787 1119; x_wconf 77' lang='lat' dir='ltr'>reddidimus</span> <span class='ocrx_word' id='word_1_40' title='bbox 810 1057 1013 1139; x_wconf 65' lang='lat' dir='ltr'>expeditum</span> <span class='ocrx_word' id='word_1_41' title='bbox 1038 1057 1170 1139; x_wconf 85' lang='lat' dir='ltr'>ipseque</span> <span class='ocrx_word' id='word_1_42' title='bbox 1189 1056 1356 1118; x_wconf 91' lang='lat' dir='ltr'>Ladislaus</span> <span class='ocrx_word' id='word_1_43' title='bbox 1380 1056 1540 1120; x_wconf 78' lang='lat' dir='ltr'>aurifaber</span> <span class='ocrx_word' id='word_1_44' title='bbox 1563 1076 1621 1140; x_wconf 92' lang='lat' dir='ltr'>pro</span> <span class='ocrx_word' id='word_1_45' title='bbox 1644 1076 1713 1139; x_wconf 91' lang='lat' dir='ltr'>pre·</span> 
     </span>
     <span class='ocr_line' id='line_1_6' title="bbox 454 1159 1714 1246; baseline 0.001 -24"><span class='ocrx_word' id='word_1_46' title='bbox 454 1159 519 1223; x_wconf 90' lang='lat' dir='ltr'>fato</span> <span class='ocrx_word' id='word_1_47' title='bbox 545 1161 640 1224; x_wconf 87' lang='lat' dir='ltr'>Gallo</span> <span class='ocrx_word' id='word_1_48' title='bbox 674 1182 766 1225; x_wconf 89' lang='lat' dir='ltr'>servo</span> <span class='ocrx_word' id='word_1_49' title='bbox 798 1183 867 1242; x_wconf 85' lang='lat' dir='ltr'>suo,</span> <span class='ocrx_word' id='word_1_50' title='bbox 892 1182 950 1246; x_wconf 91' lang='lat' dir='ltr'>pro</span> <span class='ocrx_word' id='word_1_51' title='bbox 981 1182 1047 1245; x_wconf 91' lang='lat' dir='ltr'>quo</span> <span class='ocrx_word' id='word_1_52' title='bbox 1080 1161 1141 1226; x_wconf 88' lang='lat' dir='ltr'>luit</span> <span class='ocrx_word' id='word_1_53' title='bbox 1173 1161 1352 1245; x_wconf 87' lang='lat' dir='ltr'>fideiussor,</span> <span class='ocrx_word' id='word_1_54' title='bbox 1376 1165 1408 1226; x_wconf 92' lang='lat' dir='ltr'>in</span> <span class='ocrx_word' id='word_1_55' title='bbox 1440 1165 1515 1226; x_wconf 80' lang='lat' dir='ltr'>vivo</span> <span class='ocrx_word' id='word_1_56' title='bbox 1539 1163 1714 1246; x_wconf 87' lang='lat' dir='ltr'>(h)omagio</span> 
     </span>
     <span class='ocr_line' id='line_1_7' title="bbox 454 1269 1713 1354; baseline 0.003 -27"><span class='ocrx_word' id='word_1_57' title='bbox 454 1269 604 1332; x_wconf 89' lang='lat' dir='ltr'>videlicet</span> <span class='ocrx_word' id='word_1_58' title='bbox 628 1269 659 1330; x_wconf 94' lang='lat' dir='ltr'>in</span> <span class='ocrx_word' id='word_1_59' title='bbox 684 1289 738 1332; x_wconf 86' lang='lat' dir='ltr'>sex</span> <span class='ocrx_word' id='word_1_60' title='bbox 770 1270 884 1332; x_wconf 88' lang='lat' dir='ltr'>marcis</span> <span class='ocrx_word' id='word_1_61' title='bbox 917 1269 1122 1332; x_wconf 90' lang='lat' dir='ltr'>denariorum</span> <span class='ocrx_word' id='word_1_62' title='bbox 1155 1269 1348 1352; x_wconf 85' lang='lat' dir='ltr'>judicialiter</span> <span class='ocrx_word' id='word_1_63' title='bbox 1378 1271 1543 1354; x_wconf 91' lang='lat' dir='ltr'>persoluto</span> <span class='ocrx_word' id='word_1_64' title='bbox 1571 1285 1616 1332; x_wconf 91' lang='lat' dir='ltr'>est</span> <span class='ocrx_word' id='word_1_65' title='bbox 1639 1289 1713 1332; x_wconf 91' lang='lat' dir='ltr'>con-</span> 
     </span>
     <span class='ocr_line' id='line_1_8' title="bbox 455 1375 1346 1460; baseline 0.004 -24"><span class='ocrx_word' id='word_1_66' title='bbox 455 1375 647 1457; x_wconf 88' lang='lat' dir='ltr'>dempnatus</span> <span class='ocrx_word' id='word_1_67' title='bbox 670 1390 701 1438; x_wconf 91' lang='lat' dir='ltr'>et</span> <span class='ocrx_word' id='word_1_68' title='bbox 725 1377 890 1439; x_wconf 88' lang='lat' dir='ltr'>convictus</span> <span class='ocrx_word' id='word_1_69' title='bbox 913 1376 1027 1438; x_wconf 86' lang='lat' dir='ltr'>ordine</span> <span class='ocrx_word' id='word_1_70' title='bbox 1051 1377 1128 1460; x_wconf 89' lang='lat' dir='ltr'>juris</span> <span class='ocrx_word' id='word_1_71' title='bbox 1153 1377 1346 1459; x_wconf 91' lang='lat' dir='ltr'>requirente.</span> 
     </span>
    </p>
   </div>
   <div class='ocr_carea' id='block_1_3' title="bbox 454 1576 1714 1793">
    <p class='ocr_par' dir='ltr' id='par_1_3' title="bbox 454 1576 1714 1793">
     <span class='ocr_line' id='line_1_9' title="bbox 454 1576 1714 1680; baseline 0 -30"><span class='ocrx_word' id='word_1_72' title='bbox 454 1576 551 1650; x_wconf 83' lang='lat' dir='ltr'>Feria</span> <span class='ocrx_word' id='word_1_73' title='bbox 578 1587 678 1652; x_wconf 87' lang='lat' dir='ltr'>sexta</span> <span class='ocrx_word' id='word_1_74' title='bbox 706 1583 861 1670; x_wconf 85' lang='lat' dir='ltr'>proxima</span> <span class='ocrx_word' id='word_1_75' title='bbox 894 1587 971 1670; x_wconf 88' lang='lat' dir='ltr'>post</span> <span class='ocrx_word' id='word_1_76' title='bbox 993 1580 1117 1652; x_wconf 85' lang='lat' dir='ltr'>festam</span> <span class='ocrx_word' id='word_1_77' title='bbox 1145 1577 1381 1680; x_wconf 83' lang='lat' dir='ltr'>hpparicionis</span> <span class='ocrx_word' id='word_1_78' title='bbox 1408 1582 1517 1652; x_wconf 86' lang='lat' dir='ltr'>sancti</span> <span class='ocrx_word' id='word_1_79' title='bbox 1546 1579 1714 1651; x_wconf 81' lang='lat' dir='ltr'>Michaelis</span> 
     </span>
     <span class='ocr_line' id='line_1_10' title="bbox 984 1703 1187 1793; baseline -0.015 -17"><span class='ocrx_word' id='word_1_80' title='bbox 984 1703 1187 1793; x_wconf 74' lang='lat' dir='ltr'>archangeli.</span> 
     </span>
    </p>
   </div>
   <div class='ocr_carea' id='block_1_4' title="bbox 1004 1857 1165 1935">
    <p class='ocr_par' dir='ltr' id='par_1_4' title="bbox 1004 1857 1165 1935">
     <span class='ocr_line' id='line_1_11' title="bbox 1004 1857 1165 1935; baseline 0.006 -1"><span class='ocrx_word' id='word_1_81' title='bbox 1004 1869 1048 1934; x_wconf 84' lang='lat' dir='ltr'>l9·</span> <span class='ocrx_word' id='word_1_82' title='bbox 1071 1857 1165 1935; x_wconf 65' lang='lat' dir='ltr'>mil·</span> 
     </span>
    </p>
   </div>
   <div class='ocr_carea' id='block_1_5' title="bbox 455 2013 1710 3162">
    <p class='ocr_par' dir='ltr' id='par_1_5' title="bbox 455 2013 1710 2204">
     <span class='ocr_line' id='line_1_12' title="bbox 564 2013 1710 2097; baseline -0.001 -21"><span class='ocrx_word' id='word_1_83' title='bbox 564 2017 641 2078; x_wconf 88' lang='lat' dir='ltr'>ltem</span> <span class='ocrx_word' id='word_1_84' title='bbox 669 2015 814 2078; x_wconf 85' lang='lat' dir='ltr'>Francha</span> <span class='ocrx_word' id='word_1_85' title='bbox 838 2035 911 2077; x_wconf 89' lang='lat' dir='ltr'>cum</span> <span class='ocrx_word' id='word_1_86' title='bbox 942 2035 1040 2078; x_wconf 89' lang='lat' dir='ltr'>uxore</span> <span class='ocrx_word' id='word_1_87' title='bbox 1071 2035 1127 2078; x_wconf 88' lang='lat' dir='ltr'>sua</span> <span class='ocrx_word' id='word_1_88' title='bbox 1156 2028 1265 2077; x_wconf 89' lang='lat' dir='ltr'>contra</span> <span class='ocrx_word' id='word_1_89' title='bbox 1298 2014 1476 2096; x_wconf 80' lang='lat' dir='ltr'>Georgium</span> <span class='ocrx_word' id='word_1_90' title='bbox 1500 2013 1636 2097; x_wconf 84' lang='lat' dir='ltr'>Aythich</span> <span class='ocrx_word' id='word_1_91' title='bbox 1668 2033 1710 2075; x_wconf 92' lang='lat' dir='ltr'>se·</span> 
     </span>
     <span class='ocr_line' id='line_1_13' title="bbox 455 2123 1048 2204; baseline 0 -20"><span class='ocrx_word' id='word_1_92' title='bbox 455 2123 562 2184; x_wconf 92' lang='lat' dir='ltr'>cundo</span> <span class='ocrx_word' id='word_1_93' title='bbox 588 2123 674 2185; x_wconf 86' lang='lat' dir='ltr'>citati</span> <span class='ocrx_word' id='word_1_94' title='bbox 699 2141 765 2184; x_wconf 94' lang='lat' dir='ltr'>non</span> <span class='ocrx_word' id='word_1_95' title='bbox 790 2135 1048 2204; x_wconf 90' lang='lat' dir='ltr'>comparuerunt.</span> 
     </span>
    </p>

    <p class='ocr_par' dir='ltr' id='par_1_6' title="bbox 456 2225 1709 2418">
     <span class='ocr_line' id='line_1_14' title="bbox 562 2225 1709 2311; baseline -0.004 -21"><span class='ocrx_word' id='word_1_96' title='bbox 562 2229 639 2290; x_wconf 90' lang='lat' dir='ltr'>Item</span> <span class='ocrx_word' id='word_1_97' title='bbox 658 2229 815 2291; x_wconf 89' lang='lat' dir='ltr'>Martinus</span> <span class='ocrx_word' id='word_1_98' title='bbox 838 2229 987 2311; x_wconf 87' lang='lat' dir='ltr'>sagippar</span> <span class='ocrx_word' id='word_1_99' title='bbox 1003 2241 1113 2290; x_wconf 90' lang='lat' dir='ltr'>contra</span> <span class='ocrx_word' id='word_1_100' title='bbox 1130 2228 1214 2290; x_wconf 88' lang='lat' dir='ltr'>lwan</span> <span class='ocrx_word' id='word_1_101' title='bbox 1232 2226 1445 2289; x_wconf 82' lang='lat' dir='ltr'>habitatorem</span> <span class='ocrx_word' id='word_1_102' title='bbox 1462 2225 1599 2288; x_wconf 88' lang='lat' dir='ltr'>civitatis</span> <span class='ocrx_word' id='word_1_103' title='bbox 1613 2225 1709 2308; x_wconf 92' lang='lat' dir='ltr'>primo</span> 
     </span>
     <span class='ocr_line' id='line_1_15' title="bbox 456 2335 889 2418; baseline 0 -22"><span class='ocrx_word' id='word_1_104' title='bbox 456 2335 569 2397; x_wconf 89' lang='lat' dir='ltr'>citatus</span> <span class='ocrx_word' id='word_1_105' title='bbox 597 2355 661 2396; x_wconf 93' lang='lat' dir='ltr'>non</span> <span class='ocrx_word' id='word_1_106' title='bbox 700 2336 889 2418; x_wconf 88' lang='lat' dir='ltr'>comparuit.</span> 
     </span>
    </p>

    <p class='ocr_par' dir='ltr' id='par_1_7' title="bbox 456 2440 1709 3162">
     <span class='ocr_line' id='line_1_16' title="bbox 565 2440 1709 2524; baseline -0.003 -22"><span class='ocrx_word' id='word_1_107' title='bbox 565 2441 642 2503; x_wconf 89' lang='lat' dir='ltr'>Item</span> <span class='ocrx_word' id='word_1_108' title='bbox 661 2441 754 2524; x_wconf 83' lang='lat' dir='ltr'>jurati</span> <span class='ocrx_word' id='word_1_109' title='bbox 779 2441 1044 2522; x_wconf 88' lang='lat' dir='ltr'>adjudicaverunt</span> <span class='ocrx_word' id='word_1_110' title='bbox 1071 2442 1171 2504; x_wconf 90' lang='lat' dir='ltr'>sicin</span> <span class='ocrx_word' id='word_1_111' title='bbox 1196 2460 1290 2502; x_wconf 80' lang='lat' dir='ltr'>causa</span> <span class='ocrx_word' id='word_1_112' title='bbox 1321 2441 1404 2502; x_wconf 91' lang='lat' dir='ltr'>inter</span> <span class='ocrx_word' id='word_1_113' title='bbox 1427 2440 1628 2502; x_wconf 84' lang='lat' dir='ltr'>Anthonium</span> <span class='ocrx_word' id='word_1_114' title='bbox 1651 2458 1709 2499; x_wconf 91' lang='lat' dir='ltr'>car·</span> 
     </span>
     <span class='ocr_line' id='line_1_17' title="bbox 456 2543 1708 2648; baseline -0.003 -41"><span class='ocrx_word' id='word_1_115' title='bbox 456 2545 583 2608; x_wconf 89' lang='lat' dir='ltr'>nihcem</span> <span class='ocrx_word' id='word_1_116' title='bbox 609 2546 710 2608; x_wconf 91' lang='lat' dir='ltr'>filium</span> <span class='ocrx_word' id='word_1_117' title='bbox 736 2547 891 2648; x_wconf 68' lang='lat' dir='ltr'>iohanqis</span> <span class='ocrx_word' id='word_1_118' title='bbox 908 2561 943 2609; x_wconf 91' lang='lat' dir='ltr'>ut</span> <span class='ocrx_word' id='word_1_119' title='bbox 966 2548 998 2608; x_wconf 92' lang='lat' dir='ltr'>in</span> <span class='ocrx_word' id='word_1_120' title='bbox 1024 2565 1152 2608; x_wconf 86' lang='lat' dir='ltr'>csusam</span> <span class='ocrx_word' id='word_1_121' title='bbox 1170 2559 1350 2625; x_wconf 85' lang='lat' dir='ltr'>attractum,</span> <span class='ocrx_word' id='word_1_122' title='bbox 1369 2559 1399 2607; x_wconf 91' lang='lat' dir='ltr'>et</span> <span class='ocrx_word' id='word_1_123' title='bbox 1415 2544 1584 2608; x_wconf 90' lang='lat' dir='ltr'>dominam</span> <span class='ocrx_word' id='word_1_124' title='bbox 1601 2543 1708 2606; x_wconf 88' lang='lat' dir='ltr'>Kathe·</span> 
     </span>
     <span class='ocr_line' id='line_1_18' title="bbox 456 2650 1708 2730; baseline -0.002 -17"><span class='ocrx_word' id='word_1_125' title='bbox 456 2653 560 2714; x_wconf 91' lang='lat' dir='ltr'>rinam</span> <span class='ocrx_word' id='word_1_126' title='bbox 595 2653 736 2716; x_wconf 90' lang='lat' dir='ltr'>relictam</span> <span class='ocrx_word' id='word_1_127' title='bbox 768 2654 905 2716; x_wconf 91' lang='lat' dir='ltr'>condam</span> <span class='ocrx_word' id='word_1_128' title='bbox 939 2653 1079 2715; x_wconf 88' lang='lat' dir='ltr'>Ladislai</span> <span class='ocrx_word' id='word_1_129' title='bbox 1111 2653 1187 2715; x_wconf 90' lang='lat' dir='ltr'>dicti</span> <span class='ocrx_word' id='word_1_130' title='bbox 1220 2651 1470 2730; x_wconf 83' lang='lat' dir='ltr'>Brokunowich‚</span> <span class='ocrx_word' id='word_1_131' title='bbox 1502 2651 1601 2714; x_wconf 86' lang='lat' dir='ltr'>liliam</span> <span class='ocrx_word' id='word_1_132' title='bbox 1624 2650 1708 2727; x_wconf 87' lang='lat' dir='ltr'>Petri,</span> 
     </span>
     <span class='ocr_line' id='line_1_19' title="bbox 458 2757 1706 2843; baseline -0.002 -24"><span class='ocrx_word' id='word_1_133' title='bbox 458 2777 545 2820; x_wconf 90' lang='lat' dir='ltr'>nunc</span> <span class='ocrx_word' id='word_1_134' title='bbox 576 2773 758 2822; x_wconf 87' lang='lat' dir='ltr'>consortem</span> <span class='ocrx_word' id='word_1_135' title='bbox 792 2761 943 2843; x_wconf 90' lang='lat' dir='ltr'>Symonis</span> <span class='ocrx_word' id='word_1_136' title='bbox 971 2759 1085 2842; x_wconf 89' lang='lat' dir='ltr'>judicis</span> <span class='ocrx_word' id='word_1_137' title='bbox 1117 2759 1332 2841; x_wconf 85' lang='lat' dir='ltr'>provincialis,</span> <span class='ocrx_word' id='word_1_138' title='bbox 1365 2771 1400 2820; x_wconf 90' lang='lat' dir='ltr'>ut</span> <span class='ocrx_word' id='word_1_139' title='bbox 1430 2757 1589 2836; x_wconf 85' lang='lat' dir='ltr'>actricem,</span> <span class='ocrx_word' id='word_1_140' title='bbox 1612 2775 1706 2818; x_wconf 88' lang='lat' dir='ltr'>coram</span> 
     </span>
     <span class='ocr_line' id='line_1_20' title="bbox 457 2865 1707 2948; baseline -0.003 -22"><span class='ocrx_word' id='word_1_141' title='bbox 457 2865 550 2926; x_wconf 92' lang='lat' dir='ltr'>nobis</span> <span class='ocrx_word' id='word_1_142' title='bbox 574 2879 671 2943; x_wconf 89' lang='lat' dir='ltr'>mota,</span> <span class='ocrx_word' id='word_1_143' title='bbox 697 2866 803 2928; x_wconf 87' lang='lat' dir='ltr'>habita</span> <span class='ocrx_word' id='word_1_144' title='bbox 829 2881 860 2927; x_wconf 88' lang='lat' dir='ltr'>et</span> <span class='ocrx_word' id='word_1_145' title='bbox 883 2879 1036 2944; x_wconf 87' lang='lat' dir='ltr'>vertente,</span> <span class='ocrx_word' id='word_1_146' title='bbox 1062 2879 1095 2928; x_wconf 90' lang='lat' dir='ltr'>ut</span> <span class='ocrx_word' id='word_1_147' title='bbox 1117 2867 1183 2948; x_wconf 92' lang='lat' dir='ltr'>ipse</span> <span class='ocrx_word' id='word_1_148' title='bbox 1209 2865 1393 2927; x_wconf 87' lang='lat' dir='ltr'>Anthonius</span> <span class='ocrx_word' id='word_1_149' title='bbox 1417 2865 1449 2926; x_wconf 94' lang='lat' dir='ltr'>in</span> <span class='ocrx_word' id='word_1_150' title='bbox 1475 2883 1603 2926; x_wconf 90' lang='lat' dir='ltr'>causam</span> <span class='ocrx_word' id='word_1_151' title='bbox 1619 2876 1707 2924; x_wconf 90' lang='lat' dir='ltr'>atrae·</span> 
     </span>
     <span class='ocr_line' id='line_1_21' title="bbox 458 2969 1708 3055; baseline -0.003 -22"><span class='ocrx_word' id='word_1_152' title='bbox 458 2987 520 3050; x_wconf 90' lang='lat' dir='ltr'>tus,</span> <span class='ocrx_word' id='word_1_153' title='bbox 544 2974 612 3034; x_wconf 89' lang='lat' dir='ltr'>sola</span> <span class='ocrx_word' id='word_1_154' title='bbox 637 2993 693 3034; x_wconf 88' lang='lat' dir='ltr'>sua</span> <span class='ocrx_word' id='word_1_155' title='bbox 717 2973 748 3034; x_wconf 92' lang='lat' dir='ltr'>in</span> <span class='ocrx_word' id='word_1_156' title='bbox 775 2994 908 3055; x_wconf 90' lang='lat' dir='ltr'>persona</span> <span class='ocrx_word' id='word_1_157' title='bbox 938 2987 1052 3035; x_wconf 90' lang='lat' dir='ltr'>octavo</span> <span class='ocrx_word' id='word_1_158' title='bbox 1076 2974 1128 3037; x_wconf 92' lang='lat' dir='ltr'>die</span> <span class='ocrx_word' id='word_1_159' title='bbox 1152 2993 1246 3055; x_wconf 91' lang='lat' dir='ltr'>super</span> <span class='ocrx_word' id='word_1_160' title='bbox 1263 2992 1350 3034; x_wconf 88' lang='lat' dir='ltr'>aram</span> <span class='ocrx_word' id='word_1_161' title='bbox 1374 2991 1473 3054; x_wconf 86' lang='lat' dir='ltr'>penes</span> <span class='ocrx_word' id='word_1_162' title='bbox 1489 2972 1605 3054; x_wconf 88' lang='lat' dir='ltr'>pignus</span> <span class='ocrx_word' id='word_1_163' title='bbox 1621 2969 1708 3052; x_wconf 86' lang='lat' dir='ltr'>ipsius</span> 
     </span>
     <span class='ocr_line' id='line_1_22' title="bbox 458 3076 1707 3162; baseline -0.004 -22"><span class='ocrx_word' id='word_1_164' title='bbox 458 3079 633 3141; x_wconf 88' lang='lat' dir='ltr'>Katherine</span> <span class='ocrx_word' id='word_1_165' title='bbox 669 3080 727 3161; x_wconf 90' lang='lat' dir='ltr'>ipsi</span> <span class='ocrx_word' id='word_1_166' title='bbox 761 3079 926 3141; x_wconf 80' lang='lat' dir='ltr'>Anthonio</span> <span class='ocrx_word' id='word_1_167' title='bbox 958 3099 1014 3162; x_wconf 91' lang='lat' dir='ltr'>per</span> <span class='ocrx_word' id='word_1_168' title='bbox 1046 3099 1117 3141; x_wconf 82' lang='lat' dir='ltr'>eam</span> <span class='ocrx_word' id='word_1_169' title='bbox 1150 3080 1401 3162; x_wconf 86' lang='lat' dir='ltr'>inpignorstum,</span> <span class='ocrx_word' id='word_1_170' title='bbox 1433 3076 1537 3158; x_wconf 89' lang='lat' dir='ltr'>jurare</span> <span class='ocrx_word' id='word_1_171' title='bbox 1561 3076 1707 3138; x_wconf 89' lang='lat' dir='ltr'>tenebitur</span> 
     </span>
    </p>
   </div>
   <div class='ocr_carea' id='block_1_6' title="bbox 458 3182 1818 3380">
    <p class='ocr_par' dir='ltr' id='par_1_8' title="bbox 458 3182 1818 3380">
     <span class='ocr_line' id='line_1_23' title="bbox 458 3182 1818 3267; baseline -0.002 -22"><span class='ocrx_word' id='word_1_172' title='bbox 458 3205 628 3267; x_wconf 85' lang='lat' dir='ltr'>supereo,</span> <span class='ocrx_word' id='word_1_173' title='bbox 655 3199 689 3246; x_wconf 90' lang='lat' dir='ltr'>ut</span> <span class='ocrx_word' id='word_1_174' title='bbox 721 3187 787 3267; x_wconf 88' lang='lat' dir='ltr'>ipse</span> <span class='ocrx_word' id='word_1_175' title='bbox 819 3186 969 3266; x_wconf 88' lang='lat' dir='ltr'>magister</span> <span class='ocrx_word' id='word_1_176' title='bbox 1000 3186 1183 3247; x_wconf 84' lang='lat' dir='ltr'>Anthonius</span> <span class='ocrx_word' id='word_1_177' title='bbox 1208 3183 1347 3246; x_wconf 82' lang='lat' dir='ltr'>carnifex</span> <span class='ocrx_word' id='word_1_178' title='bbox 1379 3184 1522 3265; x_wconf 87' lang='lat' dir='ltr'>predicte</span> <span class='ocrx_word' id='word_1_179' title='bbox 1548 3182 1708 3244; x_wconf 89' lang='lat' dir='ltr'>Katherine</span> <span class='ocrx_word' id='word_1_180' title='bbox 1817 3237 1818 3242; x_wconf 73' lang='grc'>,</span> 
     </span>
     <span class='ocr_line' id='line_1_24' title="bbox 461 3287 1818 3380; baseline -0.003 -28"><span class='ocrx_word' id='word_1_181' title='bbox 461 3292 587 3352; x_wconf 89' lang='lat' dir='ltr'>mulieri</span> <span class='ocrx_word' id='word_1_182' title='bbox 614 3293 653 3352; x_wconf 89' lang='lat' dir='ltr'>de</span> <span class='ocrx_word' id='word_1_183' title='bbox 679 3292 835 3354; x_wconf 89' lang='lat' dir='ltr'>universis</span> <span class='ocrx_word' id='word_1_184' title='bbox 859 3291 975 3352; x_wconf 87' lang='lat' dir='ltr'>debitis</span> <span class='ocrx_word' id='word_1_185' title='bbox 1000 3291 1098 3374; x_wconf 90' lang='lat' dir='ltr'>ipsius</span> <span class='ocrx_word' id='word_1_186' title='bbox 1123 3305 1153 3352; x_wconf 90' lang='lat' dir='ltr'>et</span> <span class='ocrx_word' id='word_1_187' title='bbox 1170 3291 1303 3372; x_wconf 86' lang='lat' dir='ltr'>predicti</span> <span class='ocrx_word' id='word_1_188' title='bbox 1328 3290 1387 3351; x_wconf 86' lang='lat' dir='ltr'>viri</span> <span class='ocrx_word' id='word_1_189' title='bbox 1410 3291 1459 3351; x_wconf 92' lang='lat' dir='ltr'>sui</span> <span class='ocrx_word' id='word_1_190' title='bbox 1478 3289 1616 3351; x_wconf 89' lang='lat' dir='ltr'>Ladislai</span> <span class='ocrx_word' id='word_1_191' title='bbox 1632 3287 1708 3348; x_wconf 88' lang='lat' dir='ltr'>satis·</span> <span class='ocrx_word' id='word_1_192' title='bbox 1816 3331 1818 3380; x_wconf 86' lang='lat' dir='ltr'>l</span> 
     </span>
    </p>
   </div>
   <div class='ocr_carea' id='block_1_7' title="bbox 458 3381 1818 3480">
    <p class='ocr_par' dir='ltr' id='par_1_9' title="bbox 458 3381 1818 3480">
     <span class='ocr_line' id='line_1_25' title="bbox 458 3381 1818 3480; baseline -0.005 -21"><span class='ocrx_word' id='word_1_193' title='bbox 458 3397 542 3476; x_wconf 90' lang='lat' dir='ltr'>fecit,</span> <span class='ocrx_word' id='word_1_194' title='bbox 567 3411 597 3458; x_wconf 90' lang='lat' dir='ltr'>et</span> <span class='ocrx_word' id='word_1_195' title='bbox 622 3397 727 3460; x_wconf 90' lang='lat' dir='ltr'>adhuc</span> <span class='ocrx_word' id='word_1_196' title='bbox 751 3397 817 3480; x_wconf 90' lang='lat' dir='ltr'>ipsa</span> <span class='ocrx_word' id='word_1_197' title='bbox 844 3397 1016 3458; x_wconf 87' lang='lat' dir='ltr'>Katherina</span> <span class='ocrx_word' id='word_1_198' title='bbox 1042 3395 1165 3480; x_wconf 88' lang='lat' dir='ltr'>prefato</span> <span class='ocrx_word' id='word_1_199' title='bbox 1195 3397 1361 3458; x_wconf 84' lang='lat' dir='ltr'>Anthonio</span> <span class='ocrx_word' id='word_1_200' title='bbox 1386 3396 1539 3458; x_wconf 86' lang='lat' dir='ltr'>remansit</span> <span class='ocrx_word' id='word_1_201' title='bbox 1563 3415 1634 3457; x_wconf 91' lang='lat' dir='ltr'>curn</span> <span class='ocrx_word' id='word_1_202' title='bbox 1663 3393 1708 3455; x_wconf 91' lang='lat' dir='ltr'>tri·</span> <span class='ocrx_word' id='word_1_203' title='bbox 1816 3381 1818 3452; x_wconf 74' lang='lat' dir='ltr'>i</span> 
     </span>
    </p>
   </div>
   <div class='ocr_carea' id='block_1_8' title="bbox 458 3499 1818 3585">
    <p class='ocr_par' dir='ltr' id='par_1_10' title="bbox 458 3499 1818 3585">
     <span class='ocr_line' id='line_1_26' title="bbox 458 3499 1818 3585; baseline -0.003 -21"><span class='ocrx_word' id='word_1_204' title='bbox 458 3505 517 3563; x_wconf 91' lang='lat' dir='ltr'>bus</span> <span class='ocrx_word' id='word_1_205' title='bbox 542 3503 611 3564; x_wconf 88' lang='lat' dir='ltr'>fior.</span> <span class='ocrx_word' id='word_1_206' title='bbox 637 3505 704 3564; x_wconf 90' lang='lat' dir='ltr'>auri</span> <span class='ocrx_word' id='word_1_207' title='bbox 731 3505 858 3564; x_wconf 90' lang='lat' dir='ltr'>racione</span> <span class='ocrx_word' id='word_1_208' title='bbox 883 3504 964 3564; x_wconf 90' lang='lat' dir='ltr'>inter</span> <span class='ocrx_word' id='word_1_209' title='bbox 982 3504 1069 3584; x_wconf 90' lang='lat' dir='ltr'>ipsos</span> <span class='ocrx_word' id='word_1_210' title='bbox 1086 3503 1204 3582; x_wconf 84' lang='lat' dir='ltr'>habita,</span> <span class='ocrx_word' id='word_1_211' title='bbox 1229 3518 1260 3564; x_wconf 84' lang='lat' dir='ltr'>et</span> <span class='ocrx_word' id='word_1_212' title='bbox 1276 3518 1420 3585; x_wconf 86' lang='lat' dir='ltr'>preterea</span> <span class='ocrx_word' id='word_1_213' title='bbox 1444 3502 1484 3564; x_wconf 91' lang='lat' dir='ltr'>ad</span> <span class='ocrx_word' id='word_1_214' title='bbox 1502 3501 1588 3563; x_wconf 92' lang='lat' dir='ltr'>idem</span> <span class='ocrx_word' id='word_1_215' title='bbox 1606 3502 1708 3584; x_wconf 88' lang='lat' dir='ltr'>pignus</span> <span class='ocrx_word' id='word_1_216' title='bbox 1817 3499 1818 3560; x_wconf 77' lang='grc' dir='ltr'>Ϊ</span> 
     </span>
    </p>
   </div>
   <div class='ocr_carea' id='block_1_9' title="bbox 458 3595 1818 5074">
    <p class='ocr_par' dir='ltr' id='par_1_11' title="bbox 458 3595 1818 4218">
     <span class='ocr_line' id='line_1_27' title="bbox 459 3595 1818 3690; baseline -0.002 -22"><span class='ocrx_word' id='word_1_217' title='bbox 459 3609 526 3690; x_wconf 88' lang='lat' dir='ltr'>ipse</span> <span class='ocrx_word' id='word_1_218' title='bbox 552 3607 735 3670; x_wconf 77' lang='lat' dir='ltr'>Anthonius</span> <span class='ocrx_word' id='word_1_219' title='bbox 759 3608 898 3670; x_wconf 82' lang='lat' dir='ltr'>carnifex</span> <span class='ocrx_word' id='word_1_220' title='bbox 922 3609 1004 3669; x_wconf 89' lang='lat' dir='ltr'>dicte</span> <span class='ocrx_word' id='word_1_221' title='bbox 1038 3608 1210 3670; x_wconf 90' lang='lat' dir='ltr'>Katherine</span> <span class='ocrx_word' id='word_1_222' title='bbox 1243 3608 1369 3671; x_wconf 89' lang='lat' dir='ltr'>mulieri</span> <span class='ocrx_word' id='word_1_223' title='bbox 1404 3609 1561 3670; x_wconf 88' lang='lat' dir='ltr'>concessit</span> <span class='ocrx_word' id='word_1_224' title='bbox 1585 3621 1707 3690; x_wconf 90' lang='lat' dir='ltr'>quatuor</span> <span class='ocrx_word' id='word_1_225' title='bbox 1817 3595 1818 3674; x_wconf 62' lang='lat' dir='ltr'>s</span> 
     </span>
     <span class='ocr_line' id='line_1_28' title="bbox 458 3714 1817 3800; baseline -0.001 -26"><span class='ocrx_word' id='word_1_226' title='bbox 458 3733 571 3795; x_wconf 91' lang='lat' dir='ltr'>pensas</span> <span class='ocrx_word' id='word_1_227' title='bbox 596 3715 804 3776; x_wconf 85' lang='lat' dir='ltr'>wienensium</span> <span class='ocrx_word' id='word_1_228' title='bbox 823 3729 853 3775; x_wconf 92' lang='lat' dir='ltr'>et</span> <span class='ocrx_word' id='word_1_229' title='bbox 870 3714 928 3775; x_wconf 83' lang='lat' dir='ltr'>XV</span> <span class='ocrx_word' id='word_1_230' title='bbox 945 3714 1139 3793; x_wconf 86' lang='lat' dir='ltr'>wienenses;</span> <span class='ocrx_word' id='word_1_231' title='bbox 1157 3728 1187 3776; x_wconf 90' lang='lat' dir='ltr'>et</span> <span class='ocrx_word' id='word_1_232' title='bbox 1205 3715 1281 3776; x_wconf 91' lang='lat' dir='ltr'>dum</span> <span class='ocrx_word' id='word_1_233' title='bbox 1300 3714 1472 3796; x_wconf 88' lang='lat' dir='ltr'>prestiterit</span> <span class='ocrx_word' id='word_1_234' title='bbox 1496 3714 1707 3794; x_wconf 76' lang='lat' dir='ltr'>juramentum,</span> <span class='ocrx_word' id='word_1_235' title='bbox 1816 3795 1817 3800; x_wconf 8' lang='grc' dir='ltr'>ἵ</span> 
     </span>
     <span class='ocr_line' id='line_1_29' title="bbox 460 3819 1817 3904; baseline -0.002 -23"><span class='ocrx_word' id='word_1_236' title='bbox 460 3835 536 3881; x_wconf 91' lang='lat' dir='ltr'>tunc</span> <span class='ocrx_word' id='word_1_237' title='bbox 560 3821 702 3902; x_wconf 88' lang='lat' dir='ltr'>predicta</span> <span class='ocrx_word' id='word_1_238' title='bbox 722 3820 893 3881; x_wconf 88' lang='lat' dir='ltr'>Katherina</span> <span class='ocrx_word' id='word_1_239' title='bbox 913 3821 1072 3902; x_wconf 89' lang='lat' dir='ltr'>predictos</span> <span class='ocrx_word' id='word_1_240' title='bbox 1096 3835 1235 3902; x_wconf 87' lang='lat' dir='ltr'>quatuor</span> <span class='ocrx_word' id='word_1_241' title='bbox 1252 3820 1321 3882; x_wconf 89' lang='lat' dir='ltr'>flor.</span> <span class='ocrx_word' id='word_1_242' title='bbox 1343 3821 1410 3882; x_wconf 89' lang='lat' dir='ltr'>auri</span> <span class='ocrx_word' id='word_1_243' title='bbox 1436 3834 1468 3882; x_wconf 90' lang='lat' dir='ltr'>et</span> <span class='ocrx_word' id='word_1_244' title='bbox 1491 3819 1707 3904; x_wconf 87' lang='lat' dir='ltr'>expeditoriam</span> <span class='ocrx_word' id='word_1_245' title='bbox 1816 3827 1817 3890; x_wconf 65' lang='grc' dir='ltr'>ζ</span> 
     </span>
     <span class='ocr_line' id='line_1_30' title="bbox 460 3926 1707 4009; baseline 0 -23"><span class='ocrx_word' id='word_1_246' title='bbox 460 3927 535 3987; x_wconf 91' lang='lat' dir='ltr'>dare</span> <span class='ocrx_word' id='word_1_247' title='bbox 560 3927 721 3987; x_wconf 81' lang='lat' dir='ltr'>tenebitur</span> <span class='ocrx_word' id='word_1_248' title='bbox 746 3927 889 4008; x_wconf 89' lang='lat' dir='ltr'>predicto</span> <span class='ocrx_word' id='word_1_249' title='bbox 907 3927 1085 4006; x_wconf 80' lang='lat' dir='ltr'>Anthoni0‚</span> <span class='ocrx_word' id='word_1_250' title='bbox 1110 3928 1242 4009; x_wconf 91' lang='lat' dir='ltr'>ipseque</span> <span class='ocrx_word' id='word_1_251' title='bbox 1261 3926 1444 3988; x_wconf 83' lang='lat' dir='ltr'>Anthonius</span> <span class='ocrx_word' id='word_1_252' title='bbox 1469 3927 1588 3990; x_wconf 89' lang='lat' dir='ltr'>dictum</span> <span class='ocrx_word' id='word_1_253' title='bbox 1606 3926 1707 4008; x_wconf 88' lang='lat' dir='ltr'>pignus</span> 
     </span>
     <span class='ocr_line' id='line_1_31' title="bbox 460 4030 1817 4116; baseline -0.001 -25"><span class='ocrx_word' id='word_1_254' title='bbox 460 4031 564 4092; x_wconf 91' lang='lat' dir='ltr'>eidem</span> <span class='ocrx_word' id='word_1_255' title='bbox 584 4031 758 4092; x_wconf 87' lang='lat' dir='ltr'>Karberine</span> <span class='ocrx_word' id='word_1_256' title='bbox 783 4033 915 4094; x_wconf 87' lang='lat' dir='ltr'>reddere</span> <span class='ocrx_word' id='word_1_257' title='bbox 933 4033 1093 4094; x_wconf 83' lang='lat' dir='ltr'>tenebitur</span> <span class='ocrx_word' id='word_1_258' title='bbox 1117 4046 1148 4095; x_wconf 92' lang='lat' dir='ltr'>et</span> <span class='ocrx_word' id='word_1_259' title='bbox 1172 4034 1336 4095; x_wconf 87' lang='lat' dir='ltr'>restituere</span> <span class='ocrx_word' id='word_1_260' title='bbox 1354 4033 1498 4096; x_wconf 89' lang='lat' dir='ltr'>rehabita</span> <span class='ocrx_word' id='word_1_261' title='bbox 1523 4030 1703 4116; x_wconf 86' lang='lat' dir='ltr'>expeditoria</span> <span class='ocrx_word' id='word_1_262' title='bbox 1816 4037 1817 4050; x_wconf 64' lang='lat'>¹</span> 
     </span>
     <span class='ocr_line' id='line_1_32' title="bbox 459 4137 971 4218; baseline 0.008 -22"><span class='ocrx_word' id='word_1_263' title='bbox 459 4151 489 4198; x_wconf 90' lang='lat' dir='ltr'>et</span> <span class='ocrx_word' id='word_1_264' title='bbox 514 4137 611 4217; x_wconf 91' lang='lat' dir='ltr'>ipsius</span> <span class='ocrx_word' id='word_1_265' title='bbox 636 4151 773 4218; x_wconf 88' lang='lat' dir='ltr'>quatuor</span> <span class='ocrx_word' id='word_1_266' title='bbox 797 4141 865 4201; x_wconf 91' lang='lat' dir='ltr'>flor.</span> <span class='ocrx_word' id='word_1_267' title='bbox 891 4140 971 4200; x_wconf 90' lang='lat' dir='ltr'>auri.</span> 
     </span>
    </p>

    <p class='ocr_par' dir='ltr' id='par_1_12' title="bbox 459 4243 1705 4536">
     <span class='ocr_line' id='line_1_33' title="bbox 565 4243 1704 4328; baseline -0.001 -25"><span class='ocrx_word' id='word_1_268' title='bbox 565 4243 642 4303; x_wconf 89' lang='lat' dir='ltr'>Item</span> <span class='ocrx_word' id='word_1_269' title='bbox 667 4263 760 4304; x_wconf 88' lang='lat' dir='ltr'>causa</span> <span class='ocrx_word' id='word_1_270' title='bbox 795 4245 875 4305; x_wconf 90' lang='lat' dir='ltr'>inter</span> <span class='ocrx_word' id='word_1_271' title='bbox 907 4245 1113 4306; x_wconf 89' lang='lat' dir='ltr'>Valentinum</span> <span class='ocrx_word' id='word_1_272' title='bbox 1148 4245 1286 4328; x_wconf 82' lang='lat' dir='ltr'>juratum</span> <span class='ocrx_word' id='word_1_273' title='bbox 1320 4259 1351 4308; x_wconf 91' lang='lat' dir='ltr'>et</span> <span class='ocrx_word' id='word_1_274' title='bbox 1379 4244 1546 4328; x_wconf 90' lang='lat' dir='ltr'>Mathyam</span> <span class='ocrx_word' id='word_1_275' title='bbox 1568 4259 1704 4327; x_wconf 84' lang='lat' dir='ltr'>generum</span> 
     </span>
     <span class='ocr_line' id='line_1_34' title="bbox 459 4349 1705 4435; baseline 0.002 -27"><span class='ocrx_word' id='word_1_276' title='bbox 459 4349 600 4428; x_wconf 86' lang='lat' dir='ltr'>magistri</span> <span class='ocrx_word' id='word_1_277' title='bbox 628 4349 780 4431; x_wconf 83' lang='lat' dir='ltr'>Stephani</span> <span class='ocrx_word' id='word_1_278' title='bbox 806 4351 963 4412; x_wconf 87' lang='lat' dir='ltr'>Rakarich</span> <span class='ocrx_word' id='word_1_279' title='bbox 988 4352 1028 4413; x_wconf 90' lang='lat' dir='ltr'>ad</span> <span class='ocrx_word' id='word_1_280' title='bbox 1053 4353 1193 4434; x_wconf 93' lang='lat' dir='ltr'>primum</span> <span class='ocrx_word' id='word_1_281' title='bbox 1210 4351 1366 4434; x_wconf 87' lang='lat' dir='ltr'>judicium</span> <span class='ocrx_word' id='word_1_282' title='bbox 1384 4353 1424 4414; x_wconf 87' lang='lat' dir='ltr'>ad</span> <span class='ocrx_word' id='word_1_283' title='bbox 1448 4372 1562 4435; x_wconf 87' lang='lat' dir='ltr'>pacem</span> <span class='ocrx_word' id='word_1_284' title='bbox 1587 4365 1630 4414; x_wconf 84' lang='lat' dir='ltr'>est</span> <span class='ocrx_word' id='word_1_285' title='bbox 1644 4367 1705 4432; x_wconf 91' lang='lat' dir='ltr'>pro·</span> 
     </span>
     <span class='ocr_line' id='line_1_35' title="bbox 459 4457 910 4536; baseline 0.007 -22"><span class='ocrx_word' id='word_1_286' title='bbox 459 4467 568 4534; x_wconf 85' lang='lat' dir='ltr'>rogata</span> <span class='ocrx_word' id='word_1_287' title='bbox 593 4475 648 4535; x_wconf 88' lang='lat' dir='ltr'>per</span> <span class='ocrx_word' id='word_1_288' title='bbox 672 4457 790 4536; x_wconf 90' lang='lat' dir='ltr'>probos</span> <span class='ocrx_word' id='word_1_289' title='bbox 815 4457 910 4518; x_wconf 90' lang='lat' dir='ltr'>viros.</span> 
     </span>
    </p>

    <p class='ocr_par' dir='ltr' id='par_1_13' title="bbox 458 4560 1704 5074">
     <span class='ocr_line' id='line_1_36' title="bbox 566 4560 1704 4646; baseline -0.001 -26"><span class='ocrx_word' id='word_1_290' title='bbox 566 4560 642 4621; x_wconf 91' lang='lat' dir='ltr'>Item</span> <span class='ocrx_word' id='word_1_291' title='bbox 668 4562 743 4641; x_wconf 88' lang='lat' dir='ltr'>quia</span> <span class='ocrx_word' id='word_1_292' title='bbox 770 4563 895 4623; x_wconf 87' lang='lat' dir='ltr'>Marcus</span> <span class='ocrx_word' id='word_1_293' title='bbox 920 4583 1036 4644; x_wconf 87' lang='lat' dir='ltr'>parvus</span> <span class='ocrx_word' id='word_1_294' title='bbox 1060 4563 1145 4625; x_wconf 84' lang='lat' dir='ltr'>lilius</span> <span class='ocrx_word' id='word_1_295' title='bbox 1173 4563 1340 4628; x_wconf 87' lang='lat' dir='ltr'>Michaelis</span> <span class='ocrx_word' id='word_1_296' title='bbox 1364 4564 1581 4646; x_wconf 81' lang='lat' dir='ltr'>juramentum</span> <span class='ocrx_word' id='word_1_297' title='bbox 1604 4562 1657 4625; x_wconf 90' lang='lat' dir='ltr'>sibi</span> <span class='ocrx_word' id='word_1_298' title='bbox 1678 4560 1704 4620; x_wconf 94' lang='lat' dir='ltr'>in</span> 
     </span>
     <span class='ocr_line' id='line_1_37' title="bbox 459 4666 1702 4752; baseline 0.003 -28"><span class='ocrx_word' id='word_1_299' title='bbox 459 4683 552 4724; x_wconf 87' lang='lat' dir='ltr'>causa</span> <span class='ocrx_word' id='word_1_300' title='bbox 577 4666 658 4727; x_wconf 92' lang='lat' dir='ltr'>inter</span> <span class='ocrx_word' id='word_1_301' title='bbox 682 4667 785 4747; x_wconf 89' lang='lat' dir='ltr'>ipsum</span> <span class='ocrx_word' id='word_1_302' title='bbox 812 4681 845 4729; x_wconf 90' lang='lat' dir='ltr'>ut</span> <span class='ocrx_word' id='word_1_303' title='bbox 876 4669 1058 4731; x_wconf 78' lang='lat' dir='ltr'>incensam</span> <span class='ocrx_word' id='word_1_304' title='bbox 1092 4683 1272 4750; x_wconf 87' lang='lat' dir='ltr'>attractum,</span> <span class='ocrx_word' id='word_1_305' title='bbox 1296 4685 1327 4732; x_wconf 92' lang='lat' dir='ltr'>et</span> <span class='ocrx_word' id='word_1_306' title='bbox 1359 4675 1520 4752; x_wconf 79' lang='lat' dir='ltr'>Agnetem</span> <span class='ocrx_word' id='word_1_307' title='bbox 1553 4671 1702 4734; x_wconf 87' lang='lat' dir='ltr'>mulierem</span> 
     </span>
     <span class='ocr_line' id='line_1_38' title="bbox 459 4769 1702 4856; baseline 0.003 -27"><span class='ocrx_word' id='word_1_308' title='bbox 459 4769 601 4831; x_wconf 88' lang='lat' dir='ltr'>relictam</span> <span class='ocrx_word' id='word_1_309' title='bbox 627 4772 763 4833; x_wconf 88' lang='lat' dir='ltr'>condam</span> <span class='ocrx_word' id='word_1_310' title='bbox 788 4774 883 4834; x_wconf 87' lang='lat' dir='ltr'>Blasii</span> <span class='ocrx_word' id='word_1_311' title='bbox 910 4776 1103 4856; x_wconf 87' lang='lat' dir='ltr'>Nawsichyn</span> <span class='ocrx_word' id='word_1_312' title='bbox 1130 4791 1163 4838; x_wconf 91' lang='lat' dir='ltr'>ut</span> <span class='ocrx_word' id='word_1_313' title='bbox 1187 4779 1347 4856; x_wconf 80' lang='lat' dir='ltr'>actricem,</span> <span class='ocrx_word' id='word_1_314' title='bbox 1372 4797 1480 4840; x_wconf 90' lang='lat' dir='ltr'>coram</span> <span class='ocrx_word' id='word_1_315' title='bbox 1506 4779 1598 4841; x_wconf 89' lang='lat' dir='ltr'>nobis</span> <span class='ocrx_word' id='word_1_316' title='bbox 1620 4785 1702 4845; x_wconf 86' lang='lat' dir='ltr'>mota,</span> 
     </span>
     <span class='ocr_line' id='line_1_39' title="bbox 458 4875 1696 4967; baseline 0.005 -32"><span class='ocrx_word' id='word_1_317' title='bbox 458 4875 565 4937; x_wconf 88' lang='lat' dir='ltr'>habita</span> <span class='ocrx_word' id='word_1_318' title='bbox 591 4891 620 4938; x_wconf 89' lang='lat' dir='ltr'>et</span> <span class='ocrx_word' id='word_1_319' title='bbox 644 4894 795 4958; x_wconf 87' lang='lat' dir='ltr'>verrente,</span> <span class='ocrx_word' id='word_1_320' title='bbox 832 4881 1049 4960; x_wconf 87' lang='lat' dir='ltr'>adjudicatum</span> <span class='ocrx_word' id='word_1_321' title='bbox 1078 4883 1213 4964; x_wconf 85' lang='lat' dir='ltr'>prestitit</span> <span class='ocrx_word' id='word_1_322' title='bbox 1239 4899 1272 4946; x_wconf 90' lang='lat' dir='ltr'>ut</span> <span class='ocrx_word' id='word_1_323' title='bbox 1296 4885 1417 4963; x_wconf 89' lang='lat' dir='ltr'>debuit,</span> <span class='ocrx_word' id='word_1_324' title='bbox 1443 4886 1582 4967; x_wconf 86' lang='lat' dir='ltr'>ideoque</span> <span class='ocrx_word' id='word_1_325' title='bbox 1603 4883 1696 4964; x_wconf 86' lang='lat' dir='ltr'>¹ipsum</span> 
     </span>
     <span class='ocr_line' id='line_1_40' title="bbox 460 4983 1703 5074; baseline 0.001 -33"><span class='ocrx_word' id='word_1_326' title='bbox 460 4983 603 5042; x_wconf 89' lang='lat' dir='ltr'>Marcum</span> <span class='ocrx_word' id='word_1_327' title='bbox 629 4984 660 5044; x_wconf 95' lang='lat' dir='ltr'>in</span> <span class='ocrx_word' id='word_1_328' title='bbox 685 5004 775 5046; x_wconf 88' lang='lat' dir='ltr'>causa</span> <span class='ocrx_word' id='word_1_329' title='bbox 802 4987 901 5068; x_wconf 89' lang='lat' dir='ltr'>ipsius</span> <span class='ocrx_word' id='word_1_330' title='bbox 933 4990 1065 5068; x_wconf 81' lang='lat' dir='ltr'>Agnetis</span> <span class='ocrx_word' id='word_1_331' title='bbox 1099 5005 1209 5052; x_wconf 89' lang='lat' dir='ltr'>contra</span> <span class='ocrx_word' id='word_1_332' title='bbox 1235 4991 1339 5073; x_wconf 90' lang='lat' dir='ltr'>ipsum</span> <span class='ocrx_word' id='word_1_333' title='bbox 1372 4991 1549 5074; x_wconf 89' lang='lat' dir='ltr'>proposita,</span> <span class='ocrx_word' id='word_1_334' title='bbox 1572 4986 1703 5051; x_wconf 86' lang='lat' dir='ltr'>videlicet</span> 
     </span>
    </p>
   </div>
   <div class='ocr_carea' id='block_1_10' title="bbox 0 0 1851 5800">
    <p class='ocr_par' dir='ltr' id='par_1_14' title="bbox 0 0 1851 5800">
     <span class='ocr_line' id='line_1_41' title="bbox 0 0 1851 5800; baseline 0 0"><span class='ocrx_word' id='word_1_335' title='bbox 0 0 1851 5800; x_wconf 95' lang='lat' dir='ltr'> </span> 
     </span>
    </p>
   </div>
  </div>
 </body>
</html>
