3740 5810
585 553 671 611 Anno
694 567 853 630 1422.—
876 565 926 630 27.
949 557 1058 616 martii.

190 656 483 664 ——-.-—-——.--
704 659 811 664 -.--.-.-
848 659 908 664 -.-
915 661 922 664 -
998 661 1039 666 .-

354 867 604 932 Bederinchech.

355 975 456 1040 Lucas
478 995 578 1058 gener
602 976 743 1060 Mathey.

353 1081 537 1144 Anthonius
561 1101 705 1166 arcupar.

353 1188 538 1252 Anthonius
561 1188 746 1252 Ozmonok.

354 1293 515 1377 Georgius
540 1295 702 1376 Huzaren.
883 1233 894 1379 Ι

354 761 514 846 Georgius
538 783 666 845 parvus.
883 783 895 1068 Ι

885 1074 898 1229 1
954 1031 1078 1112 Lingua
1103 1031 1329 1112 hungaricalis.

355 1613 512 1674 Martinus
535 1613 660 1695 Dvoeg.

355 1719 538 1782 Anthonius
562 1718 791 1782 Herichouich

356 1825 548 1889 Benedictus
572 1826 677 1888 Vdile.

356 1930 540 1994 Anthonius
563 1933 689 2016 pridem
714 1931 820 2014 judex.

354 1505 479 1588 Gaspar
501 1507 628 1590 pridem
652 1507 783 1590 juratus.
884 1521 900 1744 Ι

884 1749 898 1969 Ι
955 1720 1080 1801 Lingua
1105 1719 1395 1784 Theutunicorum.

306 2177 419 2257 Judex‚
443 2177 537 2260 jurati
561 2193 592 2242 et
615 2179 789 2242 consiliarii
814 2180 987 2262 supradicti
1012 2180 1120 2241 omnia
1139 2191 1254 2242 statuta
1279 2192 1310 2242 et
1326 2179 1464 2258 decreta,

197 2296 262 2344 tam
285 2283 317 2344 in
350 2285 491 2367 antiquis
516 2305 614 2367 quam
637 2287 668 2348 in
693 2287 831 2368 presenti
853 2287 1016 2368 quaternis
1039 2285 1199 2368 consripta
1224 2285 1332 2366 quoad
1349 2305 1464 2348 ornnes

198 2390 359 2452 clausulas
382 2405 414 2453 et
437 2392 589 2454 articulos
613 2391 842 2455 confirmarunt
865 2405 1021 2474 perpetuo
1046 2392 1191 2453 valitura.

306 2514 385 2576 item
408 2528 475 2577 tota
500 2518 715 2579 communitas
740 2518 771 2578 in
796 2517 891 2578 simul
913 2515 1079 2578 Anthonio
1103 2535 1258 2599 arcuparo
1282 2515 1349 2578 filio
1375 2516 1461 2578 Luce

199 2639 257 2701 pro
281 2621 347 2682 suis
371 2622 514 2684 serviciis
531 2623 619 2685 dedit
636 2643 737 2686 unum
755 2622 892 2686 fundum
909 2643 1046 2685 vacuum
1063 2623 1094 2683 in
1118 2623 1190 2684 vico
1217 2637 1362 2684 sutorum
1380 2622 1462 2684 inter

200 2724 318 2788 fundos
347 2727 524 2790 liberorum
549 2729 686 2792 condam
721 2730 819 2792 Marci
852 2743 883 2790 et
907 2728 1086 2792 Clementis
1117 2727 1262 2790 habitum
1296 2729 1349 2805 ita,
1374 2727 1463 2809 quod

201 2831 285 2893 idem
311 2833 495 2896 Anthonius
519 2835 623 2917 ipsum
656 2835 793 2898 fundum
825 2834 957 2897 edificiis
986 2836 1105 2912 debeat⁸
1133 2834 1283 2898 decorare
1308 2845 1362 2896 aut
1386 2853 1463 2895 ven·

200 2937 286 3018 dere,
311 2941 601 3023 communitatique
625 2941 712 3024 juxta
736 2961 828 3024 posse
852 2960 946 3002 suum
971 2939 1136 3024 (fidelitate
1160 2924 1301 3022 servire).

386 3173 483 3250 Faria
510 3185 609 3250 sexta
639 3181 793 3268 proxima
822 3187 899 3252 ante
928 3179 1127 3251 dominicam
1154 3178 1286 3270 Jodica.

732 3350 793 3428 (27.
817 3349 945 3417 martii).

307 3505 387 3568 Item
411 3507 498 3589 quod
523 3527 625 3590 nuper
649 3505 727 3570 feria
751 3521 837 3569 sexta
862 3507 1006 3590 proxima
1031 3519 1104 3568 ante
1128 3505 1326 3568 dominicam
1352 3504 1465 3568 Letare

204 3611 236 3672 in
260 3631 354 3676 causa
379 3614 462 3676 inter
486 3613 650 3676 Thomam
674 3628 816 3678 sutorem
849 3614 1004 3676 Podoben
1029 3614 1069 3675 ab
1100 3633 1164 3676 una
1189 3627 1219 3674 et
1242 3612 1405 3674 Andream
1430 3630 1467 3672 ac

205 3715 383 3799 Georgium
416 3719 501 3782 filios
525 3720 612 3783 Galli
645 3733 744 3800 mota,
775 3719 868 3802 jurati
900 3719 1134 3803 adjudicarunt,
1167 3717 1256 3800 quod
1280 3719 1355 3800 quia
1380 3717 1466 3782 idem

204 3822 350 3886 Thomas
384 3825 469 3888 viam
501 3827 741 3888 communitatis
773 3825 920 3904 reclusit,
953 3839 983 3887 et
1014 3825 1073 3887 sibi
1106 3825 1314 3886 commissum
1340 3822 1400 3886 fuit
1433 3835 1468 3884 ut

205 3929 333 3992 easdem
360 3931 475 4014 (sepes)
500 3945 679 3996 removeret
702 3945 733 3996 et
758 3951 822 3996 non
850 3933 998 4011 removit,
1024 3931 1097 3994 ideo
1122 3932 1197 4013 quia
1222 3929 1351 3992 easdem
1375 3950 1467 4012 sepes

205 4039 322 4119 posuit,
340 4040 372 4100 in
394 4040 496 4102 tribus
519 4041 635 4122 pensis,
660 4054 691 4101 et
716 4039 844 4101 easdem
869 4059 941 4100 cum
966 4039 1066 4100 tribus
1091 4041 1196 4120 pensis
1220 4057 1385 4100 removere
1410 4036 1465 4098 de·

206 4145 296 4222 beat;
332 4146 461 4227 etquis
486 4166 524 4208 ea
556 4166 622 4208 non
646 4145 721 4208 iecit
752 4147 810 4208 suh
842 4165 924 4228 pena
955 4145 1016 4207 sibi
1048 4143 1218 4206 commissa
1246 4143 1358 4205 decem
1384 4161 1468 4204 mar·

205 4269 325 4329 carum,
349 4251 436 4313 idern
458 4251 605 4316 Thomas
629 4253 733 4334 primo
758 4251 923 4314 convictus
945 4265 991 4314 est
1015 4253 1048 4314 in
1071 4271 1125 4312 sex
1149 4250 1256 4334 pensis
1280 4262 1311 4312 et
1335 4248 1467 4312 demum

206 4357 237 4418 in
261 4357 375 4420 decem
399 4359 524 4422 marcis.

311 4481 391 4544 item
416 4483 491 4564 quia
515 4481 610 4564 judex
642 4483 803 4544 commisit
827 4495 862 4544 ut
893 4483 959 4564 ipse
984 4481 1130 4544 Thomas
1162 4479 1321 4542 koucham
1345 4478 1469 4559 aperire

207 4587 336 4650 deberet
361 4601 392 4650 et
415 4609 480 4650 non
506 4590 631 4672 aperuit
654 4603 685 4652 et
708 4589 811 4650 tenuit
834 4589 982 4671 potencia
1004 4587 1176 4665 mediante,
1201 4585 1275 4648 ideo
1299 4585 1468 4646 convictus

207 4695 308 4757 estin
332 4695 444 4756 decem
467 4696 599 4774 marcis;
626 4695 801 4777 dequibus
825 4695 912 4756 idem
937 4695 1082 4756 Thomas
1098 4712 1163 4756 non
1181 4704 1350 4754 contentus
1376 4691 1471 4752 traxit

207 4803 246 4864 ad
268 4804 412 4865 seniores
435 4801 567 4886 judices.

312 4928 392 4990 item
417 4929 573 4991 Martinus
597 4927 771 5012 Goychech
803 4941 912 4988 contra
937 4925 1100 4988 Andream
1124 4923 1228 5007 primo
1261 4922 1374 4984 citatus
1404 4940 1469 4982 non

208 5035 398 5118 comparuit.
