3740 5810
541 601 632 662 Anno
654 615 743 682 ιρι.
770 637 809 646 -
834 599 888 664 28.
911 601 1024 663 martii.

311 815 390 878 Item
415 814 558 900 Egidius
578 812 729 878 carnifex.

310 921 390 984 Item
414 919 560 984 Andreas
584 920 750 983 Zuechiar.

310 1028 388 1090 Item
413 1025 676 1110 Plemenschyak.

288 1133 386 1200 Item
412 1132 583 1214 Georgius.

309 1241 388 1303 Item
412 1239 564 1304 Nicolaus
587 1238 744 1306 Verchek.
873 1235 886 1632 ι
958 1185 1082 1268 Li⁰⁸u⁸
1106 1185 1221 1250 “lm

308 1346 387 1408 Item
412 1346 523 1407 Petrus
547 1346 657 1408 Pazar.

309 1453 386 1514 Item
413 1451 573 1534 Georgius
596 1449 746 1514 carnifex.

309 1545 387 1620 Item
412 1557 558 1621 Thomas
583 1557 691 1620 Suich.

308 1771 386 1832 Item
411 1769 574 1833 Iohannes
596 1768 722 1852 pridem
746 1769 853 1852 judex.

308 1877 387 1940 Item
412 1879 514 1939 Lucas
539 1875 722 1956 Hungarus.

308 1983 387 2045 Item
412 1981 593 2065 Stephanus
616 1979 758 2064 pellifex.
1008 1981 1133 2062 Lingua
1163 1979 1347 2060 hungarica.

308 2089 386 2150 Item
411 2087 548 2150 Matthias
571 2087 720 2149 decanus.

310 2195 389 2256 Item
413 2194 579 2256 Emericus
602 2191 773 2256 aurifaber.

255 2442 334 2504 Item
365 2439 474 2524 judex,
503 2440 597 2524 jurati
629 2455 661 2504 et
692 2441 865 2504 consiliarii
898 2440 1008 2524 omnia
1039 2451 1155 2502 statuta
1178 2451 1244 2500 tam
1275 2437 1309 2499 in
1340 2457 1413 2519 pre·

150 2549 230 2610 senti
254 2567 352 2629 quam
379 2548 411 2608 in
435 2547 576 2629 antiquis
600 2547 739 2610 laternis
764 2547 954 2630 conscripta,
979 2545 1087 2629 quoad
1111 2563 1224 2607 omnes
1251 2543 1412 2606 clausulas

150 2668 181 2717 et
202 2654 357 2717 articulos
379 2653 612 2721 confirmarunt
635 2665 790 2736 perpetuo
814 2653 961 2718 valitura.

252 2873 350 2949 Faria
378 2875 477 2950 seris
505 2879 658 2967 proxima
685 2883 762 2968 post
790 2875 877 2950 diem
909 2874 1143 2948 concussionis
1171 2895 1319 2948 ovorum.

677 3029 746 3112 (28.
770 3033 892 3111 martia).

255 3173 334 3234 Item
358 3172 535 3255 Gregorius
558 3174 684 3257 pridem
703 3174 823 3257 juratus
840 3187 950 3237 contra
974 3173 1104 3236 Petrum
1130 3171 1253 3250 pridem
1271 3170 1410 3253 juratum

149 3278 251 3360 primo
275 3279 389 3341 citatus
413 3299 477 3342 non
502 3281 692 3363 comparuit.
1310 3351 1313 3357 ,

253 3385 333 3448 Item
357 3385 503 3448 Andreas
519 3385 559 3448 de
577 3386 756 3449 Modrussia
777 3399 887 3450 contra
907 3385 1082 3470 Gyurgyalr
1107 3383 1288 3448 carnIficem
1304 3385 1411 3468 primo

150 3491 261 3552 citatus
284 3511 351 3554 non
375 3493 565 3574 comparuit.

253 3597 331 3659 Item
356 3597 547 3660 DomInicus
578 3596 718 3682 frenipar
746 3618 819 3662 cum
853 3597 1022 3660 sufficienti
1051 3597 1238 3660 testimonio
1262 3616 1410 3680 compro-

151 3703 244 3782 bavit,
262 3717 296 3766 ut
311 3724 385 3766 cum
403 3705 523 3767 Mathai
540 3704 679 3788 frenipar
696 3705 728 3767 in
750 3706 899 3768 extremis
915 3706 979 3766 vite
996 3723 1052 3766 sue
1070 3704 1253 3778 laborasset,
1271 3703 1406 3766 domum

150 3828 236 3870 suam
253 3809 360 3872 eidem
377 3810 515 3873 vendere
540 3825 571 3874 et
587 3812 695 3874 debita
711 3813 835 3874 solvere
856 3811 1085 3887 commisisset;
1107 3808 1304 3890 tandemque
1321 3807 1407 3871 idem

151 3913 337 3978 Dominicus
346 3917 566 3980 commisarius
579 3932 609 3980 et
619 3917 799 4001 Stephanus
812 3918 939 3980 Keneht
948 3929 1116 3999 cognatus,
1126 3915 1260 3978 eandem
1271 3915 1406 3976 domurn

151 4021 286 4084 Martino
312 4023 412 4084 sutori
429 4023 661 4104 vendidissent,
682 4037 712 4087 et
729 4024 866 4086 Michael
883 4023 967 4086 filius
991 4023 1066 4086 dicti
1084 4023 1214 4106 Mathey
1230 4043 1267 4084 ex
1285 4022 1406 4086 eisdem

150 4127 291 4207 pecuniis
314 4125 503 4192 reservasset
526 4129 567 4191 ad
590 4130 791 4196 lucrandum.

254 4233 330 4296 Item
355 4235 463 4322 relicta
486 4236 615 4298 Andree
633 4236 811 4298 Hemchich
828 4251 938 4298 contra
956 4236 1118 4298 Thomam
1143 4235 1245 4298 filiurn
1262 4235 1407 4298 eiusdem

150 4340 274 4401 Andree
298 4341 404 4423 primo
428 4341 522 4402 citata
545 4361 611 4403 non
640 4343 829 4423 comparuit.

253 4445 331 4508 Item
356 4447 476 4508 Paulus
500 4447 623 4530 pridem
655 4447 775 4530 juratus
804 4447 999 4510 Sidouchich
1031 4461 1141 4524 contra
1172 4447 1316 4509 Marcum
1341 4466 1408 4508 car-

151 4551 274 4614 nificem
297 4553 405 4636 primo
429 4554 542 4616 citatus
565 4574 630 4616 non
655 4555 844 4637 comparuit.

252 4659 330 4722 Item
355 4660 431 4742 quia
455 4660 595 4724 Michael
618 4661 717 4723 ruffus
740 4663 847 4746 sepius
875 4675 1018 4745 repertus
1043 4677 1089 4724 est
1124 4663 1155 4724 in
1182 4661 1307 4723 malicia
1332 4660 1405 4722 ideo

152 4763 240 4845 jurati
263 4766 499 4847 adjudicarunt,
523 4781 558 4829 ut
581 4768 606 4828 si
631 4768 769 4850 amplius
793 4769 825 4830 in
857 4769 984 4830 malicia
1017 4769 1200 4852 reperietur,
1228 4766 1405 4829 secundum

153 4871 353 4954 privilegium
379 4873 419 4934 de
444 4873 513 4956 ipso
537 4873 661 4955 justicia
686 4873 753 4935 fieri
778 4873 902 4936 debeat.

177 5005 182 5014 ·
252 4977 330 5040 Item
346 4978 442 5062 jurati
467 4977 701 5060 adjudicarunt,
718 4980 806 5062 quod
823 4981 931 5044 relicta
950 4981 1048 5042 Lucia
1070 4995 1179 5042 contra
1204 4978 1404 5041 Anthonium

154 5097 287 5149 autorem
314 5099 429 5150 octavo
451 5085 504 5150 die
527 5087 689 5151 tenebitur
711 5101 849 5173 prestare
877 5085 1092 5172 juramentum
1125 5107 1220 5170 super
1244 5107 1293 5168 eo,
1317 5086 1405 5169 quod
