<?xml version="1.0" encoding="UTF-8"?>
<!DOCTYPE html PUBLIC "-//W3C//DTD XHTML 1.0 Transitional//EN"
    "http://www.w3.org/TR/xhtml1/DTD/xhtml1-transitional.dtd">
<html xmlns="http://www.w3.org/1999/xhtml" xml:lang="en" lang="en">
 <head>
  <title>
</title>
<meta http-equiv="Content-Type" content="text/html;charset=utf-8" />
  <meta name='ocr-system' content='tesseract 3.04.00' />
  <meta name='ocr-capabilities' content='ocr_page ocr_carea ocr_par ocr_line ocrx_word'/>
</head>
<body>
  <div class='ocr_page' id='page_1' title='image "./monumentahistor14laszgoog_0186.png"; bbox 0 0 3740 5810; ppageno 0'>
   <div class='ocr_carea' id='block_1_1' title="bbox 449 544 1299 628">
    <p class='ocr_par' dir='ltr' id='par_1_1' title="bbox 449 544 1299 628">
     <span class='ocr_line' id='line_1_1' title="bbox 449 544 1299 628; baseline 0.001 -22"><span class='ocrx_word' id='word_1_1' title='bbox 449 547 509 628; x_wconf 81' lang='lat'>138</span> <span class='ocrx_word' id='word_1_2' title='bbox 851 548 938 606; x_wconf 81' lang='lat' dir='ltr'>Anno</span> <span class='ocrx_word' id='word_1_3' title='bbox 961 562 1048 626; x_wconf 75' lang='lat'><em>1431·</em></span> <span class='ocrx_word' id='word_1_4' title='bbox 1075 581 1114 590; x_wconf 99' lang='lat'>-</span> <span class='ocrx_word' id='word_1_5' title='bbox 1142 544 1192 608; x_wconf 82' lang='lat'>18.</span> <span class='ocrx_word' id='word_1_6' title='bbox 1216 546 1299 608; x_wconf 78' lang='lat' dir='ltr'>maii.</span> 
     </span>
    </p>
   </div>
   <div class='ocr_carea' id='block_1_2' title="bbox 444 654 1016 662">
    <p class='ocr_par' dir='ltr' id='par_1_2' title="bbox 444 654 1016 662">
     <span class='ocr_line' id='line_1_2' title="bbox 444 654 1016 662; baseline 0.003 -3"><span class='ocrx_word' id='word_1_7' title='bbox 444 655 561 662; x_wconf 59' lang='lat' dir='ltr'>m</span> <span class='ocrx_word' id='word_1_8' title='bbox 583 654 1016 662; x_wconf 41' lang='lat' dir='ltr'>*Qu—---</span> 
     </span>
    </p>
   </div>
   <div class='ocr_carea' id='block_1_3' title="bbox 602 765 1541 1002">
    <p class='ocr_par' dir='ltr' id='par_1_3' title="bbox 602 765 1541 1002">
     <span class='ocr_line' id='line_1_3' title="bbox 602 765 1541 858; baseline -0.002 -18"><span class='ocrx_word' id='word_1_9' title='bbox 602 765 699 840; x_wconf 81' lang='lat' dir='ltr'>Faria</span> <span class='ocrx_word' id='word_1_10' title='bbox 726 775 825 839; x_wconf 85' lang='lat' dir='ltr'>serta</span> <span class='ocrx_word' id='word_1_11' title='bbox 854 770 1007 858; x_wconf 82' lang='lat' dir='ltr'>proxima</span> <span class='ocrx_word' id='word_1_12' title='bbox 1037 773 1115 838; x_wconf 88' lang='lat' dir='ltr'>ante</span> <span class='ocrx_word' id='word_1_13' title='bbox 1143 766 1266 839; x_wconf 80' lang='lat' dir='ltr'>lentum</span> <span class='ocrx_word' id='word_1_14' title='bbox 1295 767 1541 840; x_wconf 86' lang='lat' dir='ltr'>Penthecostes.</span> 
     </span>
     <span class='ocr_line' id='line_1_4' title="bbox 984 918 1173 1002; baseline 0.021 -22"><span class='ocrx_word' id='word_1_15' title='bbox 984 918 1054 1002; x_wconf 85' lang='lat'>(18.</span> <span class='ocrx_word' id='word_1_16' title='bbox 1077 920 1173 1002; x_wconf 81' lang='lat' dir='ltr'>maii).</span> 
     </span>
    </p>
   </div>
   <div class='ocr_carea' id='block_1_4' title="bbox 439 1058 1699 5087">
    <p class='ocr_par' dir='ltr' id='par_1_4' title="bbox 444 1058 1697 1251">
     <span class='ocr_line' id='line_1_5' title="bbox 552 1058 1697 1144; baseline -0.005 -20"><span class='ocrx_word' id='word_1_17' title='bbox 552 1063 629 1126; x_wconf 92' lang='lat' dir='ltr'>Item</span> <span class='ocrx_word' id='word_1_18' title='bbox 653 1063 843 1125; x_wconf 78' lang='lat' dir='ltr'>Valentinus</span> <span class='ocrx_word' id='word_1_19' title='bbox 860 1061 1011 1144; x_wconf 92' lang='lat' dir='ltr'>Iglichich</span> <span class='ocrx_word' id='word_1_20' title='bbox 1032 1075 1142 1124; x_wconf 86' lang='lat' dir='ltr'>contra</span> <span class='ocrx_word' id='word_1_21' title='bbox 1159 1061 1331 1124; x_wconf 89' lang='lat' dir='ltr'>domInum</span> <span class='ocrx_word' id='word_1_22' title='bbox 1349 1061 1548 1144; x_wconf 81' lang='lat' dir='ltr'>Stephanum</span> <span class='ocrx_word' id='word_1_23' title='bbox 1566 1058 1697 1122; x_wconf 83' lang='lat' dir='ltr'>Farlrasii</span> 
     </span>
     <span class='ocr_line' id='line_1_6' title="bbox 444 1166 1598 1251; baseline -0.003 -19"><span class='ocrx_word' id='word_1_24' title='bbox 444 1169 634 1232; x_wconf 90' lang='lat' dir='ltr'>canonicum</span> <span class='ocrx_word' id='word_1_25' title='bbox 659 1169 790 1232; x_wconf 80' lang='lat' dir='ltr'>ecclesie</span> <span class='ocrx_word' id='word_1_26' title='bbox 815 1169 1030 1250; x_wconf 90' lang='lat' dir='ltr'>zagrabiensis</span> <span class='ocrx_word' id='word_1_27' title='bbox 1054 1169 1158 1251; x_wconf 91' lang='lat' dir='ltr'>primo</span> <span class='ocrx_word' id='word_1_28' title='bbox 1183 1169 1296 1230; x_wconf 88' lang='lat' dir='ltr'>citatus</span> <span class='ocrx_word' id='word_1_29' title='bbox 1320 1186 1385 1230; x_wconf 89' lang='lat' dir='ltr'>non</span> <span class='ocrx_word' id='word_1_30' title='bbox 1409 1166 1598 1249; x_wconf 90' lang='lat' dir='ltr'>comparuit.</span> 
     </span>
    </p>

    <p class='ocr_par' dir='ltr' id='par_1_5' title="bbox 444 1271 1699 1465">
     <span class='ocr_line' id='line_1_7' title="bbox 548 1271 1699 1358; baseline -0.005 -21"><span class='ocrx_word' id='word_1_31' title='bbox 548 1275 625 1338; x_wconf 85' lang='lat' dir='ltr'>Item</span> <span class='ocrx_word' id='word_1_32' title='bbox 652 1275 761 1338; x_wconf 89' lang='lat' dir='ltr'>relicta</span> <span class='ocrx_word' id='word_1_33' title='bbox 788 1274 917 1338; x_wconf 88' lang='lat' dir='ltr'>Thome</span> <span class='ocrx_word' id='word_1_34' title='bbox 942 1274 1022 1338; x_wconf 86' lang='lat' dir='ltr'>labri</span> <span class='ocrx_word' id='word_1_35' title='bbox 1047 1289 1157 1337; x_wconf 91' lang='lat' dir='ltr'>contra</span> <span class='ocrx_word' id='word_1_36' title='bbox 1176 1275 1305 1338; x_wconf 86' lang='lat' dir='ltr'>Petrum</span> <span class='ocrx_word' id='word_1_37' title='bbox 1328 1273 1469 1358; x_wconf 88' lang='lat' dir='ltr'>juratum</span> <span class='ocrx_word' id='word_1_38' title='bbox 1493 1273 1595 1336; x_wconf 89' lang='lat' dir='ltr'>filium</span> <span class='ocrx_word' id='word_1_39' title='bbox 1623 1271 1699 1332; x_wconf 87' lang='lat' dir='ltr'>Petri</span> 
     </span>
     <span class='ocr_line' id='line_1_8' title="bbox 444 1382 974 1465; baseline 0.009 -24"><span class='ocrx_word' id='word_1_40' title='bbox 444 1382 548 1464; x_wconf 90' lang='lat' dir='ltr'>primo</span> <span class='ocrx_word' id='word_1_41' title='bbox 572 1383 666 1444; x_wconf 88' lang='lat' dir='ltr'>citata</span> <span class='ocrx_word' id='word_1_42' title='bbox 695 1402 760 1444; x_wconf 90' lang='lat' dir='ltr'>non</span> <span class='ocrx_word' id='word_1_43' title='bbox 785 1382 974 1465; x_wconf 90' lang='lat' dir='ltr'>comparuit.</span> 
     </span>
    </p>

    <p class='ocr_par' dir='ltr' id='par_1_6' title="bbox 446 1487 1698 1677">
     <span class='ocr_line' id='line_1_9' title="bbox 551 1487 1698 1570; baseline -0.003 -20"><span class='ocrx_word' id='word_1_44' title='bbox 551 1489 629 1551; x_wconf 89' lang='lat' dir='ltr'>Item</span> <span class='ocrx_word' id='word_1_45' title='bbox 653 1490 844 1552; x_wconf 87' lang='lat' dir='ltr'>Ambrosius</span> <span class='ocrx_word' id='word_1_46' title='bbox 860 1487 945 1552; x_wconf 89' lang='lat' dir='ltr'>filius</span> <span class='ocrx_word' id='word_1_47' title='bbox 969 1487 1147 1552; x_wconf 88' lang='lat' dir='ltr'>Clementis</span> <span class='ocrx_word' id='word_1_48' title='bbox 1167 1487 1320 1550; x_wconf 86' lang='lat' dir='ltr'>iustitotis</span> <span class='ocrx_word' id='word_1_49' title='bbox 1336 1487 1442 1570; x_wconf 89' lang='lat' dir='ltr'>primo</span> <span class='ocrx_word' id='word_1_50' title='bbox 1466 1487 1578 1549; x_wconf 88' lang='lat' dir='ltr'>citatus</span> <span class='ocrx_word' id='word_1_51' title='bbox 1594 1497 1698 1546; x_wconf 83' lang='lat' dir='ltr'>contra</span> 
     </span>
     <span class='ocr_line' id='line_1_10' title="bbox 446 1593 1283 1677; baseline 0.002 -21"><span class='ocrx_word' id='word_1_52' title='bbox 446 1595 573 1656; x_wconf 83' lang='lat' dir='ltr'>Petrum</span> <span class='ocrx_word' id='word_1_53' title='bbox 600 1595 739 1676; x_wconf 82' lang='lat' dir='ltr'>juratum</span> <span class='ocrx_word' id='word_1_54' title='bbox 763 1593 865 1658; x_wconf 81' lang='lat' dir='ltr'>fillum</span> <span class='ocrx_word' id='word_1_55' title='bbox 893 1595 976 1658; x_wconf 87' lang='lat' dir='ltr'>Petri</span> <span class='ocrx_word' id='word_1_56' title='bbox 1000 1615 1065 1656; x_wconf 90' lang='lat' dir='ltr'>non</span> <span class='ocrx_word' id='word_1_57' title='bbox 1093 1594 1283 1677; x_wconf 88' lang='lat' dir='ltr'>comparuit.</span> 
     </span>
    </p>

    <p class='ocr_par' dir='ltr' id='par_1_7' title="bbox 445 1696 1697 1890">
     <span class='ocr_line' id='line_1_11' title="bbox 551 1696 1697 1781; baseline -0.004 -19"><span class='ocrx_word' id='word_1_58' title='bbox 551 1701 629 1764; x_wconf 88' lang='lat' dir='ltr'>Item</span> <span class='ocrx_word' id='word_1_59' title='bbox 648 1701 733 1762; x_wconf 87' lang='lat' dir='ltr'>Iwan</span> <span class='ocrx_word' id='word_1_60' title='bbox 752 1700 1019 1765; x_wconf 86' lang='lat' dir='ltr'>Cordinchewich</span> <span class='ocrx_word' id='word_1_61' title='bbox 1037 1699 1122 1762; x_wconf 89' lang='lat' dir='ltr'>filius</span> <span class='ocrx_word' id='word_1_62' title='bbox 1137 1700 1263 1762; x_wconf 89' lang='lat' dir='ltr'>Nicolai</span> <span class='ocrx_word' id='word_1_63' title='bbox 1281 1713 1390 1763; x_wconf 88' lang='lat' dir='ltr'>contra</span> <span class='ocrx_word' id='word_1_64' title='bbox 1409 1697 1585 1781; x_wconf 80' lang='lat' dir='ltr'>Georgium</span> <span class='ocrx_word' id='word_1_65' title='bbox 1602 1696 1697 1759; x_wconf 92' lang='lat' dir='ltr'>filium</span> 
     </span>
     <span class='ocr_line' id='line_1_12' title="bbox 445 1806 1452 1890; baseline -0.001 -19"><span class='ocrx_word' id='word_1_66' title='bbox 445 1806 622 1871; x_wconf 89' lang='lat' dir='ltr'>Clementis</span> <span class='ocrx_word' id='word_1_67' title='bbox 646 1809 686 1870; x_wconf 91' lang='lat' dir='ltr'>de</span> <span class='ocrx_word' id='word_1_68' title='bbox 711 1806 879 1870; x_wconf 83' lang='lat' dir='ltr'>Kralewch</span> <span class='ocrx_word' id='word_1_69' title='bbox 903 1809 1008 1890; x_wconf 85' lang='lat' dir='ltr'>prImo</span> <span class='ocrx_word' id='word_1_70' title='bbox 1032 1808 1145 1870; x_wconf 89' lang='lat' dir='ltr'>citatus</span> <span class='ocrx_word' id='word_1_71' title='bbox 1169 1827 1234 1869; x_wconf 91' lang='lat' dir='ltr'>non</span> <span class='ocrx_word' id='word_1_72' title='bbox 1262 1806 1452 1889; x_wconf 84' lang='lat' dir='ltr'>comparuit.</span> 
     </span>
    </p>

    <p class='ocr_par' dir='ltr' id='par_1_8' title="bbox 443 1909 1698 2421">
     <span class='ocr_line' id='line_1_13' title="bbox 550 1909 1698 1995; baseline -0.004 -20"><span class='ocrx_word' id='word_1_73' title='bbox 550 1913 627 1975; x_wconf 90' lang='lat' dir='ltr'>Item</span> <span class='ocrx_word' id='word_1_74' title='bbox 653 1913 763 1975; x_wconf 87' lang='lat' dir='ltr'>Petrus</span> <span class='ocrx_word' id='word_1_75' title='bbox 787 1913 909 1994; x_wconf 82' lang='lat' dir='ltr'>juratus</span> <span class='ocrx_word' id='word_1_76' title='bbox 933 1913 1018 1976; x_wconf 90' lang='lat' dir='ltr'>filius</span> <span class='ocrx_word' id='word_1_77' title='bbox 1042 1913 1126 1974; x_wconf 87' lang='lat' dir='ltr'>Petri</span> <span class='ocrx_word' id='word_1_78' title='bbox 1155 1913 1260 1995; x_wconf 79' lang='lat' dir='ltr'>jurati,</span> <span class='ocrx_word' id='word_1_79' title='bbox 1284 1913 1361 1995; x_wconf 87' lang='lat' dir='ltr'>quia</span> <span class='ocrx_word' id='word_1_80' title='bbox 1384 1912 1424 1974; x_wconf 91' lang='lat' dir='ltr'>ad</span> <span class='ocrx_word' id='word_1_81' title='bbox 1448 1910 1570 1992; x_wconf 89' lang='lat' dir='ltr'>objecta</span> <span class='ocrx_word' id='word_1_82' title='bbox 1594 1909 1698 1992; x_wconf 89' lang='lat' dir='ltr'>pleba-</span> 
     </span>
     <span class='ocr_line' id='line_1_14' title="bbox 445 2015 1697 2100; baseline -0.006 -19"><span class='ocrx_word' id='word_1_83' title='bbox 445 2039 562 2081; x_wconf 91' lang='lat' dir='ltr'>norum</span> <span class='ocrx_word' id='word_1_84' title='bbox 587 2021 719 2082; x_wconf 83' lang='lat' dir='ltr'>ecclesie</span> <span class='ocrx_word' id='word_1_85' title='bbox 744 2021 844 2082; x_wconf 90' lang='lat' dir='ltr'>sancti</span> <span class='ocrx_word' id='word_1_86' title='bbox 870 2021 968 2082; x_wconf 88' lang='lat' dir='ltr'>Marci</span> <span class='ocrx_word' id='word_1_87' title='bbox 1001 2019 1217 2100; x_wconf 81' lang='lat' dir='ltr'>ewangeliste,</span> <span class='ocrx_word' id='word_1_88' title='bbox 1241 2018 1392 2082; x_wconf 85' lang='lat' dir='ltr'>videIIcet</span> <span class='ocrx_word' id='word_1_89' title='bbox 1424 2017 1589 2094; x_wconf 83' lang='lat' dir='ltr'>AnthoniI,</span> <span class='ocrx_word' id='word_1_90' title='bbox 1613 2015 1697 2076; x_wconf 87' lang='lat' dir='ltr'>Pauli</span> 
     </span>
     <span class='ocr_line' id='line_1_15' title="bbox 444 2123 1697 2208; baseline -0.005 -21"><span class='ocrx_word' id='word_1_91' title='bbox 444 2139 475 2187; x_wconf 91' lang='lat' dir='ltr'>et</span> <span class='ocrx_word' id='word_1_92' title='bbox 500 2125 665 2206; x_wconf 85' lang='lat' dir='ltr'>Iohannis,</span> <span class='ocrx_word' id='word_1_93' title='bbox 684 2127 796 2208; x_wconf 87' lang='lat' dir='ltr'>petivit</span> <span class='ocrx_word' id='word_1_94' title='bbox 820 2127 879 2188; x_wconf 92' lang='lat' dir='ltr'>sibi</span> <span class='ocrx_word' id='word_1_95' title='bbox 897 2127 1069 2188; x_wconf 89' lang='lat' dir='ltr'>terminum</span> <span class='ocrx_word' id='word_1_96' title='bbox 1088 2126 1306 2208; x_wconf 90' lang='lat' dir='ltr'>responsionis</span> <span class='ocrx_word' id='word_1_97' title='bbox 1324 2145 1380 2208; x_wconf 90' lang='lat' dir='ltr'>per</span> <span class='ocrx_word' id='word_1_98' title='bbox 1396 2123 1527 2187; x_wconf 88' lang='lat' dir='ltr'>eosdem</span> <span class='ocrx_word' id='word_1_99' title='bbox 1552 2123 1697 2204; x_wconf 86' lang='lat' dir='ltr'>legittime</span> 
     </span>
     <span class='ocr_line' id='line_1_16' title="bbox 444 2223 1698 2316; baseline -0.003 -23"><span class='ocrx_word' id='word_1_100' title='bbox 444 2233 569 2311; x_wconf 88' lang='lat' dir='ltr'>citatus,</span> <span class='ocrx_word' id='word_1_101' title='bbox 595 2223 668 2294; x_wconf 85' lang='lat' dir='ltr'>ideo</span> <span class='ocrx_word' id='word_1_102' title='bbox 693 2233 733 2293; x_wconf 90' lang='lat' dir='ltr'>ad</span> <span class='ocrx_word' id='word_1_103' title='bbox 758 2233 899 2316; x_wconf 88' lang='lat' dir='ltr'>primum</span> <span class='ocrx_word' id='word_1_104' title='bbox 923 2233 1080 2315; x_wconf 88' lang='lat' dir='ltr'>judicIum</span> <span class='ocrx_word' id='word_1_105' title='bbox 1108 2231 1149 2294; x_wconf 94' lang='lat' dir='ltr'>ad</span> <span class='ocrx_word' id='word_1_106' title='bbox 1181 2231 1304 2313; x_wconf 87' lang='lat' dir='ltr'>objecta</span> <span class='ocrx_word' id='word_1_107' title='bbox 1329 2233 1470 2316; x_wconf 90' lang='lat' dir='ltr'>ipsorum</span> <span class='ocrx_word' id='word_1_108' title='bbox 1494 2229 1698 2312; x_wconf 90' lang='lat' dir='ltr'>plebanorum</span> 
     </span>
     <span class='ocr_line' id='line_1_17' title="bbox 443 2338 1202 2421; baseline 0.001 -22"><span class='ocrx_word' id='word_1_109' title='bbox 443 2338 604 2400; x_wconf 88' lang='lat' dir='ltr'>tenebitur</span> <span class='ocrx_word' id='word_1_110' title='bbox 627 2339 820 2421; x_wconf 89' lang='lat' dir='ltr'>respondere</span> <span class='ocrx_word' id='word_1_111' title='bbox 846 2340 912 2421; x_wconf 86' lang='lat' dir='ltr'>lpse</span> <span class='ocrx_word' id='word_1_112' title='bbox 937 2339 1049 2402; x_wconf 86' lang='lat' dir='ltr'>Petrus</span> <span class='ocrx_word' id='word_1_113' title='bbox 1073 2339 1202 2420; x_wconf 88' lang='lat' dir='ltr'>juratus.</span> 
     </span>
    </p>

    <p class='ocr_par' dir='ltr' id='par_1_9' title="bbox 443 2443 1696 2635">
     <span class='ocr_line' id='line_1_18' title="bbox 548 2443 1696 2529; baseline -0.003 -24"><span class='ocrx_word' id='word_1_114' title='bbox 548 2444 625 2506; x_wconf 88' lang='lat' dir='ltr'>Item</span> <span class='ocrx_word' id='word_1_115' title='bbox 642 2444 802 2526; x_wconf 89' lang='lat' dir='ltr'>Georgius</span> <span class='ocrx_word' id='word_1_116' title='bbox 825 2445 974 2529; x_wconf 84' lang='lat' dir='ltr'>Aythych</span> <span class='ocrx_word' id='word_1_117' title='bbox 998 2465 1072 2508; x_wconf 89' lang='lat' dir='ltr'>cum</span> <span class='ocrx_word' id='word_1_118' title='bbox 1097 2445 1198 2510; x_wconf 89' lang='lat' dir='ltr'>Cussa</span> <span class='ocrx_word' id='word_1_119' title='bbox 1222 2464 1320 2508; x_wconf 85' lang='lat' dir='ltr'>uxore</span> <span class='ocrx_word' id='word_1_120' title='bbox 1352 2465 1408 2506; x_wconf 88' lang='lat' dir='ltr'>sua</span> <span class='ocrx_word' id='word_1_121' title='bbox 1433 2456 1542 2507; x_wconf 88' lang='lat' dir='ltr'>contra</span> <span class='ocrx_word' id='word_1_122' title='bbox 1569 2443 1696 2504; x_wconf 82' lang='lat' dir='ltr'>Ambro-</span> 
     </span>
     <span class='ocr_line' id='line_1_19' title="bbox 443 2551 1467 2635; baseline 0 -23"><span class='ocrx_word' id='word_1_123' title='bbox 443 2551 526 2613; x_wconf 87' lang='lat' dir='ltr'>sium</span> <span class='ocrx_word' id='word_1_124' title='bbox 549 2551 651 2614; x_wconf 88' lang='lat' dir='ltr'>filium</span> <span class='ocrx_word' id='word_1_125' title='bbox 677 2552 855 2616; x_wconf 88' lang='lat' dir='ltr'>Clementis</span> <span class='ocrx_word' id='word_1_126' title='bbox 878 2553 984 2635; x_wconf 92' lang='lat' dir='ltr'>primo</span> <span class='ocrx_word' id='word_1_127' title='bbox 1009 2553 1094 2616; x_wconf 90' lang='lat' dir='ltr'>citati</span> <span class='ocrx_word' id='word_1_128' title='bbox 1119 2572 1184 2615; x_wconf 90' lang='lat' dir='ltr'>non</span> <span class='ocrx_word' id='word_1_129' title='bbox 1209 2565 1467 2633; x_wconf 90' lang='lat' dir='ltr'>comparuerunt.</span> 
     </span>
    </p>

    <p class='ocr_par' dir='ltr' id='par_1_10' title="bbox 445 2657 1697 2850">
     <span class='ocr_line' id='line_1_20' title="bbox 554 2657 1697 2722; baseline -0.003 0"><span class='ocrx_word' id='word_1_130' title='bbox 554 2661 631 2722; x_wconf 90' lang='lat' dir='ltr'>Item</span> <span class='ocrx_word' id='word_1_131' title='bbox 658 2660 777 2721; x_wconf 88' lang='lat' dir='ltr'>Paulus</span> <span class='ocrx_word' id='word_1_132' title='bbox 799 2659 975 2722; x_wconf 89' lang='lat' dir='ltr'>Praschech</span> <span class='ocrx_word' id='word_1_133' title='bbox 1000 2675 1109 2722; x_wconf 90' lang='lat' dir='ltr'>contra</span> <span class='ocrx_word' id='word_1_134' title='bbox 1134 2659 1218 2722; x_wconf 87' lang='lat' dir='ltr'>Iwan</span> <span class='ocrx_word' id='word_1_135' title='bbox 1243 2659 1329 2722; x_wconf 90' lang='lat' dir='ltr'>Baril</span> <span class='ocrx_word' id='word_1_136' title='bbox 1345 2657 1487 2722; x_wconf 90' lang='lat' dir='ltr'>secundo</span> <span class='ocrx_word' id='word_1_137' title='bbox 1507 2659 1617 2720; x_wconf 89' lang='lat' dir='ltr'>citatus</span> <span class='ocrx_word' id='word_1_138' title='bbox 1638 2675 1697 2719; x_wconf 90' lang='lat' dir='ltr'>non</span> 
     </span>
     <span class='ocr_line' id='line_1_21' title="bbox 445 2767 635 2850; baseline 0.005 -23"><span class='ocrx_word' id='word_1_139' title='bbox 445 2767 635 2850; x_wconf 83' lang='lat' dir='ltr'>comparuit.</span> 
     </span>
    </p>

    <p class='ocr_par' dir='ltr' id='par_1_11' title="bbox 442 2868 1696 3382">
     <span class='ocr_line' id='line_1_22' title="bbox 548 2868 1696 2954; baseline -0.003 -21"><span class='ocrx_word' id='word_1_140' title='bbox 548 2872 626 2934; x_wconf 92' lang='lat' dir='ltr'>Item</span> <span class='ocrx_word' id='word_1_141' title='bbox 643 2871 735 2953; x_wconf 88' lang='lat' dir='ltr'>jurati</span> <span class='ocrx_word' id='word_1_142' title='bbox 753 2871 1027 2952; x_wconf 90' lang='lat' dir='ltr'>adjudicaverunt,</span> <span class='ocrx_word' id='word_1_143' title='bbox 1051 2873 1139 2954; x_wconf 91' lang='lat' dir='ltr'>quod</span> <span class='ocrx_word' id='word_1_144' title='bbox 1160 2875 1269 2952; x_wconf 77' lang='lat' dir='ltr'>Agnes</span> <span class='ocrx_word' id='word_1_145' title='bbox 1284 2870 1349 2933; x_wconf 90' lang='lat' dir='ltr'>filia</span> <span class='ocrx_word' id='word_1_146' title='bbox 1367 2870 1505 2933; x_wconf 90' lang='lat' dir='ltr'>condam</span> <span class='ocrx_word' id='word_1_147' title='bbox 1524 2868 1638 2932; x_wconf 80' lang='lat' dir='ltr'>Mathai</span> <span class='ocrx_word' id='word_1_148' title='bbox 1661 2868 1696 2929; x_wconf 92' lang='lat' dir='ltr'>de</span> 
     </span>
     <span class='ocr_line' id='line_1_23' title="bbox 444 2976 1696 3061; baseline -0.002 -22"><span class='ocrx_word' id='word_1_149' title='bbox 444 2978 612 3041; x_wconf 89' lang='lat' dir='ltr'>Kralewch</span> <span class='ocrx_word' id='word_1_150' title='bbox 639 2993 752 3041; x_wconf 88' lang='lat' dir='ltr'>octavo</span> <span class='ocrx_word' id='word_1_151' title='bbox 777 2979 828 3042; x_wconf 91' lang='lat' dir='ltr'>die</span> <span class='ocrx_word' id='word_1_152' title='bbox 845 2999 941 3061; x_wconf 90' lang='lat' dir='ltr'>super</span> <span class='ocrx_word' id='word_1_153' title='bbox 964 2997 1051 3040; x_wconf 90' lang='lat' dir='ltr'>aram</span> <span class='ocrx_word' id='word_1_154' title='bbox 1076 2977 1171 3040; x_wconf 86' lang='lat' dir='ltr'>debet</span> <span class='ocrx_word' id='word_1_155' title='bbox 1187 2977 1291 3058; x_wconf 89' lang='lat' dir='ltr'>jurare</span> <span class='ocrx_word' id='word_1_156' title='bbox 1308 2991 1418 3041; x_wconf 90' lang='lat' dir='ltr'>contra</span> <span class='ocrx_word' id='word_1_157' title='bbox 1443 2978 1583 3040; x_wconf 89' lang='lat' dir='ltr'>Marcum</span> <span class='ocrx_word' id='word_1_158' title='bbox 1600 2976 1696 3038; x_wconf 87' lang='lat' dir='ltr'>filium</span> 
     </span>
     <span class='ocr_line' id='line_1_24' title="bbox 443 3081 1696 3167; baseline -0.003 -21"><span class='ocrx_word' id='word_1_159' title='bbox 443 3084 517 3147; x_wconf 94' lang='lat' dir='ltr'>dicti</span> <span class='ocrx_word' id='word_1_160' title='bbox 544 3085 677 3165; x_wconf 86' lang='lat' dir='ltr'>Mathei,</span> <span class='ocrx_word' id='word_1_161' title='bbox 701 3085 830 3149; x_wconf 84' lang='lat' dir='ltr'>fratrem</span> <span class='ocrx_word' id='word_1_162' title='bbox 854 3104 959 3165; x_wconf 89' lang='lat' dir='ltr'>suum,</span> <span class='ocrx_word' id='word_1_163' title='bbox 987 3103 1154 3167; x_wconf 86' lang='lat' dir='ltr'>supereo,</span> <span class='ocrx_word' id='word_1_164' title='bbox 1185 3098 1221 3146; x_wconf 92' lang='lat' dir='ltr'>ut</span> <span class='ocrx_word' id='word_1_165' title='bbox 1244 3085 1310 3167; x_wconf 90' lang='lat' dir='ltr'>ipsa</span> <span class='ocrx_word' id='word_1_166' title='bbox 1343 3103 1434 3146; x_wconf 89' lang='lat' dir='ltr'>auam</span> <span class='ocrx_word' id='word_1_167' title='bbox 1459 3084 1641 3166; x_wconf 90' lang='lat' dir='ltr'>porcionem</span> <span class='ocrx_word' id='word_1_168' title='bbox 1666 3081 1696 3142; x_wconf 93' lang='lat' dir='ltr'>in</span> 
     </span>
     <span class='ocr_line' id='line_1_25' title="bbox 442 3192 1694 3275; baseline -0.002 -21"><span class='ocrx_word' id='word_1_169' title='bbox 442 3193 698 3274; x_wconf 88' lang='lat' dir='ltr'>possessionibus</span> <span class='ocrx_word' id='word_1_170' title='bbox 721 3193 797 3255; x_wconf 93' lang='lat' dir='ltr'>dicti</span> <span class='ocrx_word' id='word_1_171' title='bbox 822 3194 919 3275; x_wconf 89' lang='lat' dir='ltr'>patris</span> <span class='ocrx_word' id='word_1_172' title='bbox 943 3193 1046 3274; x_wconf 85' lang='lat' dir='ltr'>ipsam</span> <span class='ocrx_word' id='word_1_173' title='bbox 1071 3192 1128 3254; x_wconf 89' lang='lat' dir='ltr'>rite</span> <span class='ocrx_word' id='word_1_174' title='bbox 1153 3205 1402 3254; x_wconf 88' lang='lat' dir='ltr'>concernentem</span> <span class='ocrx_word' id='word_1_175' title='bbox 1426 3193 1486 3275; x_wconf 91' lang='lat' dir='ltr'>ipsi</span> <span class='ocrx_word' id='word_1_176' title='bbox 1512 3193 1617 3255; x_wconf 85' lang='lat' dir='ltr'>Marco</span> <span class='ocrx_word' id='word_1_177' title='bbox 1634 3209 1694 3252; x_wconf 91' lang='lat' dir='ltr'>non</span> 
     </span>
     <span class='ocr_line' id='line_1_26' title="bbox 443 3300 925 3382; baseline -0.002 -20"><span class='ocrx_word' id='word_1_178' title='bbox 443 3300 615 3362; x_wconf 88' lang='lat' dir='ltr'>remisisset</span> <span class='ocrx_word' id='word_1_179' title='bbox 639 3319 697 3362; x_wconf 88' lang='lat' dir='ltr'>nec</span> <span class='ocrx_word' id='word_1_180' title='bbox 721 3300 925 3382; x_wconf 88' lang='lat' dir='ltr'>propriasset.</span> 
     </span>
    </p>

    <p class='ocr_par' dir='ltr' id='par_1_12' title="bbox 442 3403 1697 4128">
     <span class='ocr_line' id='line_1_27' title="bbox 546 3403 1696 3488; baseline -0.002 -22"><span class='ocrx_word' id='word_1_181' title='bbox 546 3405 624 3467; x_wconf 92' lang='lat' dir='ltr'>Item</span> <span class='ocrx_word' id='word_1_182' title='bbox 649 3405 741 3488; x_wconf 86' lang='lat' dir='ltr'>jurati</span> <span class='ocrx_word' id='word_1_183' title='bbox 766 3405 1041 3487; x_wconf 82' lang='lat' dir='ltr'>adjudicaverunt,</span> <span class='ocrx_word' id='word_1_184' title='bbox 1058 3405 1147 3488; x_wconf 91' lang='lat' dir='ltr'>quod</span> <span class='ocrx_word' id='word_1_185' title='bbox 1165 3404 1348 3466; x_wconf 86' lang='lat' dir='ltr'>Anthonius</span> <span class='ocrx_word' id='word_1_186' title='bbox 1371 3405 1529 3467; x_wconf 88' lang='lat' dir='ltr'>Mikusich</span> <span class='ocrx_word' id='word_1_187' title='bbox 1546 3403 1584 3468; x_wconf 91' lang='lat' dir='ltr'>de</span> <span class='ocrx_word' id='word_1_188' title='bbox 1603 3403 1696 3468; x_wconf 87' lang='lat' dir='ltr'>Cher·</span> 
     </span>
     <span class='ocr_line' id='line_1_28' title="bbox 443 3509 1696 3594; baseline -0.002 -21"><span class='ocrx_word' id='word_1_189' title='bbox 443 3511 522 3574; x_wconf 92' lang='lat' dir='ltr'>nech</span> <span class='ocrx_word' id='word_1_190' title='bbox 549 3512 636 3574; x_wconf 90' lang='lat' dir='ltr'>solus</span> <span class='ocrx_word' id='word_1_191' title='bbox 660 3525 773 3574; x_wconf 89' lang='lat' dir='ltr'>octavo</span> <span class='ocrx_word' id='word_1_192' title='bbox 797 3513 848 3574; x_wconf 92' lang='lat' dir='ltr'>die</span> <span class='ocrx_word' id='word_1_193' title='bbox 873 3531 968 3594; x_wconf 89' lang='lat' dir='ltr'>super</span> <span class='ocrx_word' id='word_1_194' title='bbox 991 3531 1079 3574; x_wconf 88' lang='lat' dir='ltr'>aram</span> <span class='ocrx_word' id='word_1_195' title='bbox 1102 3510 1197 3574; x_wconf 90' lang='lat' dir='ltr'>debet</span> <span class='ocrx_word' id='word_1_196' title='bbox 1214 3511 1318 3593; x_wconf 82' lang='lat' dir='ltr'>jurare</span> <span class='ocrx_word' id='word_1_197' title='bbox 1339 3525 1450 3573; x_wconf 88' lang='lat' dir='ltr'>contra</span> <span class='ocrx_word' id='word_1_198' title='bbox 1468 3511 1639 3574; x_wconf 90' lang='lat' dir='ltr'>Martinum</span> <span class='ocrx_word' id='word_1_199' title='bbox 1654 3509 1696 3591; x_wconf 85' lang='lat' dir='ltr'>ju·</span> 
     </span>
     <span class='ocr_line' id='line_1_29' title="bbox 442 3617 1695 3702; baseline -0.002 -22"><span class='ocrx_word' id='word_1_200' title='bbox 442 3633 544 3680; x_wconf 91' lang='lat' dir='ltr'>ratum</span> <span class='ocrx_word' id='word_1_201' title='bbox 571 3617 673 3680; x_wconf 89' lang='lat' dir='ltr'>filium</span> <span class='ocrx_word' id='word_1_202' title='bbox 699 3618 829 3681; x_wconf 90' lang='lat' dir='ltr'>Thome</span> <span class='ocrx_word' id='word_1_203' title='bbox 853 3638 948 3702; x_wconf 87' lang='lat' dir='ltr'>super</span> <span class='ocrx_word' id='word_1_204' title='bbox 965 3638 1015 3698; x_wconf 88' lang='lat' dir='ltr'>eo,</span> <span class='ocrx_word' id='word_1_205' title='bbox 1038 3631 1074 3682; x_wconf 94' lang='lat' dir='ltr'>ut</span> <span class='ocrx_word' id='word_1_206' title='bbox 1090 3619 1156 3702; x_wconf 90' lang='lat' dir='ltr'>ipse</span> <span class='ocrx_word' id='word_1_207' title='bbox 1181 3638 1294 3680; x_wconf 93' lang='lat' dir='ltr'>omnes</span> <span class='ocrx_word' id='word_1_208' title='bbox 1317 3631 1391 3681; x_wconf 94' lang='lat' dir='ltr'>octo</span> <span class='ocrx_word' id='word_1_209' title='bbox 1416 3638 1527 3681; x_wconf 88' lang='lat' dir='ltr'>currus</span> <span class='ocrx_word' id='word_1_210' title='bbox 1550 3635 1695 3694; x_wconf 87' lang='lat' dir='ltr'>asserum,</span> 
     </span>
     <span class='ocr_line' id='line_1_30' title="bbox 442 3722 1697 3808; baseline -0.003 -21"><span class='ocrx_word' id='word_1_211' title='bbox 442 3745 525 3807; x_wconf 91' lang='lat' dir='ltr'>quos</span> <span class='ocrx_word' id='word_1_212' title='bbox 549 3725 687 3787; x_wconf 84' lang='lat' dir='ltr'>debebat</span> <span class='ocrx_word' id='word_1_213' title='bbox 710 3725 770 3808; x_wconf 93' lang='lat' dir='ltr'>ipsi</span> <span class='ocrx_word' id='word_1_214' title='bbox 796 3726 935 3788; x_wconf 86' lang='lat' dir='ltr'>Martino</span> <span class='ocrx_word' id='word_1_215' title='bbox 966 3725 1071 3807; x_wconf 87' lang='lat' dir='ltr'>jurato</span> <span class='ocrx_word' id='word_1_216' title='bbox 1096 3725 1172 3787; x_wconf 90' lang='lat' dir='ltr'>dare</span> <span class='ocrx_word' id='word_1_217' title='bbox 1204 3739 1234 3786; x_wconf 89' lang='lat' dir='ltr'>et</span> <span class='ocrx_word' id='word_1_218' title='bbox 1258 3725 1434 3806; x_wconf 82' lang='lat' dir='ltr'>exsolvere,</span> <span class='ocrx_word' id='word_1_219' title='bbox 1467 3725 1593 3807; x_wconf 90' lang='lat' dir='ltr'>penitus</span> <span class='ocrx_word' id='word_1_220' title='bbox 1615 3722 1697 3785; x_wconf 91' lang='lat' dir='ltr'>dedit</span> 
     </span>
     <span class='ocr_line' id='line_1_31' title="bbox 442 3829 1693 3913; baseline -0.002 -21"><span class='ocrx_word' id='word_1_221' title='bbox 442 3847 473 3893; x_wconf 86' lang='lat' dir='ltr'>et</span> <span class='ocrx_word' id='word_1_222' title='bbox 496 3831 631 3893; x_wconf 84' lang='lat' dir='ltr'>exsolvit</span> <span class='ocrx_word' id='word_1_223' title='bbox 655 3831 695 3892; x_wconf 90' lang='lat' dir='ltr'>ad</span> <span class='ocrx_word' id='word_1_224' title='bbox 719 3831 887 3894; x_wconf 87' lang='lat' dir='ltr'>ecclesiam</span> <span class='ocrx_word' id='word_1_225' title='bbox 919 3833 1019 3894; x_wconf 91' lang='lat' dir='ltr'>sancti</span> <span class='ocrx_word' id='word_1_226' title='bbox 1044 3832 1182 3912; x_wconf 90' lang='lat' dir='ltr'>Nicolai‚</span> <span class='ocrx_word' id='word_1_227' title='bbox 1208 3850 1273 3913; x_wconf 91' lang='lat' dir='ltr'>quo</span> <span class='ocrx_word' id='word_1_228' title='bbox 1306 3831 1382 3896; x_wconf 88' lang='lat' dir='ltr'>date</span> <span class='ocrx_word' id='word_1_229' title='bbox 1406 3845 1438 3895; x_wconf 90' lang='lat' dir='ltr'>et</span> <span class='ocrx_word' id='word_1_230' title='bbox 1459 3832 1619 3894; x_wconf 85' lang='lat' dir='ltr'>exsolvere</span> <span class='ocrx_word' id='word_1_231' title='bbox 1643 3829 1693 3890; x_wconf 89' lang='lat' dir='ltr'>de·</span> 
     </span>
     <span class='ocr_line' id='line_1_32' title="bbox 442 3937 1695 4021; baseline -0.002 -21"><span class='ocrx_word' id='word_1_232' title='bbox 442 3939 528 4014; x_wconf 87' lang='lat' dir='ltr'>buit;</span> <span class='ocrx_word' id='word_1_233' title='bbox 555 3939 593 3998; x_wconf 89' lang='lat' dir='ltr'>de</span> <span class='ocrx_word' id='word_1_234' title='bbox 619 3959 684 4020; x_wconf 91' lang='lat' dir='ltr'>quo</span> <span class='ocrx_word' id='word_1_235' title='bbox 702 3938 822 4021; x_wconf 89' lang='lat' dir='ltr'>judicio</span> <span class='ocrx_word' id='word_1_236' title='bbox 839 3937 981 4021; x_wconf 86' lang='lat' dir='ltr'>prefatus</span> <span class='ocrx_word' id='word_1_237' title='bbox 1005 3940 1162 4002; x_wconf 88' lang='lat' dir='ltr'>Martinus</span> <span class='ocrx_word' id='word_1_238' title='bbox 1178 3938 1300 4020; x_wconf 91' lang='lat' dir='ltr'>juratus</span> <span class='ocrx_word' id='word_1_239' title='bbox 1316 3959 1382 4002; x_wconf 89' lang='lat' dir='ltr'>non</span> <span class='ocrx_word' id='word_1_240' title='bbox 1399 3952 1579 4018; x_wconf 86' lang='lat' dir='ltr'>contentus,</span> <span class='ocrx_word' id='word_1_241' title='bbox 1595 3937 1695 4020; x_wconf 90' lang='lat' dir='ltr'>appel·</span> 
     </span>
     <span class='ocr_line' id='line_1_33' title="bbox 442 4044 1694 4128; baseline 0 -23"><span class='ocrx_word' id='word_1_242' title='bbox 442 4044 520 4106; x_wconf 88' lang='lat' dir='ltr'>lavit</span> <span class='ocrx_word' id='word_1_243' title='bbox 546 4045 647 4127; x_wconf 86' lang='lat' dir='ltr'>ipsam</span> <span class='ocrx_word' id='word_1_244' title='bbox 671 4045 949 4125; x_wconf 88' lang='lat' dir='ltr'>adjudicacionem</span> <span class='ocrx_word' id='word_1_245' title='bbox 974 4045 1014 4107; x_wconf 92' lang='lat' dir='ltr'>ad</span> <span class='ocrx_word' id='word_1_246' title='bbox 1050 4046 1322 4108; x_wconf 81' lang='lat' dir='ltr'>deliberacionem</span> <span class='ocrx_word' id='word_1_247' title='bbox 1353 4047 1518 4107; x_wconf 86' lang='lat' dir='ltr'>senIorum</span> <span class='ocrx_word' id='word_1_248' title='bbox 1551 4044 1694 4128; x_wconf 82' lang='lat' dir='ltr'>judicum.</span> 
     </span>
    </p>

    <p class='ocr_par' dir='ltr' id='par_1_13' title="bbox 440 4149 1695 4556">
     <span class='ocr_line' id='line_1_34' title="bbox 548 4149 1695 4235; baseline -0.002 -23"><span class='ocrx_word' id='word_1_249' title='bbox 548 4150 626 4214; x_wconf 90' lang='lat' dir='ltr'>Item</span> <span class='ocrx_word' id='word_1_250' title='bbox 659 4151 811 4214; x_wconf 90' lang='lat' dir='ltr'>dominus</span> <span class='ocrx_word' id='word_1_251' title='bbox 843 4152 1027 4215; x_wconf 86' lang='lat' dir='ltr'>Anthonius</span> <span class='ocrx_word' id='word_1_252' title='bbox 1058 4153 1213 4235; x_wconf 90' lang='lat' dir='ltr'>presbiter</span> <span class='ocrx_word' id='word_1_253' title='bbox 1252 4153 1410 4234; x_wconf 90' lang='lat' dir='ltr'>plebanus</span> <span class='ocrx_word' id='word_1_254' title='bbox 1441 4152 1574 4215; x_wconf 86' lang='lat' dir='ltr'>ecclesie</span> <span class='ocrx_word' id='word_1_255' title='bbox 1604 4149 1695 4212; x_wconf 89' lang='lat' dir='ltr'>sancti</span> 
     </span>
     <span class='ocr_line' id='line_1_35' title="bbox 442 4257 1694 4341; baseline -0.002 -21"><span class='ocrx_word' id='word_1_256' title='bbox 442 4258 541 4320; x_wconf 90' lang='lat' dir='ltr'>Marci</span> <span class='ocrx_word' id='word_1_257' title='bbox 567 4259 773 4340; x_wconf 86' lang='lat' dir='ltr'>ewangeliste</span> <span class='ocrx_word' id='word_1_258' title='bbox 798 4259 915 4340; x_wconf 89' lang='lat' dir='ltr'>jurabit</span> <span class='ocrx_word' id='word_1_259' title='bbox 930 4259 1018 4321; x_wconf 92' lang='lat' dir='ltr'>solus</span> <span class='ocrx_word' id='word_1_260' title='bbox 1041 4279 1136 4341; x_wconf 91' lang='lat' dir='ltr'>super</span> <span class='ocrx_word' id='word_1_261' title='bbox 1162 4279 1250 4320; x_wconf 89' lang='lat' dir='ltr'>aram</span> <span class='ocrx_word' id='word_1_262' title='bbox 1267 4272 1381 4322; x_wconf 90' lang='lat' dir='ltr'>octavo</span> <span class='ocrx_word' id='word_1_263' title='bbox 1406 4258 1458 4320; x_wconf 92' lang='lat' dir='ltr'>die</span> <span class='ocrx_word' id='word_1_264' title='bbox 1475 4272 1584 4321; x_wconf 88' lang='lat' dir='ltr'>contra</span> <span class='ocrx_word' id='word_1_265' title='bbox 1604 4257 1694 4320; x_wconf 91' lang='lat' dir='ltr'>Geor·</span> 
     </span>
     <span class='ocr_line' id='line_1_36' title="bbox 440 4361 1693 4449; baseline -0.002 -24"><span class='ocrx_word' id='word_1_266' title='bbox 440 4365 528 4447; x_wconf 90' lang='lat' dir='ltr'>gium</span> <span class='ocrx_word' id='word_1_267' title='bbox 552 4365 691 4446; x_wconf 88' lang='lat' dir='ltr'>judicem</span> <span class='ocrx_word' id='word_1_268' title='bbox 716 4385 811 4448; x_wconf 89' lang='lat' dir='ltr'>super</span> <span class='ocrx_word' id='word_1_269' title='bbox 836 4385 886 4444; x_wconf 90' lang='lat' dir='ltr'>eo,</span> <span class='ocrx_word' id='word_1_270' title='bbox 911 4381 946 4428; x_wconf 91' lang='lat' dir='ltr'>ut</span> <span class='ocrx_word' id='word_1_271' title='bbox 971 4366 1036 4449; x_wconf 88' lang='lat' dir='ltr'>ipse</span> <span class='ocrx_word' id='word_1_272' title='bbox 1062 4365 1221 4447; x_wconf 89' lang='lat' dir='ltr'>Georgius</span> <span class='ocrx_word' id='word_1_273' title='bbox 1246 4365 1342 4448; x_wconf 84' lang='lat' dir='ltr'>judex</span> <span class='ocrx_word' id='word_1_274' title='bbox 1370 4385 1505 4449; x_wconf 88' lang='lat' dir='ltr'>cappam</span> <span class='ocrx_word' id='word_1_275' title='bbox 1529 4366 1605 4428; x_wconf 89' lang='lat' dir='ltr'>selle</span> <span class='ocrx_word' id='word_1_276' title='bbox 1627 4361 1693 4445; x_wconf 88' lang='lat' dir='ltr'>equi</span> 
     </span>
     <span class='ocr_line' id='line_1_37' title="bbox 440 4471 1431 4556; baseline 0.002 -24"><span class='ocrx_word' id='word_1_277' title='bbox 440 4471 488 4532; x_wconf 92' lang='lat' dir='ltr'>sui</span> <span class='ocrx_word' id='word_1_278' title='bbox 514 4471 572 4554; x_wconf 92' lang='lat' dir='ltr'>ipsi</span> <span class='ocrx_word' id='word_1_279' title='bbox 598 4471 731 4532; x_wconf 92' lang='lat' dir='ltr'>domino</span> <span class='ocrx_word' id='word_1_280' title='bbox 756 4471 922 4533; x_wconf 83' lang='lat' dir='ltr'>Anthonio</span> <span class='ocrx_word' id='word_1_281' title='bbox 947 4472 1122 4553; x_wconf 91' lang='lat' dir='ltr'>presbitero</span> <span class='ocrx_word' id='word_1_282' title='bbox 1147 4493 1212 4536; x_wconf 88' lang='lat' dir='ltr'>non</span> <span class='ocrx_word' id='word_1_283' title='bbox 1237 4473 1431 4556; x_wconf 85' lang='lat' dir='ltr'>propinavit.</span> 
     </span>
    </p>

    <p class='ocr_par' dir='ltr' id='par_1_14' title="bbox 439 4576 1694 5087">
     <span class='ocr_line' id='line_1_38' title="bbox 545 4576 1692 4662; baseline -0.001 -24"><span class='ocrx_word' id='word_1_284' title='bbox 545 4577 621 4640; x_wconf 89' lang='lat' dir='ltr'>Item</span> <span class='ocrx_word' id='word_1_285' title='bbox 647 4578 759 4640; x_wconf 91' lang='lat' dir='ltr'>Petrus</span> <span class='ocrx_word' id='word_1_286' title='bbox 783 4577 905 4658; x_wconf 88' lang='lat' dir='ltr'>juratus</span> <span class='ocrx_word' id='word_1_287' title='bbox 928 4576 1013 4640; x_wconf 92' lang='lat' dir='ltr'>filius</span> <span class='ocrx_word' id='word_1_288' title='bbox 1037 4579 1121 4641; x_wconf 91' lang='lat' dir='ltr'>Petri</span> <span class='ocrx_word' id='word_1_289' title='bbox 1153 4577 1276 4662; x_wconf 87' lang='lat' dir='ltr'>Saphar</span> <span class='ocrx_word' id='word_1_290' title='bbox 1306 4594 1421 4642; x_wconf 86' lang='lat' dir='ltr'>octavo</span> <span class='ocrx_word' id='word_1_291' title='bbox 1446 4579 1499 4642; x_wconf 91' lang='lat' dir='ltr'>die</span> <span class='ocrx_word' id='word_1_292' title='bbox 1533 4598 1628 4662; x_wconf 88' lang='lat' dir='ltr'>penes</span> <span class='ocrx_word' id='word_1_293' title='bbox 1649 4595 1692 4638; x_wconf 90' lang='lat' dir='ltr'>re·</span> 
     </span>
     <span class='ocr_line' id='line_1_39' title="bbox 439 4683 1694 4769; baseline -0.002 -25"><span class='ocrx_word' id='word_1_294' title='bbox 439 4683 573 4765; x_wconf 89' lang='lat' dir='ltr'>gistrum</span> <span class='ocrx_word' id='word_1_295' title='bbox 598 4704 691 4745; x_wconf 90' lang='lat' dir='ltr'>suurn</span> <span class='ocrx_word' id='word_1_296' title='bbox 709 4684 827 4765; x_wconf 89' lang='lat' dir='ltr'>jurabit</span> <span class='ocrx_word' id='word_1_297' title='bbox 850 4705 947 4766; x_wconf 89' lang='lat' dir='ltr'>super</span> <span class='ocrx_word' id='word_1_298' title='bbox 965 4705 1051 4746; x_wconf 91' lang='lat' dir='ltr'>aram</span> <span class='ocrx_word' id='word_1_299' title='bbox 1077 4697 1184 4746; x_wconf 91' lang='lat' dir='ltr'>contra</span> <span class='ocrx_word' id='word_1_300' title='bbox 1205 4685 1404 4768; x_wconf 87' lang='lat' dir='ltr'>Stephanum</span> <span class='ocrx_word' id='word_1_301' title='bbox 1421 4685 1593 4769; x_wconf 88' lang='lat' dir='ltr'>pellificem</span> <span class='ocrx_word' id='word_1_302' title='bbox 1609 4700 1694 4765; x_wconf 88' lang='lat' dir='ltr'>super</span> 
     </span>
     <span class='ocr_line' id='line_1_40' title="bbox 440 4789 1692 4874; baseline 0 -24"><span class='ocrx_word' id='word_1_303' title='bbox 440 4809 489 4867; x_wconf 86' lang='lat' dir='ltr'>eo,</span> <span class='ocrx_word' id='word_1_304' title='bbox 514 4803 549 4852; x_wconf 93' lang='lat' dir='ltr'>ut</span> <span class='ocrx_word' id='word_1_305' title='bbox 572 4790 639 4872; x_wconf 91' lang='lat' dir='ltr'>ipse</span> <span class='ocrx_word' id='word_1_306' title='bbox 665 4790 847 4873; x_wconf 90' lang='lat' dir='ltr'>Stephanus</span> <span class='ocrx_word' id='word_1_307' title='bbox 872 4791 1016 4872; x_wconf 88' lang='lat' dir='ltr'>predicto</span> <span class='ocrx_word' id='word_1_308' title='bbox 1042 4791 1136 4852; x_wconf 89' lang='lat' dir='ltr'>Petro</span> <span class='ocrx_word' id='word_1_309' title='bbox 1170 4789 1254 4871; x_wconf 81' lang='lat' dir='ltr'>juxta</span> <span class='ocrx_word' id='word_1_310' title='bbox 1287 4792 1455 4874; x_wconf 89' lang='lat' dir='ltr'>registrum</span> <span class='ocrx_word' id='word_1_311' title='bbox 1481 4806 1512 4854; x_wconf 88' lang='lat' dir='ltr'>et</span> <span class='ocrx_word' id='word_1_312' title='bbox 1537 4791 1692 4872; x_wconf 86' lang='lat' dir='ltr'>consigna·</span> 
     </span>
     <span class='ocr_line' id='line_1_41' title="bbox 439 4896 1690 4984; baseline -0.002 -27"><span class='ocrx_word' id='word_1_313' title='bbox 439 4897 565 4958; x_wconf 90' lang='lat' dir='ltr'>cionem</span> <span class='ocrx_word' id='word_1_314' title='bbox 591 4897 795 4959; x_wconf 76' lang='lat' dir='ltr'>Anderlronis</span> <span class='ocrx_word' id='word_1_315' title='bbox 818 4911 849 4960; x_wconf 88' lang='lat' dir='ltr'>et</span> <span class='ocrx_word' id='word_1_316' title='bbox 872 4918 928 4980; x_wconf 92' lang='lat' dir='ltr'>per</span> <span class='ocrx_word' id='word_1_317' title='bbox 952 4917 1151 4979; x_wconf 89' lang='lat' dir='ltr'>consequens</span> <span class='ocrx_word' id='word_1_318' title='bbox 1175 4898 1274 4981; x_wconf 90' lang='lat' dir='ltr'>ipsius</span> <span class='ocrx_word' id='word_1_319' title='bbox 1299 4899 1394 4976; x_wconf 84' lang='lat' dir='ltr'>Petri,</span> <span class='ocrx_word' id='word_1_320' title='bbox 1418 4900 1478 4984; x_wconf 91' lang='lat' dir='ltr'>ipsi</span> <span class='ocrx_word' id='word_1_321' title='bbox 1503 4899 1597 4962; x_wconf 89' lang='lat' dir='ltr'>Petro</span> <span class='ocrx_word' id='word_1_322' title='bbox 1620 4896 1690 4958; x_wconf 88' lang='lat' dir='ltr'>duas</span> 
     </span>
     <span class='ocr_line' id='line_1_42' title="bbox 441 5004 1027 5087; baseline 0.002 -22"><span class='ocrx_word' id='word_1_323' title='bbox 441 5023 562 5066; x_wconf 90' lang='lat' dir='ltr'>marcas</span> <span class='ocrx_word' id='word_1_324' title='bbox 586 5004 792 5068; x_wconf 89' lang='lat' dir='ltr'>denariorum</span> <span class='ocrx_word' id='word_1_325' title='bbox 817 5005 1027 5087; x_wconf 88' lang='lat' dir='ltr'>obligaretur.</span> 
     </span>
    </p>
   </div>
   <div class='ocr_carea' id='block_1_5' title="bbox 0 0 1874 5810">
    <p class='ocr_par' dir='ltr' id='par_1_15' title="bbox 0 0 1874 5810">
     <span class='ocr_line' id='line_1_43' title="bbox 0 0 1874 5810; baseline 0 1"><span class='ocrx_word' id='word_1_326' title='bbox 0 0 1874 5810; x_wconf 95' lang='lat' dir='ltr'> </span> 
     </span>
    </p>
   </div>
  </div>
 </body>
</html>
