3876 5798
740 1507 888 1606 (Anno
920 1505 1100 1598 Domini
1128 1478 1439 1606 dccccxiii).

1041 1742 1144 1750 *-

457 1879 664 1956 Notandum
685 1887 751 1972 est,
772 1881 867 1980 quod
895 1882 929 1956 in
950 1905 1044 1957 anno
1065 1881 1208 1958 Domini
1231 1882 1417 1958 millesimo
1442 1879 1738 1982 quadringente-

461 2005 552 2079 sirno
582 2004 861 2104 quadragesimo
891 2015 1007 2096 sexto,
1037 2005 1128 2082 feria
1155 2015 1260 2081 sexta
1288 2005 1449 2106 proxima
1477 2011 1561 2080 ante
1589 2004 1739 2081 festum

458 2128 555 2204 beati
574 2127 745 2228 Gregorii
766 2151 860 2229 pape
880 2139 987 2229 atque
1008 2131 1180 2222 doctoris,
1199 2139 1364 2230 tempore
1379 2128 1561 2228 judicatus
1580 2127 1741 2206 Martini

455 2251 584 2350 judicis
614 2251 785 2344 moderni,
813 2251 871 2327 filii
901 2253 1049 2344 Thone,
1074 2278 1223 2355 presens
1252 2255 1403 2329 katerna
1431 2261 1489 2328 est
1517 2254 1744 2352 conscripta

465 2377 688 2476 superactis
724 2385 761 2452 et
775 2376 916 2475 judiciis
946 2381 1216 2454 occurrentibus
1242 2388 1408 2478 ternpore
1436 2377 1617 2477 presentis
1633 2377 1742 2475 judi—

459 2508 564 2576 catus
595 2499 754 2577 eiusdem
784 2500 925 2577 Manini
948 2502 1087 2600 judicis,
1117 2503 1224 2578 ruodo
1254 2515 1292 2578 et
1320 2502 1443 2578 ordine
1471 2500 1743 2602 infrascriptis.

976 2731 1039 2810 (11.
1065 2731 1194 2805 martii).

896 2925 958 2986 Hic
990 2937 1142 2987 notantur
1165 2923 1276 3004 jurati:

774 3083 852 3147 Item
878 3084 1047 3167 Georgius.

775 3191 851 3253 Item
876 3193 955 3254 alter
980 3191 1149 3276 Georgius.

774 3297 851 3360 item
881 3298 1044 3361 Nicolaus.

774 3405 851 3466 Item
881 3406 1017 3468 Marcus.

775 3510 851 3573 item
877 3511 1078 3574 Benedictus.

774 3619 851 3679 item
877 3619 1024 3682 Jacobus.

774 3725 851 3786 Item
876 3725 1046 3787 Fabianus.

774 3831 849 3894 item
880 3832 1072 3894 Demetrius.

862 4027 922 4090 Hic
947 4041 1098 4090 notantur
1121 4029 1313 4090 consiliarii:

772 4185 850 4246 item
876 4183 1021 4246 Thomas
1046 4201 1156 4250 sartor.

772 4291 849 4352 item
874 4290 1037 4353 Johannes
1060 4306 1170 4356 sartor.

772 4397 849 4460 Item
873 4399 1025 4460 Nicolaus
1049 4411 1160 4461 sartor.

772 4506 848 4567 Item
874 4504 1035 4586 Georgius
1058 4520 1169 4568 sartor.

772 4613 849 4674 item
874 4613 1000 4673 Marcus
1023 4611 1107 4674 filius
1132 4613 1309 4675 Sebastiani

771 4720 848 4782 Item
871 4719 1062 4782 Valentinus
1086 4719 1125 4781 de
1149 4720 1317 4783 Vrbowcz.

772 4827 849 4888 item
875 4826 1040 4908 Philippus
1065 4825 1233 4890 aurifaber.

771 4934 848 4995 item
875 4935 976 4993 Janiro
1001 4953 1142 5016 arcupar.

772 5041 846 5103 Item
873 5040 1017 5100 Andreas
1041 5040 1080 5102 de
1106 5041 1248 5104 Raboch.
