3740 5810
605 570 691 626 Anno
715 581 803 644 1421.
830 601 869 611 -
894 581 945 625 20.
962 567 1055 643 jumi.
1104 541 1105 546 ἵ
1399 582 1455 644 ¹05

295 781 375 842 Item
400 779 539 842 Michael
564 777 659 860 judex
684 778 769 841 filius
793 778 945 862 Symonis
968 791 1083 841 octavo
1107 777 1184 861 (die)
1208 778 1370 840 tenebitur
1385 797 1458 860 pre-

188 901 273 950 stare
297 887 514 968 juramentum
538 899 650 949 contra
673 885 886 948 Benedicturn
910 883 1039 947 fratrem
1063 905 1157 948 suurn
1181 904 1277 967 super
1300 903 1349 964 eo,
1368 883 1457 966 quod

189 995 223 1056 in
247 994 341 1056 totali
366 1013 423 1055 sua
447 993 579 1055 accione
603 1007 685 1055 esset
708 993 873 1054 innocens.

297 1099 378 1162 Item
400 1119 482 1162 uxor
497 1098 619 1162 Mathie
642 1098 755 1160 decani
773 1112 919 1161 sutorum
941 1111 1055 1160 octavo
1072 1097 1123 1159 die
1141 1111 1252 1160 contra
1278 1095 1456 1178 Georgium

194 1208 293 1269 tercia
318 1205 376 1289 (se)
399 1206 560 1268 tenebitur
585 1218 725 1289 prestare
748 1205 964 1286 juramentum
992 1223 1088 1287 super
1111 1223 1161 1283 eo,
1187 1202 1275 1285 quod
1308 1203 1340 1264 in
1363 1203 1457 1266 totali

190 1315 327 1376 accione
352 1313 480 1374 racione
503 1311 668 1394 pullorum
691 1325 773 1374 esset
796 1312 961 1374 innocens.

298 1419 379 1482 Item
410 1439 505 1481 causa
536 1419 619 1480 inter
652 1417 851 1501 Stephanum
883 1416 1028 1480 Pundich
1061 1432 1092 1478 et
1123 1416 1305 1478 Fabianum
1329 1414 1458 1478 fratrem

191 1525 333 1590 condam
359 1525 488 1588 Thome
511 1537 683 1607 prorogata
708 1537 755 1587 est
777 1523 818 1586 ad
841 1524 980 1607 primum
1005 1523 1172 1605 judicium.

299 1632 402 1694 Jurati
425 1630 659 1713 adjudicarunt,
691 1629 780 1712 quod
811 1630 888 1712 quia
919 1630 1031 1692 Petrus
1063 1628 1209 1691 Zudnich
1241 1629 1457 1712 juramentum

190 1757 250 1820 per
275 1737 415 1818 juratum
448 1738 508 1800 sibi
538 1751 650 1799 contra
682 1735 858 1820 Gregorich
891 1755 955 1799 non
988 1735 1134 1818 prestitit,
1167 1735 1240 1798 ideo
1266 1736 1298 1796 in
1323 1735 1454 1798 accione

189 1844 293 1926 ipsius
318 1843 495 1926 Gregorich
520 1843 685 1906 convictus
708 1857 764 1906 est.

299 1951 378 2014 ltem
403 1950 517 2014 Gallus
545 1963 647 2014 sartor
669 1963 779 2013 contra
804 1949 1039 2012 Kathelenlram
1063 1962 1177 2012 octavo
1201 1947 1278 2032 (die)
1304 1949 1458 2031 prestabit

189 2057 424 2140 juramentum,
448 2057 536 2140 quod
561 2076 632 2118 earu
656 2076 723 2118 non
746 2056 965 2139 vituperasset.

299 2164 400 2226 Jurati
413 2163 648 2246 adjudicarunt,
665 2161 753 2244 quod
768 2161 948 2245 Stephanus
965 2159 1110 2224 Pundich
1128 2161 1173 2224 nil
1186 2173 1348 2224 teneretur
1366 2161 1456 2223 Hans

188 2271 231 2334 ad
255 2291 311 2334 sex
327 2269 478 2350 florenos,
503 2289 584 2352 quos
608 2289 626 2331 a
652 2269 771 2331 Mathia
795 2267 899 2351 jurato
918 2281 1089 2352 receperat,
1114 2268 1201 2330 idern
1226 2287 1358 2351 quoque
1383 2267 1453 2330 Ste-

188 2378 318 2462 phanus
342 2391 469 2441 tenetur
493 2377 598 2440 eidem
617 2376 706 2438 Hans
730 2389 834 2438 totum
851 2375 970 2438 lectum
987 2388 1018 2437 et
1034 2375 1240 2437 medietatem
1260 2375 1457 2437 utensilium.

242 2612 343 2688 Beria
370 2621 471 2688 serta
498 2617 654 2706 proxima
682 2622 759 2686 ante
789 2614 912 2686 lestunr
939 2615 1029 2687 beati
1052 2614 1215 2706 Jolrannis
1244 2613 1403 2704 baptiste.

732 2768 796 2846 (20.
812 2767 919 2845 suns).
988 2767 990 2774 ⁴
1090 2767 1092 2775 “
1191 2767 1194 2774 ·

300 2909 380 2973 ltem
396 2908 548 2990 magister
560 2907 722 2970 Fabianus
732 2919 841 2969 contra
850 2907 1022 2969 Nicolaum
1033 2907 1194 2969 literatum
1204 2905 1307 2967 filium
1320 2903 1457 2967 Aruadei

190 3017 293 3080 tercio
328 3035 362 3077 se
386 3034 481 3076 suum
512 3013 663 3096 deposuit
693 3013 909 3096 juramentum
940 3013 1086 3096 superius
1118 3027 1265 3074 notatum
1288 3031 1383 3094 super
1407 3031 1457 3090 eo,

192 3123 282 3205 quod
307 3119 433 3205 ipsein
465 3121 557 3184 totali
589 3120 719 3182 accione
746 3139 803 3181 sua
836 3119 991 3182 innocens
1014 3133 1072 3198 est,
1104 3118 1254 3180 videlicet
1279 3117 1367 3200 quod
1399 3135 1457 3178 nec

192 3230 356 3292 scrineum
390 3247 484 3289 suum
519 3227 736 3309 apperuisset,
772 3245 877 3309 neque
908 3226 1043 3288 literalia
1075 3226 1285 3288 instrumenta
1317 3245 1373 3286 sua
1405 3224 1457 3286 vel

190 3336 333 3398 aliorum
357 3333 397 3394 de
421 3331 538 3394 eodem
561 3332 686 3394 scrineo
711 3333 890 3414 recepisset.

297 3440 378 3501 ltem
403 3437 541 3501 Michael
558 3438 683 3521 pridem
708 3437 803 3520 judex
820 3437 905 3499 lilius
922 3438 1074 3520 Syruonis
1090 3457 1185 3500 suum
1208 3437 1358 3520 deposuit
1373 3436 1456 3518 jura·

191 3561 341 3609 mentum
373 3565 468 3628 supra
500 3557 657 3624 notatum,
682 3545 770 3627 quod
803 3546 835 3606 in
867 3545 997 3607 accione
1030 3544 1193 3607 Benedicti
1226 3541 1330 3606 fratris
1353 3544 1400 3605 sui
1426 3557 1458 3604 et

191 3654 351 3717 consortis
375 3653 518 3716 eiusdem
543 3651 709 3714 Benedicti
733 3665 779 3714 est
803 3653 967 3714 innocens.

298 3760 377 3822 Item
404 3757 565 3840 Georgius
596 3773 698 3821 sartor
728 3757 823 3820 frater
855 3758 1021 3820 Michaelis
1045 3771 1154 3820 contra
1188 3755 1367 3838 Georgium
1392 3778 1455 3820 sar·

191 3879 294 3928 torem
321 3865 461 3948 crispum
486 3864 628 3927 secundo
653 3865 766 3928 citatus
790 3885 855 3926 non
880 3865 1069 3947 comparuit.

297 3972 377 4034 ltem
403 3970 563 4052 Georgius
586 3983 687 4033 sartor
710 3985 818 4033 contra
844 3970 960 4054 Gyuan
984 3972 1062 4032 alias
1079 3970 1217 4054 judicem
1243 3969 1386 4033 secundo
1412 3971 1455 4032 ci-

191 4089 275 4140 tatus
300 4098 368 4140 non
396 4078 585 4160 comparuit.

299 4185 378 4248 ltem
403 4185 527 4247 Busech
552 4198 663 4247 contra
693 4184 857 4247 Andream
888 4185 1013 4267 pridem
1044 4184 1185 4267 judicem
1208 4185 1313 4266 primo
1343 4184 1457 4244 citatus

192 4310 258 4352 non
283 4291 474 4373 comparuit.

299 4397 379 4459 Item
411 4398 603 4461 Benedictus
635 4399 674 4460 de
706 4397 869 4460 Coznicha
902 4411 1011 4458 contra
1050 4397 1184 4459 Paulum
1217 4397 1320 4459 Totar
1351 4395 1456 4478 primo

192 4504 308 4565 citatus
335 4523 400 4565 non
425 4506 613 4586 comparuit.

301 4610 380 4671 ltem
405 4610 597 4674 Benedictus
622 4610 694 4672 Dile
718 4623 827 4672 contra
854 4611 987 4672 Paulum
1013 4609 1180 4673 Decanech
1206 4610 1310 4692 prirno
1343 4609 1456 4670 citatus

194 4736 259 4778 non
284 4717 474 4798 comparuit.

301 4824 401 4886 Jurati
426 4823 660 4905 adjudicarunt,
685 4823 773 4905 quod
797 4825 871 4905 quia
898 4823 1088 4885 Valentinus
1115 4823 1239 4905 pridem
1264 4823 1384 4904 juratus
1407 4842 1455 4883 ra·

196 4931 288 4992 cione
314 4929 413 4992 Marci
439 4931 549 5014 Supan
566 4951 667 5014 nuper
684 4932 765 4992 circa
783 4931 949 4992 Petouiam
974 4931 1150 5011 dampnum
1168 4928 1228 4990 fuit
1244 4949 1363 5010 passus,
1382 4929 1454 4990 ideo

198 5057 292 5124 super
317 5051 615 5123 quantumcumque
651 5037 792 5122 dampno
824 5037 890 5123 ipse
923 5037 1113 5101 Valentinus
1143 5049 1256 5100 octavo
1289 5035 1340 5100 die
1372 5035 1455 5120 jura·
