3852 5820
657 549 745 607 Anno
764 559 853 626 1417.
879 582 919 592 -
944 562 995 608 20.
1011 549 1095 624 julii.
1467 567 1509 629 49

350 758 429 820 Item
462 758 555 840 jurati
592 757 816 840 adjudicarunt
851 779 978 820 causam
1015 759 1096 820 inter
1132 759 1307 821 discretum
1340 759 1509 821 dominnm

247 865 400 928 Mathiam
425 865 637 947 presbiterum
671 879 701 926 et
732 865 902 928 Nicolaum
934 865 1036 926 filium
1063 866 1147 927 Petri
1172 881 1203 928 et
1234 866 1437 929 Anthonium
1461 885 1509 928 ra·

245 973 336 1034 cione
361 970 528 1033 cuiusdam
554 969 628 1034 lurti
645 972 867 1054 pecuniarum,
888 985 924 1034 ut
940 972 1077 1053 quilibet
1094 991 1204 1034 eorum
1231 986 1345 1035 octavo
1370 973 1421 1034 die
1439 993 1509 1056 pre·

245 1079 388 1138 sencium
412 1079 511 1139 tercio
535 1097 567 1139 se
592 1092 825 1140 sacramentum
847 1091 987 1161 prestare
1004 1077 1120 1140 debeat
1143 1097 1238 1160 super
1263 1099 1312 1157 eo,
1337 1080 1425 1161 quod
1448 1079 1507 1161 ipsi

246 1185 277 1245 in
303 1184 394 1246 totali
419 1185 549 1246 accione
567 1185 666 1267 ipsius
683 1185 807 1246 domini
832 1185 952 1247 Mathie
970 1185 1157 1246 innocentes
1174 1199 1281 1248 essent
1293 1199 1324 1248 et
1337 1187 1507 1248 immunes.

349 1307 427 1369 Item
463 1309 537 1390 quia
575 1308 708 1390 provida
744 1308 876 1370 domina
911 1312 1021 1389 Agnes
1063 1322 1193 1387 vocata,
1228 1309 1337 1370 relicta
1370 1309 1506 1371 condam

245 1414 376 1475 Martini
400 1414 565 1493 aurifabri,
590 1429 699 1477 contra
714 1414 844 1477 Gallum
861 1414 964 1476 filium
982 1415 1066 1477 Petri
1091 1435 1186 1498 super
1210 1435 1249 1477 eo
1273 1429 1507 1478 sacramentum

246 1519 393 1601 prestitit,
425 1521 513 1602 quod
538 1521 605 1603 ipsa
629 1521 661 1583 in
693 1521 784 1583 totali
809 1522 939 1583 accione
968 1521 1067 1603 ipsius
1091 1520 1177 1584 Galli
1210 1522 1364 1584 innocens
1391 1521 1508 1605 (esset),

245 1645 303 1708 pro
328 1645 368 1688 eo
392 1627 493 1710 ipsam
517 1629 739 1690 commisimus
763 1628 956 1711 expeditam.

245 1860 341 1934 Faria
370 1868 478 1936 tercia
506 1867 661 1954 proxima
689 1873 766 1955 post
793 1866 916 1938 testum
937 1866 1158 1938 visitacionis
1186 1867 1330 1954 virginis
1353 1867 1507 1955 gloriose.

800 2033 844 2114 (6.
861 2039 957 2115 surra.

352 2193 432 2255 Item
456 2193 567 2254 Petrus
590 2193 674 2256 filius
699 2195 865 2274 Demetrii,
888 2196 1048 2258 districtus
1080 2197 1119 2257 de
1144 2197 1277 2278 Posega,
1302 2196 1377 2278 quia
1402 2216 1452 2259 res
1476 2210 1508 2261 et

249 2300 334 2361 bona
357 2319 395 2360 ac
418 2313 520 2362 vestes
544 2301 686 2382 magistri
712 2300 845 2383 Georgii
875 2301 932 2364 filii
958 2303 1096 2364 Emerici
1130 2302 1168 2363 de
1195 2303 1316 2364 Bikzad
1341 2316 1371 2365 et
1396 2303 1507 2365 Domi·

249 2406 310 2466 uici
335 2404 502 2467 familiaris
526 2406 670 2468 eiusdem
696 2405 827 2489 Georgii
861 2407 983 2470 furatus
1007 2408 1120 2486 luerat,
1145 2422 1175 2469 et
1206 2411 1336 2470 tandem
1360 2408 1508 2472 detentus

246 2509 297 2572 hic
321 2512 353 2572 iu
380 2512 505 2573 civitate
529 2513 661 2594 proprio
685 2532 739 2574 ore
763 2533 822 2575 suo
845 2512 946 2576 fassus
962 2495 1017 2576 est
1040 2516 1145 2597 ipsum
1164 2513 1362 2576 furticinium
1386 2513 1507 2594 iecisse,

246 2630 276 2678 et
299 2617 401 2678 eciam
427 2619 494 2700 ipse
519 2638 568 2679 res
593 2631 624 2680 et
648 2619 733 2680 bona
757 2620 790 2682 in
814 2621 963 2682 manibus
981 2621 1046 2682 suis
1072 2633 1197 2702 reperte
1223 2635 1253 2682 et
1277 2621 1406 2682 inventa
1431 2621 1506 2683 exti-

247 2735 361 2802 terunt,
386 2743 444 2806 pro
469 2743 508 2786 eo
524 2723 608 2806 justo
626 2724 745 2804 judicio
764 2726 898 2807 patibuli
916 2727 1110 2808 supplicium
1136 2741 1182 2788 est
1205 2747 1315 2808 passus
1340 2725 1425 2806 juxta
1449 2727 1505 2788 ad·

246 2827 478 2908 judicarionem
502 2829 616 2910 judicis
652 2845 683 2892 et
716 2831 915 2912 juratorum
948 2833 1053 2914 ipsum
1084 2833 1275 2894 demeritum
1308 2853 1403 2915 super
1437 2834 1506 2915 ipso

249 2933 341 2995 Petro
366 2933 436 2996 lure
459 2936 547 3017 prius
570 2935 751 3016 juramento
775 2957 864 2998 more
888 2938 983 3000 solito
1002 2939 1144 3020 prestit0,
1170 2939 1244 3020 quia
1269 2939 1370 3001 eciam
1396 2939 1507 3000 Petrus

247 3041 423 3102 nominavit
447 3043 571 3104 socium
594 3062 687 3103 suum
713 3044 845 3106 nomine
869 3044 1036 3106 Jacobum.

275 3275 370 3349 Faria
400 3281 506 3350 tercia
534 3283 690 3369 proxima
717 3291 794 3370 post
822 3281 942 3353 festum
972 3283 1068 3354 beate
1096 3283 1309 3371 Margarethe
1337 3285 1480 3372 virginis

765 3412 798 3476 et
825 3409 990 3477 martiris.

778 3573 844 3654 (20.
868 3574 969 3656 julia).

353 3729 466 3808 ludex,
491 3730 583 3812 jurati
609 3745 639 3793 et
663 3733 803 3794 universi
821 3732 905 3794 cives
929 3733 1005 3814 quia
1024 3733 1218 3795 Laurencius
1242 3747 1273 3795 et
1290 3734 1415 3813 Friche,
1431 3747 1507 3796 tunc

250 3835 340 3916 jurati
367 3850 398 3898 et
422 3837 570 3899 custodes
592 3837 811 3920 threugarum,
843 3839 927 3921 ipsas
958 3838 1107 3921 threugas
1132 3838 1294 3922 fregerunt
1326 3853 1435 3903 contra
1459 3861 1507 3902 re·

249 3943 318 4022 gale
343 3943 548 4025 privilegium
573 3963 668 4026 super
692 3946 775 4026 ipsas
798 3945 948 4026 threugas
981 3960 1164 4008 emanatum
1197 3959 1228 4008 et
1252 3945 1353 4008 eciam
1379 3947 1411 4007 in
1436 3967 1507 4029 per-

247 4047 328 4128 jurio
346 4049 463 4131 reperti
480 4063 600 4112 suntet
618 4051 650 4112 in
667 4051 825 4113 violencia
849 4051 981 4128 inventi,
999 4071 1057 4133 pro
1084 4071 1122 4113 eo
1140 4053 1360 4136 adjudicamus
1377 4066 1411 4114 ut
1428 4073 1507 4134 quo·

248 4173 385 4236 cumque
410 4168 554 4238 ternpore
578 4157 707 4218 racione
732 4157 876 4239 premissi
902 4156 975 4218 lacti
1004 4159 1103 4220 nostri
1128 4159 1275 4220 concives
1300 4173 1354 4220 aut
1377 4159 1508 4220 alterius

252 4261 391 4322 cuiusvis
407 4274 506 4322 status
530 4261 677 4324 homines
693 4263 733 4324 ad
753 4283 812 4324 nos
827 4263 1022 4346 pertinentes
1051 4265 1280 4347 inpedirentur,
1296 4278 1392 4348 prout
1408 4266 1509 4327 eciam

249 4365 306 4448 ipsi
332 4367 530 4428 Laurencius
554 4382 585 4429 et
608 4367 722 4430 Friche
745 4369 806 4430 soli
828 4369 970 4451 ipsorum
988 4370 1180 4432 violenciam
1205 4384 1278 4432 sunt
1303 4369 1451 4449 confessi,
1469 4371 1509 4432 de

251 4474 344 4534 rebus
369 4487 400 4534 et
424 4473 517 4534 bonis
533 4475 677 4556 ipsorum
702 4476 833 4537 cuilibet
849 4475 1030 4558 querulanti
1052 4477 1136 4558 juxta
1154 4477 1345 4558 legittimam
1362 4498 1508 4560 compro-

250 4577 418 4640 bacionem
443 4579 621 4642 satisfaccio
646 4581 778 4664 inpendi
811 4583 958 4658 deberet3
991 4582 1077 4664 ipsos
1101 4596 1208 4645 autem
1240 4585 1452 4646 Laurencium
1479 4597 1509 4646 et

252 4684 363 4745 Friche
388 4681 497 4747 officio
520 4687 726 4768 privavimus,
751 4688 791 4749 de
823 4703 994 4770 ceteroque
1026 4689 1134 4750 nullus
1158 4709 1270 4751 eorum
1303 4689 1423 4771 juratus
1448 4708 1506 4752 nec

249 4809 383 4853 assessor
406 4805 515 4853 noster
538 4791 606 4854 fieri
630 4807 759 4874 possent
783 4813 841 4856 nec
873 4795 911 4855 ad
937 4794 1108 4856 consilium
1132 4795 1164 4856 in
1196 4796 1304 4857 medio
1329 4797 1428 4858 nostri
1454 4817 1507 4856 ve-

250 4899 316 4960 nire
340 4898 479 4960 debeant
503 4919 552 4978 eo,
577 4901 664 4981 quod
690 4901 798 4963 omnia
829 4902 981 4984 premissa
1012 4917 1121 4963 contra
1153 4923 1208 4964 eos
1233 4903 1396 4984 fidedigno
1420 4904 1506 4965 testi-

250 5003 359 5065 monio
383 5017 457 5066 sunt
477 5006 696 5088 comprobata.

1384 5119 1405 5178 4
