3678 5800
545 549 632 609 Anno
656 562 745 626 1435.
772 582 811 592 —
836 544 887 608 16.
911 548 1070 608 decembris.
1381 567 1441 626 245

280 761 357 824 ltem
384 761 564 844 Stephanus
594 774 684 823 sutor
714 773 825 822 contra
857 761 951 822 Janse
983 773 1125 822 sutorem
1158 759 1302 822 secundo
1326 761 1441 822 citatus

173 887 239 929 non
264 869 454 950 comparuit.

279 975 359 1038 Item
383 974 476 1056 jurati
501 973 777 1056 adjudicaverunt,
802 972 891 1055 quod
910 973 1062 1035 dominus
1086 972 1268 1056 Stephanus
1293 973 1435 1036 Farltaaii

172 1083 335 1144 solitarius
359 1081 456 1145 tlebet
479 1080 582 1163 jurare
601 1100 697 1163 super
721 1099 879 1143 cesaream
910 1079 1010 1161 ipsius
1033 1080 1108 1162 equi
1133 1081 1319 1162 recaptivati
1344 1100 1441 1162 quem

172 1209 268 1252 suum
292 1189 463 1268 asserebat,
487 1201 518 1250 et
544 1188 621 1250 dum
645 1187 798 1268 juraverit
821 1200 898 1248 tunc
925 1186 1030 1268 ipsum
1063 1205 1182 1267 equum
1208 1187 1340 1270 recipiet
1363 1187 1444 1250 sicut

171 1315 267 1358 suum
292 1314 412 1378 equum
438 1295 616 1377 proprium,
640 1294 715 1375 quia
737 1313 792 1375 per
822 1292 930 1374 plures
953 1303 1049 1354 testes
1080 1291 1261 1374 fidedignos
1293 1312 1440 1376 compro·

173 1401 262 1462 bavit
285 1401 373 1482 quod
397 1418 473 1462 suus
501 1419 604 1482 equus
627 1397 704 1475 luit;
723 1399 884 1460 Fabianus
905 1411 1012 1460 autem
1029 1397 1115 1460 filius
1132 1398 1258 1460 Nicolai
1277 1398 1317 1461 de
1337 1397 1443 1461 Criaio

172 1507 308 1569 servitor
332 1506 458 1568 domini
483 1506 617 1584 abbatis,
650 1505 725 1588 quia
758 1505 862 1588 ipsum
895 1523 1015 1586 equum
1041 1504 1167 1568 dicebat
1199 1524 1400 1586 comparasse
1426 1525 1443 1566 a

173 1613 317 1696 quodam
342 1613 496 1675 servitore
514 1612 722 1674 dominorum
740 1611 780 1672 de
798 1610 919 1693 Blagay
935 1610 1067 1672 nomine
1084 1609 1251 1672 Anthonio
1270 1608 1338 1672 filio
1357 1609 1442 1672 lwan

173 1721 249 1782 dicti
272 1719 434 1803 Aythycb,
463 1719 571 1781 debet'
587 1717 669 1780 sicut
692 1717 790 1779 cicius
808 1736 879 1779 cum
906 1717 975 1800 ipso
1000 1716 1135 1778 domino
1160 1718 1285 1795 abbate,
1310 1716 1443 1778 domino

172 1847 241 1904 suo,
266 1825 365 1909 (cum)
391 1847 408 1888 a
433 1826 521 1907 regia
541 1825 707 1887 Maiestate
725 1823 899 1903 advenerit,
924 1837 1066 1885 nostram
1091 1823 1123 1884 in
1140 1824 1338 1906 presenciam
1364 1843 1438 1885 mox

173 1933 270 1996 debet
293 1932 457 2010 advenire,
482 1945 513 1993 et
537 1930 615 1992 dum
649 1929 825 2009 advenerit,
857 1945 933 1991 tunc
967 1929 1026 2012 ipsi
1051 1929 1196 1992 Fabiano
1229 1930 1358 1992 dabitur
1381 1943 1442 1992 ter-

173 2039 280 2100 minus
303 2038 343 2100 ad
368 2035 615 2120 producendum
641 2035 821 2118 predictum
853 2035 1054 2098 venditorem
1086 2035 1162 2116 equi
1187 2049 1219 2098 et
1244 2035 1284 2097 ad
1309 2035 1440 2098 conclu·

173 2145 313 2206 dendam
338 2145 440 2226 ipsam
466 2162 604 2206 causam.

278 2251 357 2313 ltem
382 2249 535 2332 quamvis
568 2249 734 2310 Emericus
764 2247 849 2310 filius
881 2247 1013 2330 Georgii
1038 2248 1114 2310 dicti
1141 2248 1275 2312 Bermez
1307 2249 1346 2310 de
1373 2249 1441 2311 Mo-

172 2356 302 2420 rowcha
326 2371 456 2439 propter
481 2369 584 2418 certos
605 2375 680 2417 suos
696 2375 842 2418 excessus
866 2375 901 2418 ac
917 2369 1006 2418 actus
1030 2355 1211 2437 nepharios,
1236 2355 1441 2438 plurimaque

172 2484 228 2526 sua
253 2463 335 2526 iacta
359 2463 456 2542 mala,
480 2483 544 2544 que
569 2463 637 2544 ipse
670 2461 758 2524 solua
790 2463 912 2543 absque
936 2461 1025 2523 omni
1057 2462 1312 2524 tormentacione
1346 2481 1442 2544 super

172 2589 204 2630 se
229 2567 331 2631 lassus
355 2581 411 2648 est,
436 2567 549 2630 luisset
581 2568 729 2630 detentus
757 2581 787 2630 et
817 2567 1019 2649 aliquamdiu
1043 2568 1076 2628 in
1108 2565 1246 2629 vinculis
1270 2567 1386 2628 nostris
1411 2581 1442 2630 et

172 2675 203 2736 in
229 2693 357 2738 carcere
381 2687 492 2738 nostro
517 2674 682 2737 communi
704 2687 910 2736 conservatus
933 2673 1097 2752 extitisset,
1122 2687 1153 2734 et
1170 2693 1228 2756 pro
1252 2673 1438 2736 huiusmodi

172 2780 263 2842 iactis
290 2781 355 2844 suis
380 2781 473 2842 malis
496 2800 611 2864 penam
637 2779 786 2862 supplicii
811 2779 974 2841 horribilis
996 2778 1083 2862 juxta
1107 2779 1265 2860 justiciam
1290 2793 1320 2842 et
1343 2779 1439 2842 liber·

175 2901 274 2949 tatem
298 2900 440 2950 nostram
464 2889 504 2949 ab
529 2887 663 2968 antiquo
680 2887 889 2970 approbatam
914 2899 945 2948 et
960 2886 1123 2948 observari
1147 2885 1275 2948 solitam
1299 2885 1364 2967 pati
1382 2885 1437 2948 de·

175 2995 305 3072 buisset,
329 3007 437 3056 tamen
461 2993 536 3075 quia
560 3013 616 3076 per
639 3006 804 3054 strenuum
829 3007 859 3054 et
881 3011 1074 3074 generosum
1106 2992 1244 3054 militem
1269 2990 1439 3054 domiuum

173 3099 374 3182 Stephanum
401 3099 561 3182 Byczltele
586 3098 626 3161 de
650 3099 816 3161 Zelnawar
840 3114 871 3162 et
894 3119 950 3181 per
967 3097 1077 3161 fratres
1100 3119 1176 3160 suos
1199 3119 1235 3161 ac
1259 3118 1315 3180 per
1342 3119 1437 3161 vene·

176 3206 310 3268 rabilem
344 3219 375 3267 et
406 3205 591 3288 religiosum
625 3205 728 3268 virum
769 3203 898 3266 iratretn
930 3205 1110 3289 lohannem
1140 3207 1290 3268 abbatem
1321 3218 1352 3266 et
1383 3225 1439 3287 per

175 3327 278 3374 certos
301 3312 475 3376 confratres
499 3333 575 3376 suos
591 3313 714 3374 ordinis
738 3311 872 3375 fratrum
889 3311 1152 3375 Cisterciensium
1176 3311 1216 3374 de
1242 3311 1438 3374 monasterio

175 3421 266 3480 beate
290 3438 417 3500 semper
449 3419 582 3500 virginis
607 3419 707 3480 Marie
739 3419 892 3500 Zagrabie
926 3417 1071 3496 fundato,
1108 3417 1147 3479 ad
1173 3437 1232 3480 nos
1262 3418 1438 3496 venientes,

173 3544 230 3586 nec
254 3545 320 3586 non
346 3545 402 3608 per
426 3525 507 3588 alios
531 3525 638 3608 plures
662 3524 826 3604 discretos,
862 3525 988 3586 nobiles
1012 3537 1043 3585 et
1066 3523 1212 3607 ydoneos
1235 3523 1321 3584 viros
1345 3525 1439 3586 nobis

171 3651 229 3713 pro
253 3632 369 3693 eodem
395 3631 545 3694 Emerico
570 3631 602 3694 in
626 3651 665 3693 eo
688 3631 902 3714 supplicatum
935 3629 1038 3692 extitit
1073 3650 1111 3692 ex
1143 3643 1250 3692 acerto
1275 3645 1309 3691 ut
1333 3629 1436 3712 ipsum

172 3740 357 3801 Emericum
383 3759 447 3800 non
473 3739 562 3820 quasi
588 3737 706 3820 justum
739 3737 793 3800 sed
828 3738 960 3799 noxium
984 3755 1040 3798 seu
1072 3736 1265 3817 culpabilem
1291 3749 1323 3797 et
1346 3755 1437 3798 reum

172 3846 266 3908 morti
291 3864 328 3907 ac
351 3865 410 3928 pro
435 3859 563 3908 mortuo
588 3843 719 3906 homine
743 3844 848 3926 primo
872 3841 1091 3924 principaliter
1119 3861 1214 3904 causa
1238 3840 1289 3904 dei
1314 3843 1438 3904 eteius

171 3951 391 4014 misericordie
415 3953 458 4012 ob
482 3963 660 4032 respectum
686 3970 722 4012 ac
745 3949 875 4012 tandem
900 3948 1115 4030 predictarum
1140 3947 1339 4030 peticionum
1364 3967 1437 4029 pre·

163 4059 336 4141 ,dictorum
360 4057 542 4140 petencium
566 4059 609 4118 ob
630 4056 792 4133 intuitum,
818 4056 923 4138 ipsum
940 4055 1124 4116 Emericum
1149 4055 1259 4116 vivum
1283 4053 1359 4135 ipsis
1382 4073 1436 4136 pe·

173 4165 315 4227 tentibus
339 4163 503 4226 extradere
528 4175 558 4225 et
582 4162 622 4224 de
639 4181 764 4223 carcere
786 4182 822 4224 ac
847 4161 885 4222 de
903 4161 1040 4222 vinculis
1056 4161 1172 4222 nostris
1189 4160 1327 4222 liberum
1345 4160 1436 4222 emit·

172 4284 237 4332 tere
262 4271 481 4352 dignaremur,
507 4269 645 4350 ideoque
671 4287 730 4330 nos
753 4267 816 4330 deo
840 4282 871 4330 et
895 4268 963 4328 eius
995 4266 1214 4329 misericordia
1248 4285 1302 4344 pre
1335 4267 1437 4328 oculis

173 4390 316 4458 accepto,
334 4375 517 4458 intuituque
542 4375 643 4437 eciam
662 4373 818 4436 dictarum
840 4374 1037 4456 peticionum
1054 4373 1269 4454 predictorum
1289 4373 1436 4434 omnium

174 4483 350 4565 proborum
376 4495 407 4544 et
429 4482 633 4565 ydoneorum
650 4481 793 4542 virorum
811 4480 954 4563 predicto
973 4479 1121 4540 Emerico
1138 4499 1196 4561 pro
1218 4493 1320 4541 morte
1338 4479 1437 4561 ipsius

173 4587 378 4649 demeritoria
401 4587 542 4668 graciam
574 4601 604 4649 et
637 4586 889 4648 misericordiam
923 4584 1058 4647 lecimus
1089 4584 1272 4666 specialem,
1296 4585 1436 4646 eundem

175 4694 358 4757 Emericum
383 4694 477 4756 dictis
493 4695 676 4777 petentibus
700 4694 811 4754 vivum
828 4693 867 4754 de
892 4692 1043 4774 predictis
1059 4691 1196 4753 vinculis
1220 4706 1251 4752 et
1275 4692 1436 4774 mancipio

174 4819 209 4862 ac
232 4819 357 4862 carcere
382 4814 493 4868 nostro
518 4801 578 4862 sub
602 4799 803 4862 fideiussoris
836 4799 990 4860 caucione
1022 4811 1181 4860 certorum
1206 4797 1366 4858 nobilium
1390 4798 1436 4858 vi·

176 4925 281 4968 rorum
307 4905 348 4968 de
373 4905 560 4968 Morowcha
585 4906 683 4966 libere
702 4905 894 4983 emittentes,
924 4904 1161 4966 committentes
1185 4917 1215 4964 et
1231 4903 1436 4964 decernentes

176 5012 408 5098 peramplius,
440 5023 476 5074 ut
509 5011 575 5096 ipse
610 5011 776 5076 Emericus
807 5011 948 5094 predicta
980 5011 1063 5072 mala
1088 5029 1143 5070 sua
1176 5007 1256 5071 facta
1288 5009 1436 5092 preterita
