3678 5800
559 561 645 620 Anno
668 576 759 640 1434.
785 597 828 606 -
852 560 902 624 18.
920 565 1012 640 jrcnzi.
1363 583 1424 647 209

156 775 296 836 dundari
322 774 391 856 jure
416 775 620 854 hereditario,
644 776 774 837 nemine
807 776 933 859 penitus
965 776 1005 838 ad
1028 777 1146 840 trinam
1179 775 1342 840 forensem
1367 798 1424 860 pu·

158 881 279 943 blicam
304 882 599 964 proclamacionem
628 881 801 965 superinde
833 881 947 945 factam
973 884 1207 946 contradictore
1239 898 1424 968 apparente,

156 986 300 1070 ideoque
326 1007 386 1050 nos
409 987 586 1069 predictam
610 987 817 1050 medietatem
853 989 936 1050 dicte
969 989 1151 1052 medietatis
1174 989 1273 1073 ipsius
1298 990 1425 1069 domus,

157 1113 258 1155 unam
285 1093 438 1156 videlicet
462 1108 619 1173 octavam,
643 1107 674 1156 et
697 1093 851 1176 prefatam
869 1095 997 1158 vineam
1022 1115 1094 1159 cum
1119 1097 1281 1179 premissis
1305 1097 1426 1159 cunctis

157 1199 224 1261 suis
248 1200 443 1262 utilitatibus
468 1212 498 1262 et
521 1201 728 1284 pertinenciis
760 1201 916 1264 universis
947 1202 1098 1284 predictis
1132 1202 1220 1265 Palie
1245 1203 1372 1265 mulieri
1397 1219 1427 1264 et

158 1306 262 1369 Eleae
288 1307 378 1368 Jelka
410 1319 533 1386 vocate,
565 1321 601 1369 ut
631 1308 816 1390 predicitur,
848 1327 885 1370 ac
917 1328 973 1391 per
1003 1327 1055 1370 eas
1086 1309 1226 1391 ipsarum
1251 1308 1426 1372 heredibus

161 1413 334 1474 statuimus
365 1432 403 1474 ex
434 1413 596 1496 premissis
628 1427 783 1496 perpetuo
815 1413 1024 1496 possidendas
1056 1428 1087 1476 et
1118 1415 1426 1498 quomodocumque

157 1519 325 1581 voluerint
348 1519 566 1601 disponendas
589 1519 675 1602 juxta
700 1520 925 1582 condicionem
950 1520 1085 1582 civitatis
1110 1533 1288 1603 prenotate.

318 1737 414 1812 Feria
442 1751 541 1814 sexta
569 1744 724 1831 proxima
753 1749 832 1813 ante
860 1740 983 1813 festum
1012 1741 1257 1814 Penthecostes.

707 1895 771 1972 (14.
794 1896 888 1972 mair).

269 2035 346 2096 ltem
379 2035 454 2116 quia
488 2035 535 2096 vir
566 2035 721 2118 providus
752 2049 783 2096 et
818 2035 1065 2117 circumspectus
1096 2031 1426 2114 magisterMatheus

158 2142 350 2204 scolasticus
374 2155 481 2204 noster
497 2155 593 2224 atque
616 2141 770 2221 notarius,
795 2141 880 2203 filius
897 2142 994 2219 Luce,
1014 2141 1156 2202 concivis
1180 2140 1288 2222 itaque
1306 2151 1424 2216 noster,

158 2247 190 2308 id
220 2267 294 2310 cum
319 2246 490 2310 sufficienti
515 2260 546 2310 et
569 2247 733 2330 fidedigno
757 2262 941 2310 nostrorum
973 2248 1155 2310 concivium
1180 2247 1368 2310 testimonio
1392 2247 1424 2308 in

158 2355 235 2416 sede
262 2367 371 2416 nostra
396 2355 561 2435 judiciaria
586 2355 671 2417 clare
695 2375 802 2416 coram
828 2356 921 2416 nobis
938 2355 969 2416 in
995 2353 1116 2434 judicio
1141 2353 1374 2436 comprobavit,
1392 2365 1425 2414 ut

159 2461 237 2522 dum
264 2461 400 2543 provida
425 2461 563 2522 condam
588 2461 705 2524 mulier
720 2465 828 2543 Agnes
852 2475 975 2540 vocata,
998 2459 1063 2522 filia
1080 2459 1193 2543 prelati
1219 2461 1306 2522 Luce
1335 2477 1426 2520 soror

160 2587 237 2628 vero
262 2567 397 2649 predicti
423 2567 565 2648 magistri
592 2566 712 2629 Mathei
736 2567 894 2630 scolastici
926 2567 1050 2629 uterina
1086 2580 1117 2628 et
1142 2565 1286 2644 carnalia,
1312 2565 1422 2628 relicta

161 2689 270 2734 autem
296 2673 356 2734 viri
381 2673 518 2735 condam
544 2673 670 2756 providi
696 2673 865 2735 Laurencii
891 2673 1037 2754 Hungari
1062 2672 1151 2755 olym
1175 2671 1267 2754 jurati
1293 2685 1324 2734 et
1349 2691 1424 2733 con-

158 2779 236 2840 civis
260 2780 361 2840 nostri
385 2778 443 2841 filii
468 2779 624 2841 lobannis
647 2780 735 2862 olym
763 2780 910 2842 similiter
933 2779 1073 2841 concivis
1090 2779 1201 2858 nostri,
1226 2779 1257 2839 in
1276 2778 1425 2840 extremis

158 2885 221 2946 vite
246 2904 304 2947 sue
330 2886 516 2968 temporalis
533 2886 718 2964 laborasset,
741 2899 816 2948 tunc
841 2886 906 2968 ipsa
924 2885 1089 2947 universas
1105 2905 1177 2946 suas
1193 2884 1422 2966 possessiones,

158 2991 311 3053 videlicet
334 2991 469 3054 domurn
493 3007 651 3054 muratam
676 3005 706 3054 et
730 2991 867 3054 fundum
884 3012 920 3053 ac
941 2991 1099 3068 hedificia,
1123 3011 1270 3052 necnon
1295 2991 1423 3052 vineam

156 3116 231 3159 cum
257 3112 340 3159 terra
365 3097 502 3180 desuper
534 3099 690 3180 adjacenti
716 3119 754 3159 ac
777 3097 929 3180 (h)ortum
963 3111 994 3160 et
1017 3111 1134 3159 terram
1166 3097 1320 3158 arabilem
1344 3117 1418 3159 cum

158 3201 249 3265 fenili
268 3217 299 3264 et
315 3203 378 3266 alia
403 3204 515 3286 quevis
532 3206 616 3266 bona
641 3225 696 3266 sua
718 3204 851 3266 mobilia
868 3204 1018 3266 videlicet
1042 3217 1072 3264 et
1096 3203 1264 3265 inmobilia
1282 3204 1313 3265 in
1339 3203 1423 3266 dicta

157 3311 286 3372 civitate
312 3323 343 3372 et
374 3311 443 3372 eius
473 3311 635 3374 territorio
667 3312 790 3374 habitas
822 3325 853 3374 et
884 3311 1065 3388 existencia,
1098 3312 1199 3393 ipsam
1232 3311 1365 3392 juridice
1390 3325 1421 3373 et

159 3417 335 3480 literatorie
362 3432 591 3480 concernentes
615 3433 646 3480 et
668 3419 836 3500 tangencia
854 3437 926 3480 cum
950 3417 1016 3479 suis
1039 3419 1161 3480 cunctis
1184 3418 1376 3480 utilitatibus
1393 3433 1425 3480 et

157 3524 366 3606 pertinenciis
390 3525 547 3587 universis
570 3524 715 3607 predicto
739 3525 891 3605 magistro
910 3524 1040 3586 Matheo
1064 3523 1233 3586 scolastico
1257 3522 1344 3586 fratri
1362 3545 1421 3586 suo

158 3631 280 3692 carnali
306 3643 337 3692 et
362 3631 489 3693 uterino
506 3631 643 3711 legasset
659 3645 690 3692 et
713 3631 885 3692 dimisisset
908 3629 977 3711 iure
994 3629 1181 3713 perhennali
1204 3629 1423 3712 possidendas,

158 3737 300 3819 ideoque
332 3757 392 3798 noa
423 3737 551 3800 easdem
583 3739 800 3820 possessiones
832 3749 862 3798 et
893 3737 1006 3818 quevis
1036 3737 1120 3798 bona
1153 3737 1252 3818 ipsius
1291 3737 1421 3799 domine

157 3844 293 3924 Agnetis
319 3863 391 3905 cum
417 3844 580 3925 premissis
604 3843 725 3906 cunctis
748 3844 813 3905 suis
842 3844 1033 3906 utilitatibus
1064 3857 1095 3905 et
1117 3843 1323 3925 pertinenciis
1351 3844 1422 3904 uni-

158 3951 259 4011 versis
283 3962 451 4032 prenotato
476 3951 629 4032 magistro
654 3949 784 4012 Matheo
808 3950 976 4012 scolastico
1004 3969 1041 4010 ac
1065 3967 1218 4031 pereum
1243 3950 1307 4010 suis
1332 3949 1422 4011 here-

159 4056 254 4118 dibus
277 4056 447 4118 statuimus
471 4077 508 4118 ex
532 4056 695 4138 premissis
718 4055 785 4136 jure
811 4073 966 4138 perpetuo
991 4069 1022 4116 et
1046 4056 1296 4116 irrevocabiliter
1319 4057 1421 4138 possi-

161 4161 280 4224 dendas
297 4175 328 4225 et
351 4162 660 4244 quomodocumque
684 4163 822 4224 voluerit
842 4162 1059 4245 disponendas
1083 4161 1168 4242 juxta
1193 4162 1420 4224 condicionem

157 4267 294 4330 civitatis
317 4281 484 4350 prenotate
509 4270 548 4330 ab
573 4267 707 4350 antiquo
731 4270 951 4351 approbatam.

223 4487 321 4563 Ferla
350 4497 448 4562 sexta
476 4489 631 4580 proxima
660 4497 738 4561 aute
767 4489 890 4562 festum
917 4497 1114 4562 sanctorum
1144 4489 1296 4561 Gervasii
1325 4497 1358 4561 et

595 4613 767 4684 Prothasii
794 4615 987 4686 martirum.

699 4781 762 4862 (18.
778 4787 885 4860 junii).

264 4927 341 4988 ltem
374 4927 484 4987 Petrus
516 4925 647 5006 juratus,
679 4938 792 5002 sartor,
823 4937 932 4986 contra
966 4927 1086 4986 Lucam
1119 4943 1273 5006 generum
1300 4923 1423 5006 Gaspar

158 5031 272 5096 literati
297 5033 353 5095 filii
379 5032 498 5096 Cosme
522 5031 674 5094 aurifabri
701 5031 808 5112 primo
840 5031 955 5093 citatus
980 5051 1045 5093 non
1072 5031 1261 5112 comparuit.

1321 5141 1357 5200 ¹4
