3876 5798
626 560 712 618 Anno
735 571 825 638 1447.
847 595 887 604 —
912 576 962 640 24.
979 563 1139 637 fibraa'rii.
1456 585 1521 649 447

260 663 732 672 --—.——..——-—..
778 668 986 674 -‚-„„„-—,--
1003 671 1107 676 ——-

574 769 651 833 Item
677 771 857 856 Stephanus
882 775 1018 840 institor.

573 875 653 940 Item
678 880 802 943 Blasius
827 902 949 965 sporar.

574 983 653 1046 Item
677 985 870 1049 Benedictus
894 986 992 1052 faber.

574 1089 652 1152 Item
678 1091 830 1155 Clemens
854 1092 953 1156 faber.

574 1197 653 1260 Item
677 1199 795 1262 Paulus
819 1199 917 1264 faber.

575 1304 653 1367 Item
678 1305 870 1370 Benedictus
895 1307 1021 1370 Hwala.

574 1409 652 1472 Item
677 1413 821 1494 Jurycza.

574 1517 652 1579 Item
678 1519 797 1581 Paulus
820 1521 1035 1583 barbitonsor.

575 1623 652 1686 Item
677 1625 814 1688 Michael
839 1627 977 1690 condam
1002 1629 1206 1710 portulanus.

574 1730 651 1792 Item
678 1732 814 1814 Egidius
841 1732 991 1796 carnifex.

487 1823 492 1832 ¹
574 1838 651 1900 Item
675 1839 821 1922 Mathyas
841 1839 992 1903 carnifex.

574 1945 652 2009 Item
677 1946 869 2008 Benedictus
893 1947 1020 2010 brodar.

574 2051 652 2114 Item
676 2052 869 2114 Benedictus
894 2053 1047 2136 lagnych.

575 2158 652 2219 Item
675 2157 799 2220 Blasius
822 2171 923 2220 sartor
949 2179 1049 2240 gener
1073 2160 1183 2223 Marci.

575 2265 653 2328 Item
678 2263 838 2346 Georgius
861 2279 973 2328 sartor.

574 2371 651 2434 Item
676 2371 787 2432 Petrus
809 2391 908 2453 gener
932 2371 1138 2455 Bogdanych.

573 2479 652 2539 Item
677 2477 833 2539 Martinus
855 2491 944 2540 sutor
966 2498 1127 2540 successor
1150 2477 1288 2540 Emerici
1312 2477 1416 2560 jurati.

364 2692 442 2754 Item
466 2689 607 2774 prelatus
623 2691 768 2752 Andreas
788 2689 884 2771 judex
900 2689 1075 2752 modernus
1092 2709 1231 2751 unacum
1248 2688 1358 2770 juratis
1382 2709 1419 2750 ac
1444 2709 1522 2751 con·

258 2799 385 2860 siliariis
409 2798 573 2860 modernis
596 2795 786 2880 supradictis
809 2815 882 2858 cum
900 2815 1057 2858 consensu
1082 2809 1112 2858 et
1136 2795 1281 2856 unanImi
1305 2815 1342 2856 ac
1365 2795 1519 2857 concordi

259 2905 424 2967 voluntate
456 2918 551 2986 atque
583 2903 711 2965 decreto
738 2903 841 2965 tocius
872 2901 1111 2964 communitatis
1143 2901 1251 2962 omnia
1284 2913 1399 2963 statuta
1423 2915 1519 2983 atque

259 3011 395 3091 decreta,
419 3025 485 3074 tam
511 3012 541 3072 in
567 3011 707 3092 antiquis
732 3028 829 3091 quam
847 3009 877 3070 in
903 3009 1058 3090 presentis
1082 3007 1243 3069 kathernis
1259 3020 1420 3085 contenta,
1445 3027 1520 3069 con-

259 3119 374 3200 scripta
401 3131 431 3178 et
454 3117 639 3199 consignata
657 3115 764 3198 quoad
789 3135 902 3176 omnes
919 3114 1087 3192 clausulas,
1105 3125 1240 3196 punctos
1253 3111 1285 3196 (l)
1310 3127 1341 3174 et
1365 3113 1518 3176 articulos

259 3223 448 3286 eorumdem
470 3235 661 3284 statutorum
694 3235 724 3283 et
754 3221 956 3282 decretorum
977 3240 1032 3302 per
1060 3234 1162 3281 totum
1187 3237 1307 3280 annum
1339 3231 1520 3300 presentem

258 3349 294 3391 ac
318 3329 469 3410 deinceps
493 3341 649 3410 perpetuo
673 3341 704 3389 et
729 3326 979 3388 Irrevocabiliter
1002 3325 1137 3386 valitura
1163 3338 1193 3386 et
1218 3324 1417 3386 observanda
1442 3345 1520 3388 con-

257 3433 433 3496 firmarunt.

363 3539 441 3601 Item
458 3559 586 3602 causam
603 3559 700 3621 quarn
718 3539 870 3601 Nicolaus
887 3537 1007 3620 juratus
1023 3537 1107 3599 filius
1131 3583 1139 3599 .
1157 3584 1164 3598 .
1190 3551 1221 3599 et
1238 3537 1355 3600 Paulus
1379 3535 1520 3600 carnifex

260 3647 341 3707 inter
357 3665 390 3707 se
413 3646 574 3708 habebant
598 3659 629 3708 et
653 3666 759 3707 coram
785 3645 906 3728 (juratis
930 3644 1126 3724 movlebant,
1151 3663 1207 3726 per
1230 3643 1424 3726 peticionem
1447 3663 1521 3727 pro·

259 3755 373 3815 borum
390 3753 533 3815 vitorum
558 3753 711 3815 intereos
735 3752 1046 3836 interlueniencinm)
1070 3751 1110 3812 ad
1127 3751 1268 3834 primum
1284 3750 1441 3831 judicium
1458 3769 1517 3833 pro

259 3861 346 3921 bono
370 3860 456 3942 pacis
480 3860 562 3921 inter
586 3879 640 3921 eos
664 3859 768 3921 fiende
793 3872 839 3921 est
861 3872 1044 3941 prorogata.

366 3965 444 4026 Item
467 3967 543 4048 quia
567 3966 615 4027 vir
639 3965 791 4048 providus
815 3979 846 4028 et
869 3965 1022 4026 honestus
1037 3964 1228 4026 Valentinus
1251 3963 1336 4026 filius
1353 3963 1519 4026 Michaelis

260 4071 385 4154 pridem
403 4071 508 4154 judex,
526 4073 731 4154 concIvisque
749 4086 866 4151 noster,
884 4072 916 4133 id
933 4091 1005 4133 cum
1023 4070 1194 4134 sufficienti
1210 4071 1395 4133 testimonio
1414 4090 1521 4132 coram

259 4179 354 4239 nobis
379 4177 411 4240 in
436 4178 555 4260 judicio
580 4179 663 4240 clare
689 4193 719 4239 et
742 4176 936 4240 sufficienter
967 4178 1198 4259 comprobavit,
1223 4191 1258 4239 ut
1281 4177 1358 4238 dum
1384 4177 1521 4238 condam

261 4284 418 4346 Martinus
442 4298 543 4346 sartor
567 4283 651 4345 lilius
675 4284 788 4346 Briccii
813 4285 901 4366 olym
931 4285 1071 4345 concivis
1102 4298 1209 4345 noster
1226 4284 1258 4345 in
1283 4283 1432 4346 extremis
1457 4283 1520 4345 vite

258 4409 314 4450 sue
339 4391 525 4473 temporalis
541 4390 725 4469 laborasset,
742 4403 818 4452 tunc
835 4391 902 4472 ipse
920 4389 1093 4472 quamdam
1110 4391 1238 4452 vineam
1252 4409 1343 4451 suam
1361 4387 1519 4451 desertam

259 4495 291 4557 in
315 4497 476 4558 territorio
501 4497 636 4558 civitatis
666 4496 808 4578 predicte
832 4497 914 4557 inter
945 4497 1054 4557 vineas
1078 4496 1252 4558 liberorum
1287 4495 1424 4557 condam
1450 4496 1521 4558 Ste-

259 4601 357 4685 phani
383 4603 572 4686 carpentarii
599 4615 630 4664 et
654 4601 739 4665 Galli
765 4651 772 4664 .
798 4649 806 4664 .
830 4602 983 4680 habitam,
1016 4603 1152 4684 desuper
1184 4624 1202 4664 a
1225 4603 1277 4664 via
1301 4603 1465 4664 communi
1491 4615 1522 4662 et

259 4709 340 4771 infra
364 4730 466 4791 usque
490 4708 654 4790 (rivulum)
679 4729 751 4771 cum
776 4709 915 4791 virgulto
940 4709 998 4770 sibi
1022 4709 1198 4790 subjacenti
1224 4729 1257 4771 se
1282 4708 1521 4788 extendentem,

259 4836 331 4876 cum
356 4817 507 4877 omnibus
531 4816 596 4877 suis
624 4816 828 4896 pertinenciis
859 4814 1002 4896 predicto
1028 4815 1199 4877 Valentino
1232 4814 1330 4894 judici
1354 4835 1412 4896 pro
1445 4827 1518 4876 octo

260 4923 366 5003 pensis
391 4922 605 4990 denariorum¹
632 4922 748 5002 quibus
770 4921 876 4982 eidem
893 4921 1066 4982 Valentino
1091 4920 1188 5000 judici
1214 4903 1377 4982 debitorie
1396 4920 1519 4998 oblitte-

260 5030 362 5108 batur,
395 5029 567 5090 dimisisset
598 5041 628 5090 et
660 5026 799 5088 dedisset
834 5041 988 5109 perpetuo
1025 5027 1264 5109 possidendam,
1297 5027 1437 5108 ideoque
1463 5047 1521 5087 nos
