3852 5820
831 539 919 597 Anno
941 553 1031 616 1413.
1058 571 1098 582 -
1116 551 1151 614 5.
1175 541 1256 600 mari.

570 751 649 814 Item
670 749 833 812 Iohannes
856 748 952 832 judex
975 749 1074 811 Bozo.

570 856 647 919 Item
674 853 849 938 Gregorius
872 853 1017 916 Sturcha.

570 961 649 1024 Item
667 961 848 1044 Stephanus
868 958 1096 1043 carpentarius.
1198 961 1314 1025 Sciavi.

570 1067 648 1129 Item
672 1067 826 1129 Nicolaus
849 1066 975 1150 Ztrych.

570 1173 648 1234 Item
671 1172 822 1254 magister
846 1170 993 1235 Thomas
1016 1171 1097 1233 isan.

570 1383 649 1445 Item
674 1383 870 1446 Laurencius
894 1382 1026 1465 juratus.

571 1488 649 1550 Item
674 1489 855 1552 Demetrius
875 1487 1010 1571 juratus.

571 1594 649 1657 Item
681 1595 832 1676 magister
866 1593 1052 1676 Gregorius.
1189 1595 1345 1677 Hungari.

572 1699 649 1762 Item
673 1701 771 1783 Elyas
795 1713 906 1763 sartor.

571 1804 651 1868 Item
675 1806 800 1869 Blasius
824 1807 954 1888 Purgar.

523 2034 601 2096 Item
626 2035 724 2097 iidem
741 2035 847 2116 judex,
871 2034 964 2118 jurati
984 2050 1016 2100 et
1032 2036 1205 2100 consiliarii
1230 2035 1341 2098 omnia
1358 2047 1474 2097 statuta
1497 2047 1528 2094 et
1553 2033 1678 2094 decreta

413 2153 479 2200 tam
507 2139 539 2201 in
557 2141 698 2222 antiquis
714 2160 810 2222 quam
829 2140 1004 2222 modernis,
1020 2143 1053 2204 in
1066 2143 1205 2225 presenti
1218 2141 1367 2204 videlicet
1383 2139 1551 2223 (imeras),
1569 2137 1678 2221 quoad

414 2265 527 2308 omnes
554 2267 664 2309 earum
687 2247 845 2310 clausulas
869 2247 1099 2311 confirmarunt
1122 2261 1276 2331 perpetua
1304 2247 1450 2309 valitura.

416 2461 511 2537 Feria
538 2471 638 2538 sexta
666 2469 822 2556 proxima
859 2470 893 2538 in
920 2468 1038 2557 vigiIia
1076 2467 1363 2540 honuncIacionis
1390 2468 1535 2556 virginis
1565 2465 1679 2536 IIarie.

940 2621 1006 2699 (24.
1029 2620 1153 2699 mam'r).

522 2759 601 2822 Item
622 2758 717 2840 jurati
752 2758 935 2842 judicarunt
958 2781 1086 2824 causam
1111 2762 1194 2825 inter
1217 2763 1375 2824 Ioannem
1400 2759 1551 2842 juratum,
1577 2756 1679 2820 filium

416 2865 546 2928 Martini
571 2878 602 2927 et
626 2865 825 2948 Stephanum
849 2865 952 2929 filium
986 2867 1161 2951 Mychaelis
1186 2867 1412 2950 Orthophlych
1436 2867 1470 2927 in
1494 2863 1579 2928 facto
1607 2883 1679 2947 pro·

416 2971 576 3034 missionis
589 2971 769 3034 medietatis
786 2992 892 3034 rerum
909 2986 940 3036 et
957 2975 1136 3052 bonorum3
1160 2987 1192 3036 et
1215 2974 1292 3056 quia
1309 2985 1480 3036 annotatus
1497 2969 1680 3054 Stephanus

415 3079 567 3160 premissa
592 3079 740 3160 negabat,
765 3078 839 3140 ideo
863 3077 942 3142 seria
966 3093 1052 3142 sexta
1075 3080 1221 3164 proxima
1249 3093 1322 3162 post
1345 3077 1528 3140 oviludium
1554 3076 1623 3138 sola
1648 3075 1679 3136 in

417 3204 557 3266 persona
581 3204 676 3267 super
707 3204 757 3264 eo,
789 3185 877 3267 quod
901 3186 961 3268 ipsi
993 3187 1133 3249 Ioannes
1159 3185 1258 3248 nichil
1290 3185 1438 3268 promisit
1463 3183 1680 3266 juramentum

417 3304 558 3372 prestare
582 3291 752 3352 tenebitur.

418 3505 517 3580 Faria
545 3517 644 3581 sexta
671 3513 828 3600 proxima
855 3519 932 3601 post
965 3513 1090 3584 festum
1128 3513 1303 3584 beatorum
1331 3511 1476 3600 Philippi
1501 3517 1535 3582 et
1562 3509 1681 3601 Jacobi

929 3636 1169 3724 apostoloram.

969 3789 1011 3864 (5.
1033 3785 1131 3864 maa).

526 3924 604 3987 Item
637 3923 757 3986 Mathei
788 3925 974 3988 tributarius
1006 3939 1115 3989 contra
1139 3926 1340 3988 Anthonium
1373 3926 1546 4006 Vodogasa
1577 3926 1681 4008 primo

417 4031 532 4094 citatus
555 4051 621 4092 non
645 4032 834 4114 comparuit.

525 4137 603 4199 Item
628 4137 753 4200 Blasius
778 4136 946 4212 Charanch
971 4152 1082 4200 contra
1105 4139 1315 4202 Benedictum
1341 4139 1446 4221 primo
1479 4137 1592 4200 citatus
1616 4157 1680 4198 non

418 4245 610 4328 comparuit.

523 4351 601 4414 Item
636 4350 819 4415 Demetrius
850 4350 971 4434 iuratus
1013 4365 1123 4414 contra
1156 4353 1313 4413 Ioannem
1347 4351 1540 4433 Hungarum
1576 4349 1681 4432 primo

418 4459 533 4521 citatus
556 4477 622 4520 non
647 4457 837 4540 comparuit.

523 4563 601 4625 Item
626 4563 745 4626 I‘aulus
769 4561 938 4625 Charanch
963 4575 1073 4624 contra
1103 4562 1240 4624 eundem
1259 4563 1416 4625 Ioannem
1445 4565 1551 4646 primo
1569 4565 1681 4626 citatus

419 4689 485 4731 non
510 4669 698 4753 comparuit.

525 4775 604 4838 Item
628 4775 817 4837 Valentinus
840 4794 939 4856 gener
964 4775 1047 4836 Petri
1071 4775 1244 4837 sacerdotis
1268 4787 1378 4837 contra
1410 4773 1594 4836 Emericum
1619 4775 1680 4834 Ka·

421 4880 588 4945 thanatum
611 4902 704 4944 suum
729 4894 764 4944 ut
788 4881 900 4944 debuit
924 4881 1074 4963 deposuit
1104 4880 1331 4962 juramentum,
1359 4880 1432 4946 ideo
1456 4879 1595 4946 eundem
1619 4880 1680 4942 Va-

423 4988 580 5053 lentinum
605 4988 824 5054 commisimus
852 4987 1048 5074 expeditum.
1139 5039 1144 5048 .
