3740 5810
393 496 431 576 56
821 495 906 552 Anno
929 489 1021 572 1418.
1047 525 1087 540 -
1110 505 1139 570 7.
1164 493 1294 555 octobris.

390 705 510 766 torium
535 702 626 786 (non)
660 703 787 782 Intrare,
819 703 874 764 ubi
906 717 1013 765 autem
1046 704 1176 765 intraret
1206 715 1237 764 et
1268 701 1572 785 deprehenderetur,
1608 703 1657 765 in·

392 810 542 872 cendium
565 821 774 891 promeretur.

497 915 575 978 Item
606 915 700 996 jurati
724 914 950 996 adjudicarunt
981 915 1070 996 quod
1095 913 1255 996 Georgius
1288 913 1511 998 Opprasnicha
1543 929 1655 978 contra

393 1023 523 1084 Petrum
547 1021 656 1083 Zudor
680 1021 844 1083 convictus
869 1035 916 1084 est
946 1022 979 1082 In
1004 1021 1128 1083 duabus
1152 1023 1266 1084 marcIs
1290 1022 1370 1104 parti
1395 1022 1526 1084 adverse
1551 1036 1582 1084 et
1605 1023 1654 1106 ju-

392 1128 454 1190 dici
480 1141 608 1190 centum
633 1127 782 1190 denariis.

498 1234 576 1295 Item
589 1233 750 1296 Iohannes
763 1233 918 1315 Jagodich
932 1247 1040 1296 noster
1056 1234 1196 1295 concivis
1217 1247 1327 1295 contra
1345 1234 1524 1296 Iohannem
1543 1235 1655 1296 Plusar

393 1339 470 1402 feria
495 1352 581 1402 sexta
606 1341 751 1423 proxIma
765 1353 837 1402 ante
855 1339 972 1402 festum
993 1340 1078 1402 beati
1107 1339 1217 1402 Jacobi
1241 1341 1341 1402 terci0
1365 1360 1398 1401 se
1418 1340 1542 1401 civibus
1558 1359 1653 1402 suum

392 1445 541 1528 deposuit
565 1445 792 1526 juramentum,
815 1447 903 1526 quod
928 1448 960 1508 In
984 1466 1041 1508 sua
1065 1446 1197 1507 accione
1221 1459 1302 1507 esset
1326 1446 1492 1508 innocens.

498 1551 575 1614 Item
601 1552 725 1633 Agatha
750 1571 880 1614 consors
904 1553 988 1615 Petri
1020 1551 1186 1614 familiaris
1214 1551 1309 1614 Chou
1342 1566 1456 1614 octavo
1481 1553 1533 1614 die
1556 1552 1656 1614 tercio

393 1678 425 1719 se
450 1659 603 1741 prestabit
625 1657 841 1739 juramentum
859 1673 968 1721 contra
994 1659 1178 1737 MartInum,
1200 1657 1288 1740 quod
1305 1659 1337 1719 in
1355 1658 1486 1730 accione
1503 1679 1558 1719 sua
1576 1670 1658 1720 esset

394 1765 558 1844 innocens,
583 1765 714 1844 scilicet,
739 1765 827 1847 quod
852 1766 892 1826 ad
913 1765 1047 1826 domum
1064 1784 1155 1827 suam
1180 1783 1245 1826 non
1270 1765 1409 1826 venisset
1432 1778 1462 1826 et
1486 1765 1657 1846 pecuniam

395 1891 487 1934 suam
512 1890 576 1933 non
602 1872 815 1934 subtraxisset.

503 1995 580 2057 Item
604 1995 781 2074 Renaldus,
813 1996 867 2076 qui
897 2009 1010 2058 octavo
1042 1995 1094 2057 die
1125 1993 1196 2056 festi
1221 1995 1312 2055 beate
1347 1994 1546 2075 Margarethe
1571 2013 1657 2056 nunc

396 2102 548 2184 preterito
571 2103 603 2163 In
628 2100 711 2163 Iacto
728 2101 944 2182 quorumdam
969 2100 1163 2179 debitorum,
1180 2120 1243 2182 que
1260 2113 1369 2162 contra
1394 2099 1531 2162 condam
1557 2099 1657 2160 Fran-

394 2209 512 2270 ciscum
538 2208 578 2270 de
602 2208 731 2290 Wsepis
755 2209 967 2290 proponebat,
992 2227 1177 2290 comparere
1201 2207 1349 2286 debebat,
1367 2226 1431 2268 non
1464 2205 1656 2288 comparuit.

446 2427 544 2503 Faria
572 2431 680 2502 tercia
707 2432 862 2518 proxima
891 2437 969 2500 ante
988 2429 1110 2500 festum
1138 2427 1226 2499 beati
1251 2427 1409 2498 Demetrii
1438 2429 1604 2498 martiris.

919 2583 959 2657 (7.
983 2580 1130 2657 octobres).

503 2719 581 2782 Item
615 2719 766 2783 Clemens
797 2719 927 2802 pellifex
959 2734 990 2782 et
1022 2721 1141 2802 Steplto
1174 2721 1272 2782 nostri
1305 2721 1453 2783 conciues
1485 2721 1517 2781 id
1550 2740 1658 2782 coram

395 2826 490 2888 nobis
504 2828 765 2908 comprobarunt,
783 2826 870 2907 quod
896 2827 973 2888 dum
991 2827 1068 2909 Jury
1093 2827 1124 2888 In
1143 2827 1291 2890 extremis
1308 2827 1492 2906 laborasset,
1517 2825 1656 2888 fundum

399 2952 493 2994 suum
518 2934 550 2994 in
572 2933 645 2994 vico
670 2933 816 2996 exteriori
843 2934 999 3013 habitum,
1020 2933 1141 2996 eisdem
1168 2947 1201 2996 ut
1233 2933 1460 2996 commissoriis
1485 2933 1656 3015 disponere

397 3039 620 3102 commisisset.

502 3145 579 3206 Item
605 3161 733 3207 causam
759 3147 840 3207 inter
857 3145 1028 3207 Nicolaum
1050 3147 1229 3207 institorem
1254 3159 1285 3207 et
1301 3145 1508 3207 Valentinum
1533 3145 1657 3227 pridem

395 3251 536 3333 juratum
561 3253 601 3314 ad
627 3272 738 3334 pacem
763 3253 803 3314 ad
828 3253 967 3334 primum
992 3252 1147 3333 judicium
1172 3265 1369 3334 receperunt.

503 3359 580 3420 Item
604 3359 661 3420 vlri
687 3360 827 3441 religiosi
853 3358 963 3420 fratres
986 3359 1086 3420 sancti
1107 3359 1131 3419 F
1136 3359 1268 3421 rancisci
1293 3359 1553 3440 comprobarunt,
1570 3358 1659 3439 quod

397 3465 549 3527 Nicolaus
574 3465 677 3527 Strich
702 3466 778 3527 dum
808 3466 839 3526 in
868 3465 1016 3526 extremis
1038 3465 1224 3543 laborasset,
1241 3463 1378 3526 fundum
1402 3483 1496 3525 suum
1521 3483 1659 3525 vacuum

397 3570 430 3632 in
454 3572 563 3632 medio
587 3572 687 3634 nostri
712 3571 856 3633 habitum
891 3572 997 3633 eidem
1029 3572 1166 3633 claustro
1191 3591 1248 3653 pro
1273 3571 1389 3632 debitis
1420 3571 1517 3652 precii
1543 3569 1661 3632 domus

396 3695 453 3738 seu
477 3677 627 3740 stacionia
651 3679 821 3759 legavisset
845 3693 875 3740 et
900 3678 1048 3740 dedisset.

503 3785 582 3847 Item
607 3805 734 3846 causam
757 3785 841 3846 inter
865 3783 1032 3846 Benchech
1058 3799 1089 3845 et
1114 3785 1313 3846 Demetrium
1347 3785 1387 3846 ad
1412 3784 1550 3866 prImum
1575 3783 1660 3865 judi-

399 3893 482 3955 cIum
508 3907 696 3974 receperunt
720 3891 759 3953 ad
784 3911 905 3974 pacem.

503 3998 583 4060 Item
608 4018 735 4060 causam
761 3999 842 4060 Inter
867 3997 984 4058 Malich
1010 4010 1040 4058 et
1064 3997 1227 4059 Thomam
1244 3997 1284 4059 ad
1301 3997 1548 4080 producendum
1573 3997 1662 4060 testi·

398 4105 545 4167 monium
555 4104 594 4166 ad
604 4105 743 4187 primum
754 4104 908 4186 judicium
923 4117 1120 4186 receperunt,
1135 4118 1165 4166 et
1178 4124 1236 4166 nos
1249 4105 1399 4166 duxImus
1410 4104 1662 4187 prorogandam.

504 4211 582 4272 Item
598 4211 778 4293 Stephanus
790 4210 937 4274 Kenehth
952 4224 1059 4274 noster
1072 4211 1195 4272 nocIvis
1212 4224 1321 4272 contra
1333 4211 1503 4273 Nicolaum
1522 4211 1661 4274 Tuchen

397 4317 502 4400 primo
526 4317 639 4379 citatus
663 4337 728 4378 non
753 4319 941 4399 comparuit.
1080 4396 1084 4404 .

504 4423 582 4486 Item
608 4423 768 4504 Georqus
793 4437 902 4486 contra
927 4424 1135 4486 DomInicum
1156 4424 1338 4506 sagiparum
1364 4425 1484 4506 recepit
1508 4425 1594 4488 diem
1619 4427 1660 4488 ad

398 4529 659 4612 respondendum
686 4530 717 4591 In
744 4531 848 4613 prImo
872 4529 1003 4611 judicio.

504 4635 580 4697 Item
606 4634 786 4698 Petriarcha
811 4649 921 4698 contra
946 4636 1126 4698 Iohannem
1156 4649 1310 4699 sartorem
1334 4638 1439 4721 prImo
1457 4639 1570 4700 citatus
1594 4657 1661 4701 non

398 4742 587 4823 comparuit.

505 4847 582 4910 Item
609 4867 737 4910 causam
764 4849 845 4909 Inter
869 4847 1012 4910 Blasium
1044 4849 1230 4912 Bastardich
1255 4861 1286 4911 et
1310 4849 1446 4912 Paulum
1480 4850 1582 4913 Totar
1613 4851 1661 4932 ju-

398 4964 500 5014 ratum
526 4953 566 5014 ad
589 4972 701 5036 pacem
725 4973 826 5036 usque
851 4954 991 5036 primum
1016 4955 1172 5036 judicium
1196 4969 1394 5039 receperunt.
