3740 5810
442 551 501 595 120
828 540 1026 616 Ann01423.
1052 573 1095 584 -
1113 555 1170 618 30.
1195 544 1308 616 aprilis.

439 641 482 648 -—
490 644 498 647 -
506 644 528 648 --
535 644 577 650 --—
584 645 938 654 ——--—-—--—-——-

1325 652 1396 658 -—-
1487 653 1697 660 -.--.------ι

440 767 553 808 varum
578 749 703 814 Miclini
736 749 850 830 iudicis
881 769 911 814 et
944 751 1068 835 Gaspar
1096 751 1152 814 filii
1177 755 1225 816 sui
1251 769 1282 818 et
1312 756 1402 818 Pauli
1428 757 1626 820 Zidouchich
1651 759 1701 818 ha·

438 854 550 934 bitem,
574 857 635 918 sibi
659 857 883 938 condonasset,
908 871 938 920 et
962 874 1034 941 post
1065 873 1203 922 mortem
1233 880 1323 923 suam
1350 863 1382 924 in
1408 862 1513 944 ipsum
1537 863 1699 925 Thomam

439 959 498 1020 rite
523 960 675 1024 devoluta
700 964 814 1043 existit,
839 963 913 1026 ideo
931 965 1065 1026 eandem
1091 965 1205 1028 silvam
1223 967 1281 1048 ipsi
1300 966 1429 1030 Thome
1445 969 1615 1030 statuimus
1634 989 1702 1050 per-

439 1079 537 1149 petuo
573 1069 802 1150 possidendam
835 1072 894 1133 sub
922 1071 988 1132 suis
1018 1071 1179 1153 prioribus
1202 1085 1233 1134 et
1256 1073 1397 1156 antiquis
1429 1075 1522 1136 metis
1545 1093 1582 1136 ac
1607 1076 1701 1138 veris.

546 1173 624 1237 ltem
649 1195 743 1238 causa
767 1177 955 1239 Mrankonis
979 1191 1009 1238 et
1027 1177 1155 1240 Andree
1173 1179 1325 1241 Zwechar
1348 1180 1427 1242 alias
1451 1180 1564 1242 decani
1590 1181 1631 1242 ad
1646 1201 1698 1244 oc-

438 1291 549 1342 tavum
574 1281 659 1343 diem
685 1282 725 1344 ad
750 1301 861 1366 pacem
887 1297 933 1345 est
957 1297 1093 1365 recepta.

548 1387 626 1449 Item
648 1383 732 1470 {quia
765 1389 866 1450 Elena
897 1402 929 1451 et
952 1389 1038 1452 Rosa
1062 1388 1128 1452 filie
1160 1391 1245 1452 Luce
1270 1389 1350 1453 labri
1380 1411 1452 1454 cum
1477 1392 1646 1456 sufficienti
1672 1409 1703 1456 et

440 1491 607 1574 fidedigno
631 1495 817 1556 testimonio
842 1509 1025 1558 nostrorum
1049 1497 1231 1559 concivium
1256 1497 1288 1558 id
1313 1498 1396 1560 clare
1421 1518 1528 1561 coram
1553 1501 1646 1562 nobis
1670 1500 1702 1561 iu

440 1599 561 1680 judicio
593 1603 855 1684 comprobarunt,
887 1617 922 1664 ut
945 1603 1012 1684 ipse
1044 1603 1076 1664 in
1110 1603 1225 1665 ultimo
1259 1623 1318 1666 suo
1350 1617 1427 1667 voto
1451 1605 1586 1668 domum
1610 1625 1700 1668 suam

440 1727 513 1768 cum
548 1705 649 1768 luudo
673 1721 705 1769 et
735 1709 814 1770 duas
845 1723 950 1790 partes
980 1709 1073 1770 vinee
1105 1709 1226 1772 eisdem
1258 1709 1385 1774 filiabus
1419 1713 1485 1773 suis
1508 1713 1604 1774 simul
1628 1733 1700 1774 cum

440 1813 566 1876 duabus
589 1815 732 1896 partibus
755 1816 884 1896 virgulti
901 1815 1165 1878 testamentaliter
1181 1816 1299 1898 legavit
1322 1817 1379 1878 tali
1395 1817 1506 1897 modo,
1529 1833 1565 1880 ut
1588 1820 1613 1880 si
1631 1819 1696 1901 ipse

438 1918 504 1982 filie
524 1939 581 1981 sue
605 1921 644 1982 ab
662 1919 720 1982 hac
744 1921 815 1983 luce
839 1921 907 1983 sine
933 1920 1086 1983 heredum
1111 1921 1244 1983 sollacio
1268 1921 1470 2004 decederent,
1494 1937 1612 1986 extunc
1633 1937 1698 1985 tam

439 2026 507 2108 ipsa
532 2025 649 2088 domus
673 2046 746 2088 cum
771 2025 872 2088 fundo
897 2047 995 2110 quam
1023 2027 1124 2089 eciam
1157 2027 1240 2089 dicte
1266 2027 1330 2090 due
1361 2043 1465 2110 partes
1488 2030 1582 2091 vinee
1607 2049 1700 2112 super

440 2131 639 2214 Stephanum
664 2131 790 2194 fabrum
815 2133 917 2196 filium
944 2134 1107 2196 Benedicti
1139 2132 1268 2196 devolvi
1300 2134 1439 2197 debeant
1462 2150 1559 2217 atque
1583 2135 1696 2196 redun-

441 2237 520 2318 dari,
547 2239 621 2301 ideo
646 2260 704 2302 nos
728 2240 903 2322 predictam
928 2241 1064 2303 domurn
1092 2253 1123 2302 et
1154 2241 1234 2302 duas
1257 2255 1361 2323 partes
1392 2242 1485 2304 vinee
1509 2261 1546 2304 ac
1570 2241 1696 2323 virgulti

439 2347 498 2408 sub
523 2346 715 2410 condicione
732 2347 875 2430 predicta
892 2347 1013 2408 eisdem
1032 2346 1133 2409 Eleae
1146 2361 1177 2408 et
1194 2347 1277 2409 Rose
1294 2349 1464 2409 statuimus
1481 2347 1698 2431 possidendas,

438 2452 525 2514 salva
549 2454 645 2514 tercia
668 2467 756 2536 parte
773 2453 866 2516 vinee
883 2452 1025 2535 predicte
1050 2466 1081 2514 et
1098 2453 1226 2535 virgulti
1245 2453 1350 2516 eidem
1367 2454 1464 2516 tercie
1488 2454 1569 2536 parti
1594 2455 1696 2515 subia-

438 2559 550 2636 centis,
576 2578 672 2640 quam
696 2559 828 2621 terciam
852 2571 976 2640 partem
999 2558 1092 2619 vinee
1117 2558 1257 2639 quedam
1278 2561 1373 2622 arbor
1396 2559 1542 2621 avellaue
1568 2580 1584 2622 a
1609 2560 1698 2622 dictis

439 2664 565 2726 duabus
588 2665 732 2746 partibus
755 2664 935 2726 vinealibus
959 2665 999 2725 ab
1024 2663 1163 2726 invicem
1180 2677 1305 2746 separat
1329 2677 1360 2727 et
1384 2665 1572 2746 distinguit;
1589 2685 1698 2748 quam·

439 2771 571 2852 quidem
595 2771 726 2833 terciam
752 2784 875 2853 partem
899 2771 992 2832 vinee
1017 2783 1047 2832 et
1071 2771 1201 2851 virgulti
1226 2770 1312 2832 idem
1337 2770 1440 2832 Lucas
1463 2785 1595 2833 testator
1619 2773 1699 2834 Mar-

438 2878 508 2939 tino
532 2876 599 2940 filio
625 2877 780 2939 Demetrii
803 2896 923 2958 genero
954 2895 1013 2938 suo
1045 2876 1112 2958 jure
1141 2891 1296 2959 perpetuo
1328 2877 1557 2959 possidendam
1582 2878 1700 2940 dimisit

440 2997 471 3046 et
502 2981 630 3064 legavit,
663 2983 738 3045 ideo
770 3003 829 3045 nos
861 2983 1038 3066 predictam
1069 2984 1198 3046 terciam
1232 2995 1355 3066 partem
1387 2983 1480 3046 vinee
1513 2998 1544 3046 et
1572 2983 1699 3066 virgulti

440 3090 546 3152 eidem
571 3089 710 3152 Martino
734 3089 803 3170 jure
827 3104 983 3172 perpetuo
1015 3101 1046 3151 et
1078 3089 1330 3153 irrevocabiliter
1360 3091 1529 3152 statuimus
1562 3105 1592 3152 et
1625 3089 1699 3152 reli·

440 3197 569 3278 quimus
592 3196 763 3258 tenendam
789 3210 820 3258 et
843 3195 1081 3278 possidendam.

547 3303 625 3365 ltem
649 3303 724 3384 quia
749 3303 883 3385 provida
905 3303 1020 3364 mulier
1038 3302 1138 3364 Elena
1163 3315 1274 3364 vocata
1292 3301 1357 3364 filia
1375 3303 1503 3366 Martini
1529 3303 1598 3366 ruffi
1621 3323 1700 3365 con-

439 3409 614 3490 sanguinea
639 3423 669 3470 et
693 3407 798 3470 affinis
822 3409 966 3470 Barnabe
985 3409 1042 3470 filii
1059 3407 1222 3471 Valentini
1247 3428 1354 3470 coram
1379 3409 1473 3471 nobis
1490 3410 1701 3492 personaliter

439 3517 610 3578 constituta
635 3536 707 3578 cum
732 3515 899 3579 sufficienti
934 3529 965 3578 et
997 3515 1138 3578 evidenti
1170 3515 1355 3576 testimonio
1388 3530 1571 3579 nostrorum
1595 3517 1699 3578 conci·

439 3623 527 3683 vium
552 3623 584 3684 id
609 3623 692 3684 clare
717 3622 940 3705 comprobavit
965 3641 1071 3684 coram
1098 3621 1191 3683 nobis
1209 3621 1240 3682 in
1265 3621 1397 3702 judicio,
1422 3622 1589 3704 quomodo
1614 3622 1697 3683 idem

438 3728 601 3790 Barnabas
635 3730 776 3792 sororius
810 3749 886 3790 suus
921 3729 953 3789 in
989 3727 1104 3789 ultimo
1144 3727 1318 3789 voluntatis
1353 3727 1485 3809 eulogio
1526 3728 1697 3810 quemdam

439 3832 587 3914 fundum,
617 3847 693 3897 tunc
725 3833 880 3896 hedificiis
914 3833 1112 3912 destitutum,
1137 3834 1168 3894 in
1200 3833 1272 3894 vico
1304 3847 1413 3895 nostro
1446 3835 1594 3896 exteriori
1619 3835 1698 3896 inter

439 3939 556 4002 fundos
579 3940 754 4003 liberorum
786 3940 880 4002 Ztrah
911 3953 942 4002 et
970 3939 1053 4000 Petri
1086 3939 1198 4001 decani
1221 3939 1376 4018 habitum,
1402 3959 1476 4001 cum
1508 3940 1574 4002 suis
1605 3941 1697 4024 perti·

439 4048 560 4108 nenciis
583 4047 687 4109 eidem
720 4047 820 4110 Elene
855 4046 1117 4108 testamentaliter
1149 4045 1328 4126 legavisset,
1360 4045 1434 4107 ideo
1471 4066 1529 4108 nos
1562 4047 1696 4108 eundem

438 4152 574 4214 fundum
610 4167 787 4216 memorate
823 4154 924 4215 Eleae
960 4166 991 4214 et
1025 4153 1090 4214 suis
1125 4151 1298 4213 heredibus
1332 4153 1502 4214 statuimus
1541 4167 1694 4236 perpetuo

438 4258 680 4340 possidendum.
1314 4321 1315 4326 ,

543 4364 622 4426 Item
648 4364 828 4447 Stephanus
853 4363 1018 4448 Doychich
1047 4377 1157 4426 contra
1188 4363 1346 4425 Briccium
1379 4365 1572 4446 piscatorem
1598 4364 1693 4427 filium

438 4469 535 4531 Blasii
560 4471 664 4552 primo
688 4471 802 4532 citatus
823 4491 887 4532 non
911 4472 1100 4552 comparuit.

544 4577 621 4638 Item
646 4577 738 4656 jurati
764 4577 1038 4656 adjudicaverunt,
1063 4575 1151 4658 quod
1177 4577 1295 4637 Paulus
1320 4576 1423 4638 dictus
1447 4577 1564 4657 Wgriu
1590 4591 1693 4638 contra

439 4681 625 4761 magistrum
651 4682 812 4744 Thomam
839 4682 910 4764 lsipi
928 4697 1042 4744 octavo
1067 4683 1119 4743 die
1144 4701 1238 4764 super
1255 4681 1353 4743 altare
1378 4683 1474 4744 debet
1490 4681 1597 4762 jurare
1614 4683 1695 4744 solus

438 4807 536 4868 penes
560 4789 684 4850 literam
710 4789 935 4869 obligatoriam
960 4807 1129 4869 supereo,
1156 4801 1188 4849 ut
1213 4789 1280 4870 ipse
1308 4787 1427 4850 Paulus
1450 4787 1578 4850 nullum
1602 4801 1692 4850 terra-

437 4894 527 4974 gium
553 4895 626 4954 dare
653 4907 682 4955 et
706 4895 828 4955 solvere
854 4894 893 4954 de
911 4895 976 4974 ipsa
1001 4906 1082 4954 terra
1101 4893 1331 4978 assumpsisset,
1348 4913 1407 4958 nec
1424 4892 1540 4958 fossata
1567 4894 1692 4959 circum·

439 4999 549 5064 lodere
574 5015 604 5060 ct
628 5019 763 5084 purgare
788 5001 1024 5085 spopondisset.
