3796 5812
1419 556 1482 638 483

222 657 805 665 ——--—-.———..-..—-.—-—
812 660 824 664 -
836 659 1097 666 -——.--.--——.
1107 663 1117 667 -
1126 663 1226 668 ...—

325 761 403 824 Item
421 764 589 826 Emericus
608 763 806 847 Remethych
824 779 933 827 contra
951 767 1095 828 Marcum
1111 765 1214 828 filium
1232 768 1361 830 Martini
1379 769 1484 850 primo

218 869 333 930 citatus
356 889 421 932 non
447 871 636 954 comparuit.

325 976 404 1038 Item
430 977 514 1039 lwan
540 977 706 1039 Jacourelli
732 991 841 1039 contra
867 977 1030 1040 Thomam
1062 978 1166 1041 filium
1191 980 1351 1042 Francisci
1377 981 1483 1063 primo

219 1081 333 1144 citatus
358 1103 423 1144 non
448 1083 639 1165 comparuit.

327 1188 404 1251 ltem
422 1209 514 1251 causa
533 1190 615 1251 inter
632 1188 810 1271 Georgium
823 1189 926 1252 filiurn
944 1191 1073 1274 Mathye
1091 1190 1226 1254 Cramar
1242 1207 1273 1254 et
1290 1194 1482 1256 Michaelem

217 1294 368 1356 claudum
393 1295 433 1356 ad
458 1295 597 1379 primum
621 1296 777 1378 judicium
801 1298 841 1359 ad
865 1316 978 1378 pacem
1003 1311 1049 1358 est
1072 1313 1208 1381 recepta.

197 1391 200 1396 ¹
324 1401 402 1465 ltem
427 1403 622 1464 laurencius
646 1403 772 1465 institor
796 1417 905 1464 contra
933 1403 1068 1464 Paulum
1093 1418 1249 1466 sartorem
1272 1401 1377 1468 lilium
1402 1403 1481 1466 Gre-

215 1509 297 1590 gorii
329 1509 429 1571 tercio
464 1511 577 1571 citatus
613 1530 676 1571 non
710 1510 907 1592 comparuit,
940 1510 1013 1572 ideo
1044 1511 1209 1573 convictus
1238 1525 1285 1573 est
1317 1513 1348 1572 in
1381 1512 1483 1574 tribus

217 1615 325 1697 pensis
349 1615 566 1678 denariorum.

326 1739 403 1802 ltem
420 1740 496 1822 quia
514 1739 760 1804 Bartholomeus
783 1741 913 1802 sellator
929 1761 1000 1803 curn
1018 1739 1190 1803 sufficienti
1204 1755 1386 1804 nostrorum
1405 1762 1482 1804 con·

217 1845 336 1907 civium
360 1847 546 1908 testimonio
572 1847 603 1908 id
628 1848 860 1930 comprobavit,
884 1849 973 1930 quod
998 1846 1172 1930 Goychech
1197 1849 1302 1931 ipsum
1327 1862 1359 1911 et
1383 1849 1482 1910 Nico·

216 1951 303 2013 laum
337 1973 430 2014 suum
463 1953 597 2031 socium,
629 1954 777 2015 concives
808 1966 953 2033 nostros,
983 1968 1127 2036 tempore
1159 1967 1343 2035 treugarum
1376 1953 1479 2016 furem

216 2059 383 2138 asserebat,
409 2073 439 2120 et
463 2059 538 2140 quia
564 2059 648 2121 idem
675 2058 848 2142 Goychech
866 2060 1007 2139 predicta
1031 2057 1109 2122 seria
1133 2074 1219 2122 sexta
1244 2061 1375 2122 eosdem
1401 2061 1478 2123 Bar-

216 2162 418 2226 tholomeum
453 2179 483 2225 et
515 2165 684 2227 Nicolaum
717 2185 773 2248 per
801 2165 956 2246 judicium
987 2164 1163 2246 juratorum
1189 2165 1221 2226 in
1252 2166 1367 2227 eodem
1393 2165 1479 2229 furtu
1540 2235 1542 2240 ,

217 2272 429 2352 comprobare
454 2291 518 2332 non
544 2272 655 2350 valuit,
681 2270 838 2353 juratique
860 2271 905 2334 sic
929 2271 1202 2350 adjudicaverunt,
1228 2272 1316 2354 quod
1339 2270 1480 2354 prelatus

216 2375 389 2458 Goychech
416 2377 508 2438 dictis
522 2377 751 2439 Bartholomeo
775 2391 806 2439 et
822 2377 957 2439 Nicolao
975 2378 1006 2438 in
1031 2379 1105 2439 vivo
1123 2377 1299 2461 (hlomagio
1317 2379 1479 2459 remansit,

217 2496 249 2542 et
272 2483 404 2544 cuilibet
428 2502 538 2544 eorum
564 2484 639 2565 quia
671 2482 732 2546 hoc
763 2483 848 2545 idem
886 2498 1032 2566 tempore
1063 2497 1246 2565 treugarum
1271 2484 1478 2568 perpetravit,

215 2587 255 2650 de
286 2589 522 2670 quinquaginta
554 2590 668 2650 marcis
700 2590 905 2652 denariorum
942 2588 1023 2651 infra
1056 2590 1235 2672 quindenas
1266 2587 1477 2652 sufficientem

214 2693 468 2757 satisfaccionem
495 2696 669 2778 inpendere
694 2696 841 2773 debebit;
866 2697 921 2777 qui
953 2695 1085 2778 quidem
1111 2681 1285 2778 Goychech
1308 2695 1348 2756 de
1373 2710 1479 2758 cetero

216 2801 241 2860 si
271 2800 302 2860 id
325 2803 502 2880 renovabit,
518 2802 695 2864 secundum
713 2803 917 2883 privilegium
935 2802 1071 2864 civitatis
1088 2801 1245 2882 justiciam
1263 2817 1479 2884 consequetur

214 2907 264 2966 vel
289 2907 390 2968 eciam
416 2907 503 2968 aliud
531 2908 634 2969 simile
674 2908 724 2968 vel
747 2908 976 2988 quodcumque
1005 2907 1197 2970 maleficium
1217 2927 1314 2989 quam
1337 2909 1477 2990 primunr

214 3032 395 3076 occurrens.

320 3119 398 3182 ltem
418 3119 555 3182 Michael
579 3119 663 3181 filius
679 3120 784 3182 Viden
801 3121 931 3183 textoris
955 3133 1065 3180 contra
1083 3118 1245 3180 Thomam
1270 3117 1476 3200 jobagionem

214 3225 324 3288 relicte
339 3226 475 3288 condam
495 3226 694 3308 Sigismundi
708 3226 747 3288 ad
765 3241 914 3288 octavum
932 3227 1018 3287 diem
1035 3245 1130 3308 super
1147 3245 1234 3287 aram
1251 3225 1478 3288 secundusmet

213 3333 308 3394 debet
340 3333 454 3412 iurare,
486 3332 574 3414 quod
606 3333 674 3415 ipse
710 3333 855 3394 Thomas
886 3332 1004 3394 wlnera
1029 3345 1060 3393 et
1090 3330 1255 3412 sanguinis
1286 3331 1475 3394 effusionem

212 3439 269 3521 ipsi
296 3439 445 3500 Michaeli
470 3439 628 3500 intulisset
652 3439 685 3500 in
709 3439 760 3500 via
784 3439 912 3520 publica
937 3452 967 3499 et
991 3437 1167 3502 communi.

318 3563 396 3626 ltem
421 3563 581 3645 Georgius
605 3562 748 3624 Croacus
775 3577 885 3624 contra
917 3561 1107 3624 Michaelem
1141 3560 1313 3644 pellificem
1337 3560 1473 3644 b(abita·

211 3670 325 3751 torem)
349 3670 389 3732 ad
414 3685 486 3732 octo
511 3669 580 3731 dies
603 3689 697 3752 super
721 3689 807 3731 aram
833 3669 995 3751 deponere
1013 3669 1228 3749 juramentum
1252 3668 1348 3730 debet
1365 3671 1473 3752 s(uper

211 3775 273 3856 eo),
305 3776 393 3858 quod
419 3777 485 3858 ipse
511 3774 670 3857 Georgius
702 3776 734 3836 in
767 3789 894 3836 centurn
920 3774 986 3839 llor.
1020 3775 1099 3852 auri,
1124 3793 1189 3836 uuo
1214 3820 1222 3836 .
1248 3821 1256 3836 .
1281 3821 1306 3853 .,
1338 3793 1404 3836 uno
1430 3775 1476 3836 la-

215 3881 284 3942 dice
309 3895 340 3944 et
371 3902 436 3947 uno
467 3895 576 3964 tapeto
606 3882 705 3963 vulgo
737 3881 885 3943 cletische
918 3927 1092 3943 ......
1128 3881 1187 3962 ipsi
1220 3879 1368 3942 Michaeli
1401 3901 1472 3962 pre-

213 3989 328 4050 dictam
355 3989 552 4069 obligaretur
575 4008 634 4048 uec
658 3988 835 4068 dampnum
864 3987 1032 4066 intulisset,
1056 3985 1156 4068 (quod
1181 3985 1226 4068 in)
1251 3987 1406 4067 premissa
1423 4007 1474 4048 ac-

210 4096 302 4157 cione
327 4095 481 4182 innocens
505 4109 586 4156 esset
610 4107 641 4156 et
665 4093 815 4155 inmunis.

317 4201 395 4263 ltem
420 4200 533 4264 Gallus
558 4201 679 4261 Brodar
710 4214 820 4261 contra
850 4199 1013 4260 Thomam
1038 4197 1139 4260 filium
1174 4198 1335 4260 Francisci
1369 4199 1474 4281 primo

212 4307 326 4370 citatus
351 4327 414 4368 non
440 4308 631 4390 comparuit.

277 4542 372 4618 Faria
401 4552 500 4618 sexta
529 4548 683 4634 proxima
711 4553 789 4634 post
816 4545 939 4616 festum
966 4546 1076 4616 sancti
1104 4543 1222 4634 Jacobi
1252 4543 1407 4632 apostoli.

316 4695 392 4756 ltem
418 4697 492 4778 quia
518 4695 657 4757 decanus
676 4695 702 4758 F
706 4694 822 4756 rancha
847 4694 924 4756 civis
941 4694 1077 4756 civitatis
1094 4693 1374 4775 Montisgrecensis
1392 4691 1469 4754 flde-

211 4801 309 4881 digno
334 4816 514 4862 nostrorum
539 4801 721 4862 concivium
747 4801 932 4864 testimonio
950 4800 981 4861 id
1002 4799 1235 4881 comprobavit,
1261 4798 1349 4880 quod
1377 4799 1472 4860 Erne-

210 4908 293 4969 ricus
317 4907 478 4970 Banchich
510 4909 613 4969 dictus
636 4907 696 4968 sibi
729 4907 761 4967 in
792 4907 932 4968 sedecim
965 4906 1071 4988 pensis
1102 4905 1308 4968 denariorum
1342 4918 1373 4966 et
1399 4924 1472 4965 ‘uno

210 5015 342 5076 denario
367 5013 522 5076 debitorie
548 5014 755 5095 obligaretur,
781 5014 913 5095 ipseque
943 5011 1105 5074 Banchich
1132 5012 1297 5074 Emericus
1320 5031 1472 5093 persona-

1370 5114 1383 5143 1
