3852 5820
613 509 811 586 Ann01415.
834 543 878 552 —
902 520 952 584 25.
975 509 1106 568 octobris.
1451 529 1491 592 23

335 718 412 780 ltem
450 718 582 782 domina
618 719 717 783 Lucia
749 718 858 780 relicta
898 718 1035 780 condam
1068 719 1179 782 Jacobi
1215 733 1325 782 contra
1360 720 1491 783 Petrum

220 823 378 908 Fudrych
401 837 519 888 octavo
543 825 595 889 die
618 825 718 888 tercio
741 845 775 887 se
799 825 945 907 personis
961 825 994 886 in
1019 824 1102 887 sacro
1121 825 1335 908 quarumdam
1359 846 1488 888 suarum

220 951 333 994 rerum
358 930 577 1014 juramentum
603 943 744 1015 prestare
768 943 903 994 tenetur.

333 1055 412 1118 Item
429 1053 561 1118 domina
579 1055 678 1117 Lucia
695 1053 838 1137 predicta
861 1066 970 1117 contra
988 1055 1108 1118 Mathei
1125 1055 1158 1118 io
1176 1055 1260 1118 facto
1277 1056 1491 1139 quarumdam

220 1161 393 1223 literarum
425 1174 456 1223 et
486 1181 585 1244 penes
615 1161 752 1223 literalia
782 1180 839 1222 sua
870 1161 1080 1224 instrumenta
1116 1162 1184 1225 sola
1208 1181 1265 1224 sua
1297 1162 1329 1224 in
1353 1181 1490 1244 persona

221 1266 443 1348 juramentum
469 1279 609 1350 prestare
632 1279 769 1331 tenetur.

331 1389 410 1452 Item
443 1389 626 1473 Stephanus
657 1390 801 1453 literatus
832 1403 941 1453 contra
973 1391 1131 1454 loannem
1163 1391 1314 1454 Kusnech
1338 1392 1371 1454 in
1406 1389 1491 1456 facto

221 1495 404 1559 ablationis
428 1495 642 1578 quorumdam
669 1496 893 1558 linteaminum
917 1497 1017 1560 tercio
1040 1517 1074 1559 se
1105 1497 1250 1581 personis
1273 1497 1488 1580 juramentum

224 1615 344 1664 octavo
369 1601 422 1664 die
445 1615 584 1685 prestare
607 1615 744 1666 tenetur.

332 1727 411 1789 Item
425 1726 604 1811 Elyzabeth
617 1747 748 1789 consors
760 1727 845 1789 Petri
857 1726 914 1790 filii
928 1727 1045 1810 Angeli
1062 1739 1171 1790 contra
1191 1727 1320 1790 Petrum
1337 1727 1488 1811 Fudrych

222 1832 264 1895 ad
289 1833 447 1915 judicium
473 1835 505 1896 in
529 1833 638 1896 sedem
663 1847 803 1896 nostram
828 1834 933 1918 primo
950 1835 1045 1897 citata
1069 1854 1135 1896 non
1158 1834 1247 1897 venit
1263 1853 1368 1916 neque
1392 1834 1489 1898 misit.

331 1959 409 2020 ltem
434 1959 595 2022 Adrianus
619 1972 728 2022 contra
746 1959 954 2022 Dominicum
978 1958 1141 2023 medicum
1164 1959 1270 2043 primo
1292 1959 1406 2022 citatus
1421 1979 1488 2021 non

224 2065 418 2148 comparuit.

332 2188 411 2251 Item
434 2190 466 2251 in
491 2189 636 2253 debitum
653 2189 790 2255 Vidonis
813 2188 964 2253 aurifabri
996 2190 1233 2272 antescriptum,
1249 2189 1343 2273 jurati
1368 2189 1489 2253 medie·

220 2307 321 2357 tatem
348 2297 516 2359 cuiusdam
540 2295 659 2379 (h)0rti,
690 2317 787 2380 quam
818 2296 1023 2359 medietatem
1050 2295 1225 2360 literatorie
1250 2296 1326 2358 dicti
1351 2295 1488 2359 Vidonis

223 2401 426 2485 reperierunt
443 2416 528 2466 extra
553 2403 680 2466 Novam
703 2417 841 2487 portam,
862 2403 1014 2485 magistro
1032 2402 1201 2466 Francisco
1225 2401 1264 2464 de
1281 2402 1395 2485 Vaepis
1411 2421 1487 2465 ven·

224 2508 348 2571 dicioni
373 2510 614 2590 commiserunt,
637 2523 668 2572 er
690 2510 822 2573 tandem
838 2510 964 2573 residua
981 2511 1066 2572 bona
1090 2510 1235 2572 eiusdem
1259 2509 1396 2572 Vidonis
1412 2530 1486 2594 pro·

224 2628 380 2696 sequatur
402 2636 438 2678 ac
454 2635 579 2700 semper
603 2617 635 2678 in
652 2615 792 2698 prefatos
809 2617 1043 2700 quinquaginta
1067 2616 1212 2700 quinque
1228 2615 1369 2680 florenos
1385 2616 1485 2680 delal-

223 2741 294 2784 care
318 2736 457 2785 tenetur.

331 2847 411 2910 Item
435 2847 510 2930 quia
534 2848 686 2931 magister
712 2847 900 2910 Franciscus
929 2847 1092 2931 predictus
1115 2848 1149 2909 in
1181 2845 1322 2930 quadam
1354 2848 1484 2910 laterna

221 2975 295 3018 cum
321 2955 438 3037 scripta
461 2974 576 3016 manus
599 2953 714 3037 prefati
732 2954 878 3038 Vydonis
894 2953 1046 3018 aurifabri
1070 2954 1270 3036 approbabat
1293 2968 1325 3016 et
1349 2953 1483 3016 demon·

222 3063 352 3140 artabat,
376 3074 412 3123 ut
435 3061 538 3123 dictus
562 3061 657 3144 Vydo
681 3061 721 3123 de
745 3061 889 3144 pecuniis
913 3061 1063 3124 stacionis
1086 3061 1226 3122 sedecim
1250 3060 1391 3124 florenos
1414 3063 1484 3124 auri

222 3167 405 3250 recepisset,
430 3167 503 3230 ideo
521 3167 614 3250 jurati
638 3167 829 3250 judicarunt,
854 3181 889 3230 ut
913 3169 980 3250 ipse
998 3167 1149 3249 magister
1165 3167 1353 3230 Franciscus
1376 3187 1433 3230 sua
1452 3169 1484 3230 in

221 3294 359 3357 persona
383 3293 482 3356 penes
506 3274 624 3338 dictam
649 3275 812 3336 laternam
838 3286 868 3336 et
891 3275 1039 3356 scriptam
1060 3272 1275 3356 juramentum
1300 3285 1415 3336 octavo
1432 3275 1485 3338 die

221 3395 363 3463 prestare
387 3393 524 3461 tenetur,
547 3380 679 3442 tandern
706 3381 837 3463 prestito
868 3379 1050 3462 juramento
1082 3399 1215 3442 consors
1238 3380 1314 3442 dicti
1338 3380 1485 3464 Vydonis

221 3487 363 3570 prefatos
387 3487 526 3550 sedecim
551 3489 692 3552 florenos
722 3499 900 3549 memorato
925 3487 1095 3549 Francisco
1128 3486 1272 3548 solevere
1304 3501 1481 3564 teneretur;

223 3593 353 3654 tandem
378 3593 418 3654 de
442 3592 628 3656 huiusmodi
652 3592 833 3674 juramento
865 3592 932 3674 ipse
958 3591 1109 3674 magister
1140 3591 1328 3654 Franciscus
1353 3613 1388 3654 ac
1412 3611 1483 3675 pre-

223 3699 310 3762 dicto
334 3699 455 3782 judicio
479 3719 610 3762 consors
638 3699 737 3782 ipsius
757 3699 902 3783 Vydonis
934 3718 999 3761 non
1024 3698 1177 3777 contenti,
1210 3698 1329 3761 dictam
1354 3719 1483 3762 causam

223 3824 334 3867 eorum
359 3805 399 3866 ad
422 3806 575 3887 antiquos
597 3805 720 3887 judices
743 3805 835 3866 ambe
860 3819 965 3888 partes
988 3805 1201 3889 appellarunt.

238 4021 336 4096 Faria
364 4031 462 4096 sexta
490 4027 645 4114 proxima
673 4031 750 4096 ante
778 4023 900 4096 festam
927 4025 1103 4096 beatorum
1130 4025 1284 4114 symonis
1312 4032 1345 4096 et
1371 4025 1458 4116 Jude

733 4147 971 4238 apostolomm.

737 4301 799 4377 (25.
822 4301 966 4378 octobris).

327 4437 405 4499 Item
432 4439 507 4520 quia
538 4438 673 4521 provida
706 4439 837 4502 domina
869 4440 967 4504 Lucia
991 4455 1103 4504 vocata
1135 4443 1244 4505 relicta
1268 4443 1348 4506 olim
1372 4443 1482 4506 Jakow

221 4555 330 4606 contra
354 4543 475 4606 Mathei
499 4542 628 4607 fratrem
658 4545 792 4628 predicti
825 4547 927 4609 Jalrou
951 4547 984 4609 in
1017 4545 1101 4611 lacto
1132 4549 1371 4632 prosecucionis
1403 4569 1481 4631 qua·

221 4648 369 4710 rumdam
386 4649 596 4712 medietatum
613 4651 728 4713 domus
744 4664 775 4714 et
791 4652 883 4714 vinee
900 4652 967 4714 sola
984 4672 1041 4714 sua
1058 4653 1091 4715 in
1108 4673 1243 4737 persona
1260 4673 1358 4736 penes
1374 4654 1482 4718 literas

221 4774 291 4817 suas
315 4755 417 4817 dictas
441 4757 658 4838 possessiones
685 4771 852 4840 tangentes
882 4759 1099 4840 juramentum
1131 4779 1224 4822 suum
1249 4760 1307 4822 rite
1334 4760 1483 4843 deposuit

222 4874 254 4922 ut
284 4862 407 4941 debuit,
432 4882 491 4944 pro
523 4883 562 4924 eo
593 4864 728 4926 eandem
760 4865 792 4927 io
824 4864 969 4948 pacificio
1002 4865 1149 4928 dominio
1174 4866 1330 4929 dictarum
1360 4887 1482 4951 posses-

222 4966 347 5031 sionum
371 4968 592 5050 relinquentes
615 4972 844 5035 commiserunt
867 4969 934 5034 fore
960 4973 1153 5056 expeditam.
