3876 5798
403 567 466 645 408
771 572 857 627 Anno
881 584 973 647 1444.
997 604 1041 614 -
1064 585 1112 631 ΙΙ.
1136 572 1295 633 decembris.

404 783 512 844 rencio
538 781 665 862 factam,
690 795 830 845 nostram
856 783 887 844 in
913 784 1109 865 presenciam
1127 804 1191 846 non
1209 785 1296 846 venit
1324 804 1428 867 neque
1451 786 1593 867 aliquem
1609 805 1667 868 pro

404 909 438 951 se
462 889 559 952 misit.

511 995 589 1056 Item
615 996 769 1057 discretus
791 996 839 1056 vir
863 995 1014 1057 dominus
1039 996 1190 1058 Nicolaus
1214 997 1369 1077 presbiter
1400 1012 1431 1058 et
1455 997 1581 1080 providi
1606 998 1664 1058 viri

407 1100 532 1162 Blasius
555 1100 641 1162 filius
666 1102 756 1163 Pauli
781 1101 905 1184 pridem
939 1101 1032 1181 judex
1066 1122 1101 1163 ac
1127 1101 1314 1163 Valentinus
1346 1101 1430 1164 filius
1454 1102 1519 1165 lwk
1544 1103 1667 1185 pridem

406 1205 539 1287 juratus,
564 1208 711 1270 concives
736 1207 846 1286 nostri,
871 1221 1011 1269 nostram
1044 1208 1208 1268 venientes
1232 1209 1264 1269 in
1289 1208 1488 1290 presenciam
1512 1209 1605 1269 nobis
1630 1227 1668 1268 eo

407 1311 505 1372 modo
530 1312 718 1391 retulerunt,
742 1312 831 1394 qnod
856 1313 914 1394 ipsi
933 1331 1060 1374 causam
1082 1311 1223 1374 diffamie
1240 1327 1271 1374 et
1295 1313 1574 1376 dehonestacionis
1593 1313 1668 1374 Sco-

407 1418 515 1480 lastice
528 1419 635 1500 puelle
652 1418 716 1480 filie
731 1419 867 1480 condam
881 1419 1005 1481 Nicolai
1023 1420 1220 1502 bogdanych
1237 1441 1292 1503 per
1310 1420 1518 1483 Katherinam
1536 1440 1668 1482 uxorem

409 1523 586 1587 Clementis
609 1525 721 1587 decani
747 1539 777 1586 et
801 1525 894 1606 jurati
919 1526 1018 1588 nostri
1044 1526 1190 1588 moderni
1215 1547 1309 1609 super
1335 1527 1437 1610 ipsam
1463 1527 1670 1590 Scolasticam

410 1631 552 1713 puellam
577 1645 756 1714 perpetrate
781 1633 885 1694 taliter
910 1633 992 1694 inter
1011 1633 1095 1715 ipsas
1111 1646 1216 1714 partes
1239 1633 1405 1715 sopierunt
1421 1648 1452 1695 et
1468 1634 1671 1710 sedaverunt,

411 1738 493 1798 ursi
518 1738 557 1798 de
582 1751 689 1800 cetero
714 1752 745 1799 et
767 1739 979 1821 peramplius
1003 1739 1070 1820 ipsa
1095 1738 1268 1800 Katherina
1286 1759 1366 1801 uxor
1390 1740 1466 1802 dicti
1492 1740 1671 1802 Clementis

408 1843 501 1926 jurati
525 1845 627 1926 ipsam
652 1843 827 1905 diffamiam
852 1857 883 1906 et
914 1845 1216 1906 dehonestacionem
1249 1859 1304 1906 aut
1334 1845 1451 1907 similia
1475 1845 1556 1908 lacta
1582 1846 1667 1907 mala

408 1969 502 2031 super
516 1951 616 2033 ipsam
631 1951 838 2012 Scolasticam
854 1951 996 2034 puellam
1018 1953 1219 2012 renovaverit
1232 1965 1286 2013 aut
1299 1953 1539 2034 perpetraverit,
1557 1966 1671 2014 extunc

411 2057 510 2117 eciam
537 2057 604 2138 ipsa
628 2057 730 2139 prima
754 2057 936 2120 diffamacio
960 2071 991 2119 et
1017 2058 1242 2120 dehonestacio
1271 2057 1376 2120 eidem
1402 2058 1575 2122 Katherina
1600 2079 1669 2120 mu·

410 2163 478 2224 lieri
505 2182 570 2224 non
594 2164 772 2226 remittetur
796 2184 900 2246 neque
925 2179 1070 2246 parcetur
1095 2166 1163 2246 ipso
1188 2162 1282 2227 facto.

518 2269 594 2330 ltem
612 2270 687 2351 quia
713 2270 912 2351 Margaretha
938 2271 1054 2331 mulier
1082 2271 1190 2332 relicta
1222 2269 1358 2332 condam
1392 2270 1482 2332 Pauli
1508 2271 1585 2333 dicti
1610 2270 1671 2331 De-

412 2395 527 2436 canecz
561 2375 649 2458 olym
681 2376 822 2438 concivis
855 2377 972 2454 nostri,
1005 2396 1089 2437 nunc
1124 2395 1255 2437 consors
1285 2377 1441 2458 legittima
1474 2377 1565 2438 Pauli
1597 2377 1672 2438 dicti

413 2481 640 2564 Klachewych‚
665 2482 696 2543 id
722 2503 793 2544 cum
819 2481 988 2544 sufficienti
1020 2497 1051 2544 et
1082 2481 1246 2564 fidedigno
1279 2497 1460 2545 nostrorum
1489 2483 1672 2545 concivium

412 2589 598 2649 testimonio
623 2589 654 2650 in
680 2589 754 2650 sede
779 2603 885 2651 nostra
911 2589 1076 2668 judiciaria
1094 2589 1177 2650 clare
1202 2589 1425 2672 comprobavit
1446 2608 1552 2651 coram
1570 2588 1673 2667 nobis,

412 2709 447 2756 ut
472 2694 548 2755 dum
574 2693 714 2777 prefatus
738 2696 856 2757 Paulus
880 2695 1045 2757 Decanecz
1074 2695 1105 2756 in
1140 2695 1287 2757 extremis
1311 2697 1376 2757 vite
1407 2716 1463 2758 sue
1487 2695 1674 2778 temporalis

412 2801 596 2880 laborasset,
619 2814 695 2862 tunc
720 2801 787 2882 ipse
812 2801 985 2882 quamdam
1010 2801 1144 2863 domum
1177 2822 1267 2863 suam
1297 2821 1370 2863 cum
1403 2800 1505 2864 fundo
1530 2817 1561 2864 et
1584 2802 1673 2863 hedi·

412 2907 501 2986 ficiis,
525 2928 588 2988 que
613 2907 749 2969 condam
769 2907 854 2969 lwan
879 2909 954 2970 dicti
969 2907 1109 2970 Golozlo
1126 2907 1295 2990 prefuisset
1312 2922 1342 2969 et
1365 2927 1422 2991 per
1439 2907 1674 2969 commissarios

412 3027 444 3075 et
466 3029 650 3075 executores
665 3015 844 3076 testamenti
871 3015 1015 3076 eiusdem
1041 3015 1125 3076 lwan
1144 3011 1284 3076 Golozlo
1302 3014 1361 3096 ipsi
1386 3014 1487 3076 Paulo
1507 3015 1673 3076 Decanecz

414 3119 541 3181 vendita
568 3119 678 3181 fuisset
701 3139 759 3202 pro
784 3121 938 3202 pecuniis,
967 3121 1043 3183 item
1067 3121 1241 3202 quamdam
1260 3121 1387 3182 vineam
1412 3141 1502 3182 suam
1528 3122 1558 3182 iu
1584 3121 1672 3183 terri-

412 3228 495 3288 torio
520 3228 655 3290 civitatis
680 3227 833 3305 habitam,
858 3229 961 3309 ipsum
987 3227 1122 3288 Paulum
1149 3228 1314 3289 Decanecz
1347 3227 1520 3290 literatorie
1544 3247 1673 3289 concer-

414 3346 555 3412 nentem‚
573 3353 645 3395 cum
663 3333 727 3394 suis
744 3333 934 3394 utilitatibus
951 3346 982 3394 et
998 3334 1203 3415 pertinenciis
1220 3334 1375 3394 universis
1392 3333 1532 3416 predicte
1550 3334 1673 3414 Marga-

415 3439 503 3500 rethe
528 3440 666 3518 mulieri,
691 3454 848 3521 protunc
873 3459 929 3501 sue
961 3441 1099 3500 consorti
1132 3440 1286 3520 legittime
1311 3459 1350 3500 eo
1382 3440 1481 3502 modo
1506 3440 1674 3520 legavisset

414 3545 481 3625 jure
506 3545 692 3628 perhennali
711 3545 950 3626 possidendam,
967 3559 1002 3606 ut
1019 3547 1085 3626 ipsa
1104 3545 1303 3626 Margaretha
1321 3546 1436 3607 mulier
1453 3545 1559 3608 debita
1576 3547 1675 3630 ipsius

414 3653 503 3714 Pauli
528 3652 632 3712 mariti
657 3653 705 3712 sui
731 3653 914 3733 persolvere
933 3665 964 3713 et
988 3671 1046 3733 pro
1069 3653 1175 3713 anima
1199 3671 1254 3712 sua
1272 3652 1389 3713 debeat
1405 3651 1508 3714 lacere
1533 3672 1674 3714 comme·

414 3759 614 3819 moraciones
627 3757 768 3818 salubres
786 3771 815 3818 et
833 3757 1070 3819 celebraciones
1087 3759 1254 3818 missarum
1272 3757 1518 3837 conscienciose,
1536 3757 1675 3840 ideoque

414 3886 471 3926 nos
496 3865 669 3946 predictam
696 3865 841 3941 domum,
871 3862 1007 3926 fundum
1031 3879 1061 3925 et
1091 3863 1238 3926 hedificia
1271 3865 1366 3926 unius
1390 3878 1502 3946 quarte
1527 3865 1613 3926 curie
1638 3885 1675 3926 ac

414 3973 543 4032 vineam
568 3971 782 4053 supradictam
808 3969 920 4052 prelati
945 3971 1035 4031 Pauli
1054 3971 1218 4032 Decanecz
1243 3991 1317 4033 cum
1341 3971 1406 4032 suis
1431 3971 1622 4034 utilitatibus
1645 3985 1676 4032 et

413 4077 618 4159 pertinenciis
641 4077 798 4138 universis
822 4075 943 4156 prefate
968 4077 1167 4158 Margarethe
1196 4077 1323 4138 mulieri
1348 4077 1516 4138 statuimus
1541 4097 1577 4138 ex
1603 4097 1672 4159 pre·

413 4185 517 4245 missis
542 4183 769 4264 possidendam
794 4197 825 4243 et
847 4183 1155 4264 quomodocumque
1180 4183 1318 4244 voluerit
1342 4183 1586 4264 disponendam.

518 4289 596 4351 ltem
621 4290 731 4350 Petrus
752 4289 836 4350 filius
854 4289 936 4350 Petri
956 4289 1152 4350 Dauidowcz
1170 4302 1279 4350 contra
1302 4289 1483 4372 Ztloykam)
1507 4309 1598 4350 suam
1623 4309 1674 4351 so-

412 4415 516 4457 rorem
540 4397 643 4476 primo
668 4395 781 4456 citatus
805 4415 869 4456 non
895 4395 1083 4476 comparuit.

518 4500 595 4562 ltem
611 4502 782 4563 Katherina
797 4521 876 4563 uxor
894 4501 1017 4562 Nicolai
1032 4501 1146 4563 literati
1161 4502 1261 4562 tercio
1278 4501 1372 4564 citata
1390 4515 1498 4562 contra
1514 4500 1676 4562 Thomam

413 4609 548 4670 Cbeden
574 4609 672 4670 tercio
697 4609 788 4669 citata
815 4628 879 4669 non
905 4609 1084 4690 comparuit
1107 4608 1162 4669 sed
1187 4628 1219 4669 se
1248 4608 1449 4669 contumacia
1474 4621 1504 4669 et
1530 4607 1561 4668 in
1580 4626 1677 4668 causa

414 4716 562 4776 convinci
591 4715 743 4797 permisit.

521 4823 598 4883 ltem
623 4842 750 4883 causam
777 4823 858 4884 inter
883 4821 1040 4883 Kuhnach
1066 4835 1097 4883 et
1120 4823 1202 4883 inter
1233 4821 1401 4882 servitores
1426 4821 1564 4881 Emerici
1591 4821 1676 4901 Sega

415 4929 507 5007 jurati
534 4942 564 4990 et
590 4929 754 4990 Michaelis
779 4927 945 5009 freniparis
963 4929 1054 5009 jurati
1080 4942 1111 4990 et
1128 4929 1266 4989 Emerici
1291 4926 1460 5009 lreuiparis
1484 4927 1560 4988 dicti
1585 4928 1676 4989 Zme·

412 5036 506 5096 thana
532 5055 638 5097 coram
664 5037 757 5096 nobis
775 5049 907 5113 motam,
929 5035 968 5095 ad
987 5035 1125 5116 primum
1144 5034 1299 5114 judicium
1317 5054 1373 5116 per
1390 5033 1584 5116 peticionem
1603 5051 1674 5115 pro·
