3734 5796
576 588 662 646 Anno
685 603 777 668 1439.
803 624 847 634 -
869 603 919 669 27.
936 592 1095 667 fibruarii.

622 820 701 883 Item
726 821 875 884 Michael.

621 927 699 990 Item
723 928 908 1012 Dyonisius.

622 1034 700 1096 Item
725 1033 896 1118 Georgius.

622 1141 701 1204 Item
724 1140 923 1204 Leonardus.

622 1247 701 1311 Item
725 1247 887 1310 Iohannes
910 1247 1001 1310 aliter
1026 1247 1141 1309 Janselr
1165 1257 1306 1308 vocatus.

622 1353 700 1416 Item
730 1354 893 1418 Clemens.

623 1459 701 1523 Item
727 1461 919 1545 Stephanus.

622 1566 701 1628 Item
726 1567 904 1630 Emericus.

623 1671 702 1734 Item
726 1673 885 1737 Matbeus.

623 1777 701 1840 Item
728 1779 884 1842 Thomas.

622 1884 700 1946 Item
726 1885 907 1969 Stephanus
934 1885 1104 1948 Praudich.

622 1989 701 2052 Item
725 1986 889 2054 Iohannes
911 2005 1023 2057 sartor.

623 2094 702 2158 Item
730 2097 937 2162 Laurencius.

624 2202 702 2264 Item
727 2203 849 2268 Petrus.

622 2307 702 2372 Item
725 2309 920 2375 Anthonius.

622 2415 701 2478 Item
724 2415 927 2512 Benedictus.

305 2612 382 2675 Item
416 2611 555 2695 prelatus
588 2610 744 2674 Martinus
775 2607 870 2690 judex
902 2629 1042 2672 unacum
1066 2609 1176 2692 juratis
1208 2626 1239 2674 et
1272 2613 1466 2675 consiliariis

199 2719 389 2802 supradictis
413 2739 486 2781 curn
509 2738 666 2782 consensu
690 2737 726 2778 ac
743 2717 887 2778 unanimi
905 2717 1069 2780 voluntate
1088 2719 1327 2781 communitatis
1351 2721 1464 2801 tocius,

200 2825 310 2887 omnia
334 2837 449 2888 statuta
475 2838 506 2887 et
524 2824 649 2913 decreta
673 2837 738 2884 tam
767 2822 799 2883 in
820 2821 960 2904 antiquis
987 2842 1085 2905 quam
1109 2824 1142 2886 in
1167 2826 1305 2908 presenti
1322 2827 1461 2890 katernis

200 2931 380 3015 conscripta
404 2945 435 2994 et
466 2931 651 3014 consignata
682 2929 722 2991 ad
754 2947 868 2990 omnes
899 2928 1069 3009 clausulas,
1097 2943 1216 3013 puncta
1248 2944 1280 2994 et
1310 2932 1462 2995 articulos

201 3038 346 3122 ipsorum
363 3052 520 3121 perpetuo
534 3051 564 3100 et
581 3035 811 3102 inviolabiliter
827 3035 962 3098 valitura
977 3049 1008 3099 et
1024 3037 1223 3100 observanda
1241 3038 1464 3105 decreverunt.

308 3143 386 3206 Item
420 3144 532 3206 eadem
565 3143 643 3206 feria
667 3155 752 3204 sexta
785 3141 931 3226 Mathyas
962 3143 1081 3206 Farkas
1112 3157 1222 3206 contra
1247 3145 1336 3208 Jurse
1362 3149 1463 3210 carni-

199 3248 293 3312 ficem
317 3250 423 3332 primo
448 3249 561 3312 citatus
584 3269 651 3312 non
675 3248 864 3331 comparuit.

310 3355 387 3419 Item
414 3356 571 3418 Martinus
589 3368 679 3418 sutor
701 3354 792 3436 niger
815 3367 925 3416 contra
957 3353 1121 3439 Matbyam
1153 3357 1337 3422 sellatorem
1360 3359 1465 3444 primo

199 3461 315 3524 citatus
338 3481 403 3524 non
428 3461 618 3546 comparuit.

308 3567 386 3630 Item
411 3569 486 3652 quia
511 3568 624 3631 Petrus
646 3565 731 3630 filius
755 3567 883 3629 Thome
916 3566 1011 3631 frater
1035 3570 1171 3632 carnalis
1195 3571 1350 3634 lobannis
1374 3572 1462 3635 insti-

197 3673 276 3736 toris
293 3671 378 3736 filius
399 3673 513 3758 prefati
530 3673 671 3754 Thome,
695 3673 728 3736 id
752 3693 825 3735 curn
842 3672 1012 3737 sufficienti
1036 3689 1067 3736 et
1090 3675 1255 3759 fidedigno
1279 3691 1461 3740 nostrorum

198 3779 384 3842 concivium
409 3780 594 3843 testimonio
619 3779 743 3842 insede
768 3792 874 3842 nostra
892 3779 1058 3861 judiciaria
1075 3781 1159 3845 clare
1184 3795 1215 3846 et
1238 3784 1356 3846 seriose
1374 3804 1461 3846 com·

198 3885 360 3968 probavit,
379 3899 414 3948 ut
429 3885 571 3968 prelatus
587 3885 751 3948 Iohannes
768 3885 894 3948 Institor
914 3886 1119 3949 medietatem
1137 3889 1316 3951 sessionum
1333 3905 1463 3952 suarum

198 3989 458 4073 jobagionalium
483 4005 514 4054 et
536 4004 691 4054 terrarum
716 3991 838 4053 eisdem
866 4011 1063 4055 annexarum
1088 3993 1120 4056 in
1144 3995 1305 4058 territorio
1329 3995 1465 4058 civitatis

197 4097 341 4179 predicte
365 4099 397 4160 iu
417 4099 577 4182 Pobresya
594 4098 786 4174 habitarum,
811 4097 915 4180 ipsum
933 4097 1066 4180 juridice
1090 4102 1370 4182 concernentium,
1394 4123 1464 4184 pre·

200 4201 268 4266 fato
293 4203 388 4266 Petro
420 4203 508 4266 fratri
533 4223 592 4265 suo
624 4203 742 4266 carnali
771 4204 803 4266 in
835 4204 1020 4286 porcionem
1054 4226 1144 4268 suam
1178 4207 1465 4269 condivisionalem

200 4329 310 4372 coram
343 4309 464 4372 eisdem
496 4311 629 4372 testibus
659 4309 832 4392 fidedignis
863 4309 964 4372 fassus
995 4325 1041 4373 est
1073 4313 1218 4390 dedisse;
1242 4327 1272 4376 et
1297 4314 1372 4395 quia
1398 4315 1466 4397 ipse

200 4415 365 4479 lohannes
389 4417 515 4479 iustitor
539 4417 650 4480 babuit
682 4417 749 4498 jura
782 4430 813 4478 et
844 4417 979 4478 literalia
1011 4419 1222 4482 instrumenta
1254 4418 1467 4501 privilegialis

200 4541 298 4606 super
322 4521 443 4586 eisdem
476 4523 671 4586 sessionibus
704 4522 964 4606 jobagionalibus
995 4537 1026 4586 et
1056 4525 1147 4585 terris
1178 4524 1298 4586 eisdem
1323 4525 1466 4603 annexis,

198 4629 319 4710 quibus
342 4629 561 4692 mediantibus
585 4629 714 4713 plenam
739 4628 851 4690 habuit
868 4627 1052 4692 facultatem
1076 4630 1249 4710 vendendi,
1274 4630 1417 4692 donandi
1435 4643 1466 4692 et

199 4734 511 4817 quomodocumque
535 4735 640 4797 voluit
655 4733 849 4817 disponendi
874 4733 959 4814 juxta
980 4737 1205 4799 condicionem
1230 4750 1260 4798 et
1283 4736 1465 4799 libertatem

201 4841 339 4904 civitatis
363 4854 540 4924 prenotate,
571 4842 710 4923 ideoque
743 4860 803 4902 nos
832 4841 967 4902 eandem
1000 4843 1204 4905 medietatem
1239 4843 1379 4925 ipsarum
1404 4861 1465 4904 ses·

202 4947 332 5012 sionum
358 4947 612 5030 jobagionalium
638 4967 710 5010 cum
735 4947 800 5008 suis
832 4947 954 5008 cunctis
985 4948 1175 5010 utilitatibus
1206 4961 1237 5009 et
1260 4949 1466 5029 pertinenciis

201 5053 358 5116 universis
375 5052 499 5137 prefato
516 5055 610 5116 Petro
627 5053 795 5116 statuImus
819 5067 974 5134 perpetuo
991 5053 1218 5135 possidendam
1237 5065 1267 5114 et
1284 5053 1466 5135 quomodo·

1321 5179 1360 5220 20
