3876 5798
455 576 521 639 434
833 554 1035 635 Anno1446.
1058 591 1102 600 -
1125 571 1172 618 11.
1189 557 1342 634 januarii.

562 769 641 834 Item
666 769 832 832 Emericus
854 769 1031 832 Franchich
1056 783 1087 832 et
1111 767 1271 852 Georgius
1303 767 1476 831 Ztanchich
1501 783 1612 832 contra
1641 767 1728 831 Gre·

455 878 582 959 gorium
606 875 709 940 filium
733 877 861 939 Andree
885 876 1037 940 Zwechar
1060 878 1166 959 primo
1189 877 1276 939 citati
1301 895 1366 939 non
1395 889 1657 958 comparuerunt.

562 1000 640 1062 item
672 997 813 1081 prefatus
843 998 1020 1083 Gregorius
1050 999 1134 1063 filius
1165 1001 1265 1082 ipsius
1296 1000 1424 1062 Andree
1448 999 1601 1062 Zwechar
1639 999 1725 1082 quia

457 1106 635 1188 predictum
666 1105 830 1189 Mathyam
861 1105 1019 1188 juratum,
1050 1125 1205 1188 generum
1237 1107 1380 1188 magistri
1416 1105 1569 1188 Stephani
1601 1105 1729 1168 literati

459 1211 625 1296 Rakarych
650 1211 738 1290 dicti,
773 1213 908 1294 turpiter
931 1212 1152 1276 dehonestavit
1175 1227 1206 1278 et
1233 1211 1421 1292 diffamavit,
1444 1231 1587 1274 asserens
1612 1211 1729 1294 ipsum

458 1317 622 1400 Mathyam
655 1317 793 1398 juratum
826 1319 856 1380 in
889 1321 1056 1382 kateruum
1089 1333 1233 1381 nostrum
1261 1337 1434 1380 commune
1464 1337 1522 1401 pro
1546 1317 1731 1380 duodecim

458 1421 596 1484 denariis
620 1419 687 1484 iore
711 1425 936 1507 proscriptum,
961 1445 1016 1506 per
1039 1424 1318 1508 adjudicacionem
1335 1423 1511 1504 juratorum
1536 1437 1733 1486 nostrorum

457 1530 689 1592 modernomm
713 1529 817 1612 ipsum
847 1531 1011 1615 Mathyam
1032 1531 1169 1614 juratum
1187 1531 1228 1593 ad
1244 1531 1385 1613 primum
1401 1529 1558 1612 judicium
1574 1530 1733 1613 proxime

459 1656 631 1699 occurrens
655 1635 751 1699 debet
773 1657 869 1720 super
896 1657 936 1700 eo
968 1640 1189 1721 comprobare,
1214 1651 1248 1700 ut
1279 1639 1347 1720 ipse
1372 1637 1518 1720 Mathyas
1542 1636 1666 1719 juratus
1693 1637 1732 1698 in

457 1743 528 1826 ipso
553 1745 686 1806 katerno
703 1757 813 1806 nostro
838 1745 1003 1806 communi
1020 1764 1078 1828 pro
1103 1744 1159 1806 Xll
1177 1744 1316 1806 denariis
1332 1745 1372 1806 sit
1395 1744 1590 1826 proscriptus
1615 1763 1654 1804 ex
1674 1763 1736 1822 eo,

457 1850 533 1932 quia
558 1850 625 1932 ipse
650 1849 797 1932 Mathyas
821 1849 942 1931 juratus
966 1850 998 1912 id
1023 1869 1095 1912 cum
1120 1851 1306 1912 testimonio
1335 1847 1500 1931 fidedigno
1523 1847 1735 1911 sufficienter

457 1955 682 2038 comprobavit
705 1975 813 2018 coram
838 1957 942 2036 nobis,
970 1969 1004 2019 ut
1034 1957 1102 2038 ipse
1127 1955 1304 2037 Gregorius
1335 1957 1439 2038 ipsum
1463 1955 1508 2018 sic
1532 1969 1566 2016 ut
1590 1956 1736 2036 premit-

460 2061 537 2124 titur
560 2060 783 2125 dehonestavit
799 2082 941 2124 asserens
957 2063 1061 2145 ipsum
1080 2063 1245 2145 Mathyam
1262 2062 1400 2142 juratum
1417 2081 1476 2144 pro
1500 2061 1557 2123 xtt
1581 2061 1738 2123 denariis

459 2165 531 2229 fore
555 2167 781 2250 proscriptum.

565 2293 643 2354 Item
667 2293 743 2376 quia
768 2293 960 2355 Benedictus
984 2293 1088 2355 dictus
1111 2293 1214 2356 Bensa
1244 2292 1329 2355 filius
1354 2291 1519 2355 Michaelis
1543 2291 1739 2354 Sebastiani

460 2399 675 2480 juramentum
699 2398 760 2460 sibi
779 2418 835 2481 per
858 2398 978 2480 juratos
994 2399 1096 2480 pridie
1113 2411 1223 2462 contra
1241 2399 1405 2482 Mathyam
1429 2398 1469 2460 de
1486 2399 1571 2480 Vgra
1595 2397 1740 2460 racione

460 2506 604 2588 dampni,
637 2503 725 2587 quod
758 2505 824 2587 ipse
857 2505 1003 2588 Mathyas
1035 2505 1095 2588 ipsi
1127 2505 1302 2568 Benedicto
1335 2505 1460 2584 intulit,
1491 2503 1739 2586 adjudicatum,

458 2609 555 2674 hodie
579 2611 715 2693 prestitit
739 2624 769 2672 et
793 2610 942 2693 deposuit
965 2611 1081 2674 eodem
1099 2611 1198 2674 modo
1221 2613 1303 2674 sicut
1323 2612 1383 2673 sibi
1408 2610 1468 2672 fuit
1490 2609 1740 2691 adjudicatum,

459 2717 534 2780 ideo
558 2718 662 2800 ipsum
687 2717 898 2780 Benedictum
929 2717 1057 2779 racione
1089 2717 1305 2800 deposicionis
1329 2717 1406 2779 dicti
1437 2716 1608 2799 juramenti
1634 2735 1738 2778 com-

459 2825 605 2886 misimus
629 2823 697 2886 fore
722 2824 918 2906 expeditum,
942 2823 1068 2906 ipsique
1086 2823 1215 2907 Mathye
1232 2823 1453 2886 commisimus
1477 2822 1674 2906 judicialiter
1693 2839 1737 2886 ut

460 2929 541 2993 inira
565 2931 745 3013 quindenas
775 2930 814 2992 de
846 2930 948 2992 tribus
982 2931 1096 2992 marcis
1127 2931 1345 3008 denariorum,
1376 2949 1471 3012 super
1502 2930 1621 3010 quibus
1658 2929 1737 3011 ipse

461 3037 655 3100 Benedictus
672 3039 800 3100 racione
829 3037 1045 3118 dampnorum
1074 3055 1207 3099 suorum
1231 3035 1356 3118 juravit,
1384 3035 1514 3118 plenam
1546 3035 1738 3116 inpendere

459 3142 574 3206 debeat
595 3141 862 3206 satisfaccionem.

461 3377 558 3454 Feria
585 3383 693 3454 tercia
720 3383 874 3472 proxima
907 3388 985 3472 post
1011 3381 1135 3454 festum
1172 3381 1263 3452 beart
1293 3379 1389 3452 Pauli
1417 3379 1516 3468 primi
1545 3378 1741 3454 heremite.

966 3547 1029 3631 (11.
1043 3550 1214 3628 januarii).

569 3709 647 3772 Item
666 3709 833 3770 Emericus
857 3709 939 3790 Sega
956 3707 1076 3790 juratus
1094 3722 1202 3770 contra
1220 3707 1356 3769 Paulum
1381 3707 1568 3770 servitorem
1595 3706 1741 3770 Martini

461 3815 576 3897 judicis
599 3814 741 3878 secundo
766 3815 879 3876 citatus
903 3835 968 3875 non
993 3815 1183 3896 comparuit.

566 3939 644 4001 Item
667 3939 813 4022 Mathyas
829 3939 990 4020 organista
1007 3952 1116 3999 contra
1134 3938 1297 4000 Thomam
1322 3935 1456 3999 Cheden
1484 3935 1589 4017 primo
1607 3935 1737 4000 citatus

462 4066 528 4108 non
552 4046 741 4128 comparuit.

566 4168 645 4231 Item
669 4169 744 4250 quia
769 4167 944 4250 Gregorius
968 4167 1051 4229 filius
1079 4167 1206 4228 Andree
1231 4165 1382 4228 Zwechar
1405 4179 1440 4226 ut
1464 4165 1495 4226 in
1520 4183 1651 4226 causam
1681 4181 1738 4230 at-

461 4287 589 4353 tractus,
613 4275 792 4356 predictum
818 4274 982 4356 Mathyam
1003 4274 1141 4354 juratum
1159 4291 1313 4354 generum
1338 4271 1472 4354 predicti
1489 4270 1634 4351 magistri
1655 4271 1736 4335 Ste-

462 4381 558 4464 phani
583 4381 698 4442 literati
723 4381 890 4464 Rakarych
915 4381 1002 4458 dicti,
1027 4399 1184 4461 supereo
1217 4398 1282 4439 non
1314 4379 1419 4459 potuit
1442 4377 1668 4459 comprobare,
1700 4395 1742 4444 ut

463 4487 530 4570 ipse
555 4486 700 4569 Mathyas
722 4506 820 4567 gener
844 4487 977 4569 predicti
1004 4485 1157 4568 Stephani
1184 4484 1340 4546 Rakarich
1364 4497 1399 4546 ut
1422 4495 1520 4562 actor,
1544 4496 1628 4544 esset
1656 4505 1743 4567 pro·

462 4593 598 4675 scriptus
631 4593 662 4653 in
695 4595 861 4653 katernum
894 4605 1038 4653 nostrurn
1071 4611 1243 4652 commune
1276 4609 1333 4670 pro
1367 4589 1539 4652 duodecim
1571 4590 1744 4672 denariis,

464 4699 538 4761 ideo
563 4699 630 4780 ipse
656 4697 831 4780 Gregorius
855 4699 887 4759 in
912 4717 1040 4760 causam
1065 4711 1214 4758 attractus
1243 4711 1351 4758 contra
1377 4694 1535 4778 prefatum
1560 4696 1746 4780 Mathyam

465 4804 604 4886 juratum
629 4817 663 4866 ut
681 4819 832 4883 actorem,
857 4825 913 4887 per
931 4804 1206 4885 adjudicacionem
1224 4802 1401 4883 juratorum
1424 4802 1577 4864 remansit
1601 4801 1637 4863 in
1657 4805 1747 4869 vivo

466 4911 644 4994 (h)omagio
670 4912 819 4972 videlicet
837 4913 868 4972 in
893 4912 982 4972 XXV
1001 4912 1114 4972 marcis
1131 4910 1336 4972 denariorum
1354 4907 1545 4990 judicialiter
1561 4910 1751 4977 convictus
1889 4945 1890 5014 p

465 5033 495 5079 et
519 5033 708 5099 aggravatus
732 5018 817 5099 juxta
843 5019 947 5099 legem
973 5031 1002 5077 et
1027 5017 1184 5096 justiciam
1209 5029 1350 5076 nostram
1376 5015 1625 5097 privilegiatam.
1889 5017 1890 5076 i
