3876 5798
705 516 906 594 Anno1443.
930 549 974 560 —
997 527 1044 592 15.
1069 518 1178 578 martii.

630 727 707 792 Item
734 730 844 791 Petrus
869 726 1049 812 Zydarych.

630 833 707 898 Item
733 834 893 918 Georgius
918 837 1039 918 Rosyn.

629 941 708 1004 Item
732 941 878 1004 Thomas
901 956 1012 1005 sartor.

628 1045 707 1112 Item
731 1047 879 1112 Vrbanus
903 1049 1026 1132 Rosyn.

628 1151 707 1217 Item
732 1153 893 1236 Georgius
922 1156 1057 1220 Juricza.

628 1257 707 1323 Item
731 1259 894 1324 lohannes
918 1261 1052 1326 institor.

628 1364 706 1428 Item
731 1366 884 1430 Nicolaus
907 1367 1089 1449 agricultor.

628 1473 706 1537 Item
732 1473 870 1537 Michael
897 1487 996 1539 sutor.

628 1579 707 1644 Item
731 1579 856 1643 Blasius
872 1581 1015 1645 Institor.

628 1687 706 1751 Item
731 1686 905 1771 Dyonisius
929 1687 1099 1753 aurifaber.

628 1794 705 1857 Item
730 1793 891 1876 Georgius
914 1794 1055 1878 sellipar.

628 1899 706 1964 Item
730 1901 918 1964 Franciscus
942 1899 1091 1985 frenipar.

628 2007 705 2070 Item
731 2006 868 2071 Michael
892 2005 977 2070 filius
1001 2009 1092 2072 Pauli
1116 2010 1284 2096 seIIIparis.

627 2113 705 2177 Item
731 2113 855 2176 Blasius
878 2113 977 2180 labet.

628 2219 705 2284 Item
731 2221 928 2284 Laurencius
959 2235 1048 2284 sutor
1072 2222 1175 2286 dictus
1199 2225 1324 2291 Janselt.

627 2326 705 2390 Item
730 2326 876 2390 Thomas
905 2325 1054 2410 frenipar.

628 2435 704 2498 Item
729 2433 918 2496 Valentinus
943 2433 1140 2519 Grabarych.

419 2650 497 2712 Item
530 2647 671 2733 prelatus
695 2646 888 2712 Benedictus
910 2646 1006 2730 judex
1033 2667 1172 2711 unacum
1197 2649 1307 2732 juratis
1330 2665 1361 2714 et
1384 2653 1577 2716 consiliariis

314 2755 504 2838 supradictis
527 2775 600 2818 cum
625 2773 783 2819 consensu
807 2765 839 2816 et
855 2753 1000 2815 unanimi
1024 2754 1191 2818 voluntate
1207 2756 1311 2818 tocius
1335 2758 1577 2822 communitatis

314 2861 423 2924 omnia
447 2874 562 2926 statuta
587 2875 618 2924 et
641 2861 768 2924 decreta
790 2873 856 2922 tam
881 2861 913 2921 in
937 2859 1077 2942 antiquis
1101 2879 1199 2944 quam
1216 2861 1248 2924 in
1272 2864 1410 2946 presenti
1434 2865 1575 2928 katernis

315 2969 494 3053 conscripta
512 2982 544 3032 et
560 2969 746 3050 consignata
770 2965 810 3029 ad
827 2985 940 3029 omnes
956 2966 1125 3046 clausulas,
1143 2981 1260 3051 puncta
1278 2983 1309 3032 et
1325 2969 1476 3033 articulos
1492 2972 1576 3055 ipso·

313 3095 384 3138 rum
407 3095 464 3158 per
486 3087 592 3138 totum
615 3093 736 3137 annum
761 3083 942 3155 presentem
966 3087 998 3135 et
1021 3071 1151 3156 insuper
1173 3087 1329 3158 perpetuo
1353 3097 1392 3138 ac
1416 3075 1574 3140 irrevoca-

313 3181 420 3244 biliter
450 3181 586 3244 valitura
611 3194 642 3242 et
664 3177 864 3243 observanda
888 3177 1126 3243 confirmarunt.

418 3288 497 3351 Item
529 3288 606 3370 quia
638 3286 800 3349 Fabianus
830 3283 915 3348 filius
946 3283 1102 3347 Iohannis
1132 3286 1256 3369 pridem
1289 3286 1410 3370 juratus
1438 3290 1575 3353 civitatis

310 3394 452 3476 predicte
476 3413 513 3457 ac
537 3394 703 3456 Emericus
726 3403 827 3455 sartor
858 3391 943 3454 lilius
966 3391 1092 3454 Nicolai
1116 3391 1237 3472 juratus
1269 3393 1413 3458 eiusdem
1438 3395 1576 3458 civitatis

314 3500 500 3580 modernus,
524 3500 556 3562 id
575 3520 648 3563 cum
664 3499 834 3562 sufficienti
853 3511 883 3560 et
899 3497 1064 3580 fidedigno
1081 3511 1263 3562 nostrorum
1288 3500 1470 3563 concivium
1488 3502 1574 3564 testi·

312 3606 424 3670 monio
449 3606 481 3668 in
507 3606 582 3671 sede
610 3618 718 3669 nostra
749 3604 914 3688 judIcIaria
947 3605 1031 3667 clare
1063 3605 1315 3687 comprobarunt
1337 3625 1443 3668 coram
1470 3607 1575 3685 nobis,

311 3725 346 3774 ut
369 3731 443 3776 cum
468 3713 631 3775 Barnabas
654 3711 739 3774 filius
756 3711 893 3774 condam
918 3709 1074 3772 Iohannis
1096 3710 1173 3772 dicti
1191 3711 1341 3774 Kusnech
1366 3713 1399 3773 in
1424 3713 1575 3774 extremis

309 3819 373 3882 uite
398 3839 455 3882 sue
478 3819 667 3902 temporalis
684 3818 869 3896 laborasset,
886 3831 961 3879 tunc
978 3817 1046 3899 ipae
1071 3817 1202 3880 eosdem
1219 3817 1398 3880 Fabianum
1425 3832 1456 3881 et
1480 3819 1573 3880 Eme·

310 3926 411 3988 ricum
437 3926 574 4010 juratos,
589 3945 682 3988 veros
703 3938 734 3987 et
765 3923 940 4006 legittimos
972 3922 1209 3985 commissarios
1233 3938 1264 3987 et
1295 3937 1479 3988 executores
1503 3925 1574 3987 uni-

311 4051 473 4094 versarum
507 4051 612 4094 rerum
645 4045 677 4094 et
707 4031 946 4114 possessionum
978 4049 1107 4091 suarum
1141 4031 1356 4094 constituisset
1387 4047 1417 4093 et
1452 4031 1573 4094 eisdem

311 4138 486 4220 quamdam
511 4139 638 4202 vineam
671 4156 762 4199 suam
791 4137 824 4198 in
855 4135 1015 4198 territorio
1040 4135 1176 4198 civitatis
1206 4136 1347 4219 predicte
1371 4137 1453 4199 inter
1476 4136 1573 4198 aliam

311 4243 438 4306 vineam
462 4264 519 4307 seu
543 4244 730 4328 porcionem
754 4262 845 4306 suam
876 4241 1036 4304 vinealem
1068 4262 1086 4304 a
1109 4255 1198 4324 parte
1226 4242 1320 4305 vinee
1344 4243 1427 4325 nigri
1452 4241 1572 4306 Mathei

309 4351 424 4413 notarii
456 4351 556 4413 nostri
585 4349 743 4430 moderni,
775 4369 873 4432 quam
905 4348 997 4411 matri
1029 4368 1085 4410 sue
1114 4347 1233 4411 carnali
1266 4369 1368 4431 usque
1401 4349 1440 4411 ad
1472 4350 1571 4412 vitam

309 4456 409 4539 ipsius
432 4457 644 4541 temporalem
660 4456 829 4537 legavisset
845 4454 1085 4538 possidendam,
1102 4474 1138 4517 ac
1155 4454 1338 4518 interulam
1363 4473 1569 4518 communem

310 4583 346 4625 ac
370 4577 510 4626 meatum
528 4583 611 4646 aque
635 4563 785 4646 pluvialis
807 4561 967 4639 habitam;
991 4561 1066 4624 item
1087 4561 1243 4623 maiorem
1268 4562 1455 4644 porcionem
1478 4561 1572 4622 vinee

309 4688 364 4730 sue
389 4669 561 4752 superioris
584 4689 602 4732 a
626 4681 714 4752 parte
737 4669 830 4731 vinee
866 4667 1031 4730 Benedicti
1055 4671 1173 4752 Agnyn
1206 4667 1360 4747 habitam,
1384 4667 1488 4750 ipsum
1513 4667 1572 4729 sci·

311 4775 385 4837 licet
408 4775 587 4839 Barnabam
620 4796 637 4837 a
662 4775 805 4858 predicto
831 4773 977 4836 Iohanne
1002 4773 1152 4836 Kusnech
1183 4787 1272 4857 patre
1305 4793 1363 4836 suo
1387 4773 1455 4855 jure
1487 4772 1572 4854 lega·

311 4882 388 4945 ticio
418 4882 682 4947 testamentaliter
714 4896 979 4959 concernentem,
1010 4880 1179 4963 predictis,
1203 4901 1277 4944 cum
1313 4880 1519 4964 pertinenciis
1542 4893 1574 4942 et

312 4988 505 5062 utilitatibus
528 4989 687 5052 uniuersis
702 4989 842 5052 vendere
866 5002 897 5050 et
919 5007 979 5071 pro
998 4988 1106 5050 anima
1130 5006 1187 5049 sua
1210 5000 1242 5050 et
1264 4987 1397 5071 predicti
1423 4987 1522 5072 patris
1537 5007 1574 5051 ac
