3796 5812
625 580 709 636 Anno
733 575 826 654 1448,
854 613 892 621 —
912 591 945 653 5.
970 579 1085 652 aprilis.
1432 601 1497 662 459

233 805 329 852 sente⁴
350 789 493 870 Georgio
517 788 621 870 jurato
647 803 756 850 nostro
781 790 937 852 moderno
955 789 1090 872 prestitit
1114 805 1145 852 et
1169 791 1318 872 deposuit
1334 811 1430 873 super
1447 811 1497 871 e0,

236 909 271 958 ut
295 898 362 980 ipse
387 895 519 957 eosdem
543 894 632 956 XXV
649 894 718 956 flor.
743 895 811 956 auri
829 895 889 978 ipsi
906 897 1000 958 Petro
1017 897 1143 958 literato
1168 897 1259 958 nullo
1283 897 1383 958 modo
1408 897 1497 960 debi-

233 1003 315 1064 torie
337 1001 509 1082 obligatur,
541 999 596 1061 sed
626 1000 658 1061 in
689 1001 780 1063 totali
812 1002 942 1062 accione
967 1017 998 1062 et
1029 1001 1245 1082 acquisicione
1279 1003 1377 1084 ipsius
1410 1003 1495 1065 Petri

235 1108 352 1170 actoris
384 1107 416 1168 in
450 1105 532 1169 iacto
565 1107 707 1188 ipsorum
732 1107 821 1169 XXV
852 1107 922 1170 flor.
956 1108 1023 1170 auri
1056 1109 1210 1170 innocens
1234 1107 1293 1170 fuit
1316 1109 1444 1189 penitus
1468 1123 1498 1172 et

234 1214 394 1292 innoxius,
420 1213 493 1275 ideo
518 1213 623 1294 ipsum
647 1213 818 1295 superinde
842 1213 1006 1275 reddimus
1030 1213 1096 1275 lore
1121 1214 1317 1295 expeditum,

342 1321 420 1382 item
444 1319 518 1401 quia
544 1318 695 1382 Clemens
719 1318 858 1401 frenipar
882 1319 966 1382 filius
990 1320 1097 1397 Blasii,
1122 1319 1253 1400 juratus,
1279 1319 1496 1400 juramentum

234 1428 295 1489 sibi
321 1427 352 1488 in
379 1426 462 1488 lacto
486 1426 566 1487 cutis
597 1425 725 1504 bovine,
758 1445 855 1507 quam
885 1427 951 1508 ipse
983 1447 1000 1486 a
1026 1425 1168 1507 Georgio
1193 1425 1262 1488 lure
1295 1427 1422 1488 noviter
1446 1448 1496 1489 su-

233 1553 350 1616 spenso
368 1545 607 1614 comparaverat
623 1532 656 1594 in
670 1532 768 1594 domo
785 1553 852 1612 sua,
865 1553 921 1614 per
938 1532 1057 1614 juratos
1074 1533 1256 1614 nuperrime
1274 1533 1498 1614 adjudicatum

232 1658 271 1701 eo
296 1639 394 1701 modo
418 1658 513 1721 super
537 1657 624 1700 aram
649 1651 754 1700 sancte
772 1637 885 1701 Crucis
909 1651 1054 1720 presente
1072 1638 1195 1720 prefato
1222 1637 1364 1720 Georgio
1390 1639 1495 1718 jurato

233 1760 345 1807 nostro
369 1745 527 1806 moderno
551 1764 646 1826 super
670 1763 708 1806 eo
734 1743 831 1805 hodie
851 1744 987 1826 prestitit
1011 1757 1042 1804 et
1066 1745 1223 1826 deposuit,
1250 1759 1283 1806 ut
1307 1745 1374 1826 ipse
1392 1747 1492 1808 nesci-

234 1851 330 1912 visset
353 1851 424 1930 hoc,
449 1850 537 1932 quod
570 1851 637 1932 ipsa
668 1850 749 1912 cutis
780 1849 890 1912 fuisset
921 1851 1072 1912 subtracti
1098 1851 1188 1911 bovis
1220 1866 1347 1912 etcum
1380 1851 1496 1913 eodem

232 1961 314 2022 bove
339 1960 508 2036 subtracta,
532 1958 588 2020 sed
615 1973 780 2038 tamquam
804 1955 918 2036 justam
944 1971 974 2018 et
997 1955 1164 2018 honestam
1197 1977 1264 2018 rem
1296 1959 1494 2039 comparavit

233 2066 385 2146 ignorans
402 2064 529 2146 penitus
553 2084 622 2126 eam
642 2083 707 2125 esse
732 2064 935 2140 subtractam,
956 2062 1031 2123 ideo
1048 2063 1151 2144 ipsum
1169 2062 1370 2124 reddidimus
1387 2083 1497 2146 super·

232 2172 307 2233 inde
332 2191 428 2254 super
452 2171 567 2233 eodem
591 2169 729 2252 juratum
754 2174 819 2248 (sic)
844 2167 911 2230 fore
936 2168 1130 2250 expeditum.
1492 2251 1497 2258 ι

341 2278 419 2340 Item
436 2277 511 2359 quia
529 2275 706 2358 Gregorius
721 2275 806 2337 filius
827 2275 968 2357 Philippi
985 2275 1088 2336 dictus
1104 2275 1324 2358 Wrecharych
1338 2275 1496 2356 juramen·

235 2398 304 2447 tum
330 2384 391 2446 sibi
416 2385 448 2445 in
473 2382 556 2445 facto
581 2384 661 2446 cutis
684 2382 824 2464 predicte
848 2382 1031 2464 nuperrime
1050 2401 1106 2464 per
1122 2381 1241 2464 juratos
1265 2379 1497 2462 adjudicatum,

233 2504 379 2573 presente
397 2489 521 2573 prefato
539 2489 681 2571 Georgio
698 2489 812 2569 jurato,
829 2487 926 2550 hodie
952 2508 990 2550 eo
1007 2488 1106 2551 modo
1123 2489 1259 2570 prestitit
1289 2505 1320 2550 et
1337 2489 1496 2572 deposuit,

232 2610 267 2658 ut
291 2597 358 2678 ipsa
382 2596 462 2658 cutis
485 2614 543 2678 pro
568 2615 631 2677 qua
656 2593 795 2678 prefatus
819 2593 971 2657 Clemens
995 2593 1115 2675 juratus
1139 2593 1265 2674 juravit,
1295 2593 1406 2657 luisset
1424 2616 1497 2658 vera

233 2704 313 2766 cutis
338 2703 438 2784 ipsius
461 2703 553 2764 bovis
577 2702 624 2764 sui
649 2703 705 2783 qui
729 2714 776 2764 est
791 2703 979 2782 subtractus,
1005 2700 1078 2762 ideo
1103 2701 1208 2782 ipsum
1226 2699 1421 2783 Gregorium
1445 2701 1492 2780 ju·

231 2823 333 2870 ratum
358 2809 479 2870 dictum
512 2807 720 2869 Wrecharich
756 2827 851 2890 super
875 2809 944 2890 ipso
979 2806 1160 2888 juramento
1196 2807 1397 2870 reddidimus
1422 2808 1490 2870 fore

231 2916 434 2998 expeditum3
458 2915 584 2996 ipsique
609 2913 767 2996 Gregorio
792 2913 894 2994 jurato
919 2914 1036 2975 dictam
1069 2927 1174 2975 cutem
1200 2915 1299 2996 ipsius
1323 2916 1415 2976 bovis
1440 2917 1489 2977 sui

231 3020 373 3103 prelatus
397 3019 550 3083 Clemens
566 3019 686 3100 juratus
703 3021 798 3082 debet
814 3039 914 3101 usque
932 3020 1111 3102 quindenas
1127 3021 1251 3082 solvere
1268 3021 1493 3083 omnimodam

233 3127 441 3210 inpendendo
465 3127 524 3188 sibi
551 3125 816 3188 satisfaccionem.

338 3233 415 3294 Item
449 3232 595 3295 Andreas
627 3233 731 3294 dictus
763 3232 983 3316 Cyganychyn
1018 3247 1127 3296 contra
1161 3234 1302 3296 lwanum
1329 3234 1495 3317 Chaplych

232 3341 336 3422 primo
362 3340 475 3402 citatus
498 3359 564 3400 non
589 3339 778 3421 comparuit.

339 3445 417 3508 Item
442 3446 517 3528 quia
534 3446 593 3506 viri
612 3445 803 3527 infrascripti
820 3445 1009 3528 jobagiones
1032 3446 1181 3508 videlicet
1199 3459 1357 3508 certorum
1376 3448 1493 3509 civium

231 3553 369 3614 civitatis
403 3552 544 3634 predicte
578 3553 610 3613 in
642 3553 718 3613 villa
755 3551 915 3635 Pobresya
954 3565 1064 3614 vocata
1096 3552 1293 3630 habitantes,
1328 3554 1494 3615 videlicet:

232 3657 392 3740 Georgius
417 3658 633 3741 Bankowych,
661 3658 823 3719 Fabianus
855 3672 884 3719 et
909 3659 1060 3720 Clemens
1091 3657 1199 3720 fratres
1225 3659 1326 3742 ipsius
1351 3659 1494 3741 Georgii,

233 3765 395 3824 barnabas
417 3763 501 3824 hlius
519 3762 661 3844 Georgii,
682 3764 761 3824 alter
779 3765 939 3824 Barnabas
962 3762 1046 3824 filius
1064 3764 1239 3843 Michaelis,
1258 3765 1394 3847 Petrycz
1412 3765 1495 3827 filius

232 3869 335 3947 Pauli,
361 3868 521 3950 Georgius
545 3869 706 3930 Valentini
733 3868 879 3951 Ladsych
903 3867 997 3946 filius,
1023 3867 1136 3930 Gallus
1160 3869 1244 3930 filius
1266 3868 1414 3950 Georgii,
1433 3871 1494 3931 Da-

235 3974 362 4034 mianos
390 3975 493 4035 dictus
518 3975 594 4036 Mali
620 3973 704 4036 filius
728 3975 858 4052 Vrbani,
891 3973 1080 4035 Valentinus
1112 3974 1195 4036 filius
1221 3975 1324 4053 Pauli,
1351 3975 1496 4037 Thomas

235 4080 339 4141 dictus
372 4079 523 4162 Gerdyna
555 4078 639 4142 filius
671 4081 829 4164 Dyonisii,
862 4080 983 4141 Francz
1015 4079 1099 4142 filius
1133 4081 1235 4160 Petri,
1269 4082 1379 4142 Petrus
1411 4079 1495 4142 filius

231 4187 361 4266 Mathai,
386 4187 497 4248 Petrus
530 4186 614 4249 filius
646 4187 793 4262 Thorne,
825 4188 936 4248 Petrus
966 4185 1049 4248 filius
1080 4187 1220 4266 Andree,
1248 4187 1494 4249 Bartholomeus

229 4292 314 4354 filius
348 4293 506 4375 Ladsych,
531 4292 644 4355 Gallus
677 4307 708 4355 et
739 4293 929 4356 Valentinus
961 4291 1016 4354 filii
1047 4291 1180 4374 Georgii
1213 4294 1288 4356 dicti
1314 4294 1493 4376 Fermelya,

230 4399 390 4461 Barnabas
414 4398 570 4460 fistulator
594 4397 677 4460 lilius
702 4399 843 4481 Mathye,
869 4400 1025 4461 Martinus
1057 4399 1142 4461 lilius
1166 4399 1307 4478 Thome,
1334 4399 1494 4481 Georgius

228 4503 313 4564 filius
337 4505 474 4582 Nicolai,
500 4505 656 4566 Martinus
673 4505 777 4566 dictus
798 4507 922 4567 Ztanko
947 4503 1032 4566 filius
1056 4506 1220 4584 Johannis,
1240 4507 1393 4568 Nicolaus
1410 4505 1494 4568 filius

229 4609 417 4688 Clementis,
443 4611 595 4672 Nicolaus
620 4609 703 4672 filius
720 4612 845 4689 Briccii,
866 4611 1047 4692 Stephanus
1071 4611 1155 4673 filius
1174 4613 1341 4691 Demetrii,
1367 4614 1493 4674 Laczko

230 4715 314 4776 filius
350 4715 494 4798 Georgii,
529 4717 719 4779 Valentinus
755 4717 839 4779 filius
875 4717 1004 4780 Martini
1038 4738 1073 4778 ac
1109 4719 1217 4779 relicta
1250 4717 1383 4799 Georgii
1417 4719 1491 4780 dicti

230 4820 379 4904 Gurgycz
405 4823 581 4900 juramenta
607 4823 682 4905 ipsis
707 4825 888 4906 nuperrime
914 4843 970 4905 per
998 4825 1117 4902 juratos
1142 4823 1324 4904 adjudicata
1352 4826 1382 4885 in
1409 4824 1492 4886 facto

230 4927 394 4989 cuiusdam
421 4929 511 4990 bovis
535 4930 686 4990 subtracti
719 4930 846 4991 Martini
880 4929 936 4990 filii
967 4929 1096 4990 Thome
1130 4931 1170 4992 de
1196 4929 1287 4992 Cheh
1312 4930 1493 5010 jobagionis

230 5033 359 5100 Thome
384 5034 439 5100 filii
466 5036 555 5100 Pauli
581 5017 639 5100 lilii
669 5037 806 5100 condam
832 5035 979 5120 Gregorii
1006 5035 1061 5100 filii
1080 5037 1189 5123 Woyn
1216 5037 1255 5101 de
1274 5037 1490 5121 Woynosecz,
