3678 5800
405 455 467 516 228
807 456 893 548 Anno
915 467 1005 534 1435.
1029 490 1074 500 —
1095 466 1145 533 η.
1169 457 1249 519 maii.
1343 405 1345 408 v

478 563 769 571 .—-—.-—----
777 564 796 568 —
818 564 854 568 -..
860 563 952 568 ...---

502 707 597 783 leria
622 718 721 783 sexta
748 713 901 802 proxima
929 719 1006 801 post
1033 711 1156 784 festum
1184 709 1399 782 Ascensionls
1425 711 1567 782 Domini.

939 879 1004 962 (η.
1027 880 1124 962 maso-

511 1021 589 1083 ltem
620 1033 688 1084 tota
720 1021 933 1084 communitas
963 1021 1043 1104 pari,
1076 1021 1228 1084 concordi
1260 1033 1292 1083 et
1322 1022 1468 1085 unanimi
1500 1022 1665 1086 voluntate

404 1127 500 1190 simul
524 1127 557 1190 in
580 1147 682 1190 unum
706 1128 797 1190 dives
830 1140 862 1190 et
884 1149 1006 1212 pauper
1037 1128 1069 1190 in
1101 1129 1243 1210 generali
1268 1141 1300 1190 et
1330 1130 1497 1192 communi
1531 1149 1665 1213 congre-

403 1235 539 1316 gacione
564 1234 604 1298 dc
627 1254 717 1297 more
741 1235 820 1296 alias
843 1249 996 1298 consveto
1019 1233 1088 1297 fieri
1119 1235 1225 1314 solita,
1249 1235 1415 1318 quoddam
1440 1235 1540 1298 fenile
1563 1237 1667 1298 tocius

405 1341 647 1404 communitatis
671 1341 702 1404 in
728 1361 843 1424 campo
875 1341 1010 1404 civitatis
1042 1340 1198 1420 habitum,
1223 1341 1264 1403 ad
1287 1355 1350 1402 tres
1382 1342 1483 1405 dietas
1506 1355 1593 1405 terre
1617 1344 1667 1404 vel

405 1446 482 1508 citra
516 1447 549 1508 in
577 1465 611 1508 se
642 1448 826 1527 continens,
869 1447 959 1529 quod
990 1448 1078 1530 prius
1110 1447 1221 1510 Petrus
1253 1447 1427 1530 lluogarus
1456 1448 1553 1528 judex
1585 1448 1668 1512 filius

405 1551 507 1632 Pauli,
530 1551 571 1616 de
596 1572 692 1616 censu
716 1553 795 1614 sexti
809 1572 919 1615 currus
942 1551 1007 1614 feni
1025 1553 1128 1614 tenuit
1143 1553 1309 1636 hucusque
1333 1573 1371 1614 ex
1395 1554 1564 1617 voluntate
1580 1575 1668 1617 com-

405 1660 584 1739 munitatis,
607 1659 704 1722 simul
728 1679 802 1722 curu
825 1660 977 1722 omnibus
1000 1659 1143 1722 eiusdem
1173 1657 1280 1722 senilis
1304 1659 1495 1723 utilitatibus
1520 1675 1552 1723 et
1574 1664 1668 1744 perti·

407 1766 530 1828 nenciis
554 1766 721 1846 universis,
757 1768 798 1828 ab
822 1766 911 1828 omni
943 1766 1042 1848 priori
1073 1780 1145 1829 eta
1175 1767 1291 1848 quovis
1320 1787 1417 1829 censu
1448 1767 1616 1830 solucione
1639 1783 1669 1828 et

406 1873 542 1936 servicio
566 1893 695 1955 prorsus
727 1886 758 1935 et
780 1891 837 1956 per
867 1873 976 1935 omnia
1008 1873 1194 1952 eximentes,
1222 1873 1387 1956 expiantes
1417 1887 1449 1936 et
1472 1873 1667 1953 libertantes,

405 1979 555 2060 liberum,
579 1993 764 2062 exemptum
789 1992 820 2041 et
836 1979 1000 2062 expiatum
1026 1978 1178 2062 deinceps
1194 1979 1226 2040 in
1248 1998 1345 2041 evum
1368 1993 1465 2062 atque
1485 1980 1666 2042 libertatum

405 2085 476 2148 viro
508 2085 645 2168 provido
678 2097 709 2148 et
740 2085 971 2167 circumspecto
1003 2083 1146 2166 Georgio
1177 2085 1303 2168 pridem
1337 2084 1447 2167 judici,
1477 2087 1665 2168 concivique

405 2207 516 2254 nostro
538 2190 607 2254 filio
630 2191 805 2270 Valentini,
840 2211 877 2253 sc
897 2211 954 2274 per
979 2211 1053 2254 eum
1077 2192 1142 2253 suis
1162 2191 1334 2254 heredibus
1357 2212 1416 2274 pro
1440 2193 1582 2254 serviciis
1605 2194 1666 2254 suis

407 2297 502 2360 nobis
526 2297 741 2360 communiter
763 2298 939 2381 plurimum
963 2298 1043 2360 locis
1067 2311 1098 2360 et
1120 2298 1319 2380 temporibus
1343 2299 1535 2381 opportunis
1559 2312 1590 2360 et
1613 2319 1665 2359 ne·

406 2404 551 2466 cessariis
582 2404 724 2486 inpensis
756 2418 787 2466 et
829 2405 861 2465 in
892 2402 1036 2466 futurum
1069 2403 1201 2487 inpendi
1233 2405 1474 2487 compromissis
1517 2405 1604 2466 dedit
1636 2417 1664 2466 et

406 2509 542 2572 contulit
565 2524 720 2592 perpetuo
744 2510 986 2592 possidendum,
1011 2511 1140 2572 nemine
1164 2511 1292 2593 penitus
1315 2511 1564 2574 contradicente.

509 2632 588 2694 Item
605 2631 700 2716 Gyan
723 2631 854 2714 pellifex
878 2646 987 2695 contra
1012 2631 1191 2714 Georgium
1208 2632 1377 2694 Ztakorich
1393 2635 1538 2696 secundo
1555 2634 1659 2696 citatus

407 2757 472 2800 non
497 2740 686 2821 comparuit.

518 2863 597 2925 ltern
624 2864 700 2946 quis
723 2863 877 2926 honestus
900 2863 1025 2945 juvenis
1048 2863 1193 2947 Raphael
1229 2863 1314 2926 lilius
1344 2865 1484 2928 condam
1516 2865 1661 2928 Iohannis

407 2967 496 3052 olym
520 2968 636 3050 judicis
667 2983 698 3032 et
728 2971 869 3033 concivis
900 2971 999 3032 nostri
1031 2969 1088 3032 lilii
1122 2971 1275 3053 Stephani
1305 2971 1382 3033 dicti
1413 2972 1514 3052 ssozo,
1539 2973 1571 3034 id
1595 2991 1659 3034 cum

405 3071 576 3137 sufficienti
611 3089 642 3138 et
672 3075 836 3158 fidedigno
868 3089 1052 3139 nostrorum
1091 3077 1274 3139 concivium
1306 3077 1494 3140 testimonio
1527 3080 1559 3140 in
1592 3078 1659 3139 sede

406 3193 513 3242 nostra
536 3179 702 3262 judiciaria
726 3183 758 3243 in
783 3182 925 3264 generali
942 3196 973 3245 et
996 3184 1161 3246 communi
1179 3197 1287 3246 nostra
1304 3185 1559 3266 congregacione
1583 3184 1656 3246 clare

407 3291 438 3347 e‘t
471 3286 590 3348 seriose
613 3307 649 3348 ac
682 3286 877 3350 sufficienter
907 3289 1130 3371 comprobavit
1161 3309 1269 3353 coram
1302 3291 1415 3370 nobis,
1446 3303 1483 3353 ut
1514 3291 1587 3352 dum
1616 3289 1657 3350 vir

407 3391 544 3453 condam
574 3393 728 3475 providus
759 3408 790 3456 et
820 3395 1068 3478 circumspectus
1100 3395 1195 3458 Chon
1227 3395 1317 3478 olym
1349 3396 1497 3458 similiter
1520 3395 1609 3479 judex
1630 3407 1656 3455 et

406 3498 548 3559 concivis
571 3511 679 3560 noster
702 3498 786 3562 filius
810 3499 975 3581 lobannis,
1000 3501 1032 3561 in
1057 3501 1207 3564 extremis
1237 3502 1302 3564 vite
1334 3521 1390 3563 sue
1414 3502 1596 3584 temporalis
1616 3500 1654 3561 la·

408 3603 559 3682 borasset,
584 3618 659 3666 tuuc
683 3605 749 3687 ipse
774 3607 938 3668 universas
962 3606 1182 3688 possessiones
1206 3620 1236 3669 et
1259 3607 1431 3690 porciones
1455 3607 1653 3690 possessiona-

409 3709 470 3771 rias
495 3710 629 3790 predicti
660 3712 797 3774 condam
829 3713 984 3775 lobannis
1014 3711 1129 3794 judicis
1159 3711 1217 3775 filii
1241 3711 1356 3795 prelati
1390 3713 1543 3796 Stephani
1566 3713 1650 3788 Bozo,

407 3815 506 3895 patris
530 3814 680 3878 videlicet
696 3817 796 3899 ipsius
820 3818 1003 3900 Raphaelis,
1019 3818 1170 3882 videlicet
1185 3819 1311 3899 domos,
1341 3820 1460 3900 vineas,
1484 3835 1579 3882 terras
1593 3836 1650 3878 ara·

408 3919 498 3998 biles,
522 3919 618 3981 silvas
642 3936 673 3983 et
696 3921 806 3984 lenilia
830 3943 902 3984 cum
927 3925 1079 3986 omnibus
1102 3944 1216 3987 eorum
1240 3925 1443 4005 utilitatibus,
1468 3947 1528 3990 nec
1550 3944 1606 3987 non
1627 3934 1651 3981 et

408 4024 561 4105 (h)ortum
586 4047 657 4088 cum
682 4030 808 4090 stabulo
842 4031 964 4092 scalis
989 4032 1102 4113 quevis
1126 4034 1211 4094 bona
1237 4033 1336 4114 ipsius
1360 4033 1496 4095 mobilia
1520 4031 1650 4094 videlicet

409 4139 440 4192 e't
465 4131 633 4194 inmobilia
657 4153 729 4195 cum
755 4137 876 4197 cunctis
899 4137 965 4198 suis
981 4138 1186 4219 pertinenciis
1210 4151 1241 4200 et
1265 4139 1375 4200 usibus
1402 4139 1565 4217 universis,
1587 4152 1650 4217 quas

408 4236 558 4298 videlicet
581 4241 797 4320 possessiones
821 4255 851 4303 et
875 4244 959 4304 bona
984 4243 1070 4305 idem
1096 4243 1259 4306 lohannes
1282 4244 1368 4307 filius
1394 4246 1495 4328 ipsius
1519 4239 1648 4326 Stephani

411 4340 500 4402 Bozo
523 4343 669 4406 similiter
693 4346 726 4406 in
750 4349 899 4408 extremis
922 4349 986 4411 vite
1010 4351 1196 4432 temporalis
1224 4352 1374 4413 laborans
1406 4351 1529 4434 prelato
1552 4348 1647 4412 Chono

408 4444 505 4526 judici
523 4448 682 4528 legaverat
699 4466 855 4533 perpetuo
872 4454 1090 4535 possidendas,
1108 4475 1203 4538 super
1220 4476 1299 4538 quas
1324 4458 1428 4520 eciam
1453 4455 1645 4541 possessiones

409 4564 440 4611 et
464 4554 633 4632 porciones
657 4559 920 4637 possessionarias
941 4561 1027 4622 idem
1052 4561 1188 4624 Chunus
1205 4563 1302 4644 judex
1325 4564 1386 4626 sibi
1404 4565 1513 4627 literas
1534 4556 1644 4624 civitatis

410 4656 625 4738 privilegiales
658 4662 771 4724 confici
804 4679 834 4726 et
867 4668 1007 4728 emanari
1040 4666 1176 4748 lecisset,
1208 4683 1239 4732 et
1270 4669 1311 4732 de
1339 4669 1424 4733 lacto
1456 4669 1602 4733 confectas
1621 4675 1644 4720 et

411 4775 572 4823 emanatas
595 4764 768 4849 habuisset,
793 4789 864 4831 cum
890 4773 1041 4834 omnibus
1066 4775 1254 4837 earumdem
1278 4777 1520 4860 possessionum
1542 4786 1568 4835 et
1586 4787 1642 4853 por·

411 4864 540 4926 cionum
559 4872 879 4950 possessionariarum
905 4879 1106 4959 utilitatibus,
1130 4880 1265 4962 juribus,
1286 4884 1396 4944 usibus
1413 4898 1445 4945 et
1466 4873 1642 4966 pertinenciis

410 4969 565 5032 universis
588 4975 732 5054 predicto
756 4979 911 5061 Raphaeli
936 4983 1003 5045 filio
1028 4985 1128 5066 ipsius
1144 4986 1302 5050 lobannis
1324 4987 1442 5071 judicis
1458 4987 1642 5071 legavissetet
