3876 5798
649 547 735 604 Anno
758 558 849 624 1445.
874 580 918 590 —
941 543 972 608 8.
989 547 1141 622 januarii.
1460 564 1523 627 413

266 758 401 840 scriptus
425 771 455 818 et
479 757 695 840 consignatus,
720 777 756 820 ac
779 772 886 820 tamen
912 777 971 820 nos
987 757 1092 840 primo
1116 772 1147 820 et
1162 757 1381 840 principaliter
1404 759 1526 820 miseri-

264 864 373 926 cordia
390 864 442 926 dei
459 863 538 925 moti
556 884 591 926 ac
608 864 739 926 demum
758 865 857 928 eciam
883 865 1097 948 peticionibus
1113 865 1327 947 plurimorum
1345 867 1521 948 proborum

264 984 295 1033 et
318 970 520 1054 ydoneorum
545 971 698 1050 virorum,
722 971 850 1032 tandem
876 972 976 1032 eciam
994 971 1135 1034 serviciis
1159 971 1304 1033 eiusdem
1329 971 1412 1032 Petri
1429 971 1522 1052 jurati

263 1075 422 1154 fidelibus,
441 1077 558 1158 quibus
570 1077 656 1139 idem
671 1078 781 1138 Petrus
795 1077 915 1158 juratus
929 1078 1022 1139 nobis
1038 1097 1071 1140 se
1089 1077 1193 1159 ipsum
1206 1077 1381 1159 plurimum
1394 1075 1521 1138 fidelem

260 1182 403 1246 exhibuit
427 1196 458 1245 et
483 1182 633 1266 deinceps
657 1183 836 1246 fideliorem
858 1204 891 1246 se
909 1184 1001 1246 nobis
1026 1199 1056 1246 et
1080 1185 1318 1245 successoribus
1335 1184 1451 1246 nostris
1467 1204 1523 1246 an·

261 1290 347 1353 helat
371 1309 497 1372 semper
521 1290 670 1353 exhibere
693 1303 762 1353 toto
786 1311 844 1352 suo
869 1293 941 1352 nisu
965 1304 996 1352 et
1030 1309 1133 1373 posse,
1157 1289 1296 1352 eundem
1323 1290 1453 1352 Petrum
1479 1289 1526 1371 ju·

262 1410 364 1458 ratum
390 1409 534 1458 nostrum
566 1397 685 1459 amodo
710 1410 741 1458 et
771 1397 922 1479 deinceps
955 1417 990 1458 ac
1022 1397 1053 1458 in
1079 1409 1241 1479 posterum
1274 1398 1314 1458 ab
1338 1397 1427 1458 omni
1455 1415 1526 1478 pre-

264 1504 348 1566 dicta
380 1503 617 1585 proscripcione
649 1503 792 1586 ipsorum
824 1503 881 1566 llll
906 1503 1110 1565 denariorum
1144 1522 1179 1564 ac
1208 1504 1248 1564 ab
1279 1503 1368 1565 omni
1393 1501 1526 1564 infamia

269 1625 300 1672 et
324 1609 595 1672 dehonestacione
618 1629 713 1691 super
745 1610 883 1673 eundem
909 1611 1038 1671 Petrum
1070 1609 1206 1691 juratum
1240 1608 1391 1671 hactenus
1416 1623 1446 1670 et
1469 1608 1527 1670 hu·

265 1736 385 1799 cusque
409 1715 526 1798 scripto
550 1731 605 1778 aut
627 1716 822 1780 verbotenus
853 1735 909 1778 seu
933 1715 1183 1798 quomodolibet
1206 1715 1297 1777 aliter
1322 1715 1526 1777 demeritorie

265 1837 319 1886 aut
343 1823 651 1906 quomodocumque
676 1821 765 1884 lactis
797 1823 962 1905 expiamus
993 1836 1024 1884 et
1047 1822 1255 1900 absolvimus,
1285 1841 1396 1904 ymmo
1420 1822 1526 1884 absol·

266 1933 388 2010 vimus,
425 1930 589 2013 expiamus
620 1943 650 1991 et
680 1930 871 2008 liberamus,
903 1929 1007 1990 eidem
1039 1928 1178 2010 graciam
1209 1940 1240 1989 et
1271 1928 1522 1991 misericordiam

264 2038 399 2100 omnino
424 2035 576 2099 facientes
593 2035 775 2119 specialem,
800 2036 904 2116 ipsum
922 2035 1050 2097 Petrum
1072 2035 1211 2114 juratum
1236 2034 1355 2096 amodo
1379 2048 1410 2097 et
1435 2033 1527 2096 dein-

264 2165 338 2227 ceps
362 2144 394 2206 in
419 2163 589 2205 numerum
615 2156 646 2204 et
670 2156 775 2205 cetum
793 2155 975 2204 nostrorum
992 2139 1136 2203 fidelium
1162 2155 1193 2202 et
1209 2142 1385 2223 proborum
1410 2161 1446 2202 ac
1469 2141 1527 2201 ho·

263 2261 429 2312 nostorum
454 2248 636 2310 concivium
662 2248 789 2331 penitus
813 2261 1000 2329 agregantes
1031 2245 1237 2328 adjungimus
1261 2261 1291 2309 et
1315 2246 1527 2328 adjungentes

262 2357 406 2438 graciose
438 2373 649 2436 aggregamus
680 2353 937 2416 contradictione
962 2353 1181 2435 quorumlibet
1210 2373 1274 2414 non
1313 2354 1459 2415 obstante
1490 2371 1527 2413 ex

267 2461 411 2524 unanimi
436 2474 467 2522 et
491 2460 642 2523 benivola
666 2480 704 2521 ac
719 2471 843 2521 matura
868 2458 1104 2522 deliberacione
1123 2474 1229 2521 nostra
1253 2459 1417 2520 communi
1442 2458 1526 2540 juxta

263 2567 368 2650 legem
394 2579 533 2628 nostram
558 2567 793 2650 privilegiatam
817 2566 910 2628 nobis
934 2567 966 2628 in
991 2566 1049 2628 hac
1073 2581 1161 2649 parte
1186 2567 1382 2628 attributam.
