3852 5820
631 533 717 591 Anao
740 544 830 607 1413·
856 562 896 573 -
916 543 972 606 3⁰·
988 530 1081 604 junii
1474 549 1492 608 9

334 745 411 811 Item
435 765 529 814 causa
555 742 710 806 Anthonii
741 741 930 822 carpentarii
958 755 988 804 et
1013 741 1133 804 Mathai
1166 741 1324 804 tributarii
1350 741 1391 806 ad
1416 755 1490 804 octo

228 852 298 912 dies
322 865 368 913 est
392 865 518 932 recepta
544 863 574 912 et
597 860 769 931 prorogata
793 847 832 908 ad
863 867 984 929 pacem.

333 957 410 1020 Item
436 955 596 1036 Georgius
619 953 770 1037 Puchych
794 965 904 1019 contra
924 952 1124 1035 Stephanum
1149 963 1291 1014 autorem
1315 951 1421 1037 primo
1445 951 1488 1012 ci-

227 1077 311 1126 tatus
336 1083 400 1124 non
425 1061 615 1144 comparuit.

334 1167 412 1238 Item
435 1187 529 1232 causa
553 1165 686 1231 Ioannis
711 1165 856 1246 Hungari
882 1178 913 1228 et
941 1165 1032 1231 Pauli
1058 1163 1227 1231 Charanch
1263 1162 1302 1229 ad
1328 1176 1401 1228 octo
1426 1162 1494 1230 dies

227 1274 264 1335 ad
291 1293 404 1360 pacem
428 1287 476 1336 est
499 1284 625 1354 recepta
652 1287 683 1333 et
705 1283 886 1354 prorogata.

333 1380 411 1442 Item
436 1379 592 1441 Martinus
615 1376 748 1460 Goyeeh
773 1389 882 1438 contra
907 1375 1046 1438 Paulum
1072 1389 1225 1439 sartorem
1250 1376 1356 1459 primo
1381 1375 1494 1436 citatus

228 1506 292 1548 non
320 1487 509 1568 comparuit.

333 1592 412 1652 Item
436 1611 529 1653 causa
555 1589 657 1651 Frane
682 1601 712 1650 et
737 1587 870 1650 loannis
888 1587 1033 1669 Hungari
1068 1587 1107 1648 ad
1133 1601 1206 1650 octo
1230 1585 1298 1648 dies
1322 1585 1362 1648 ad
1379 1605 1492 1668 pacem

228 1709 274 1759 est
298 1709 479 1781 prorogata.
956 1773 962 1786 ι

334 1802 413 1864 Item
431 1801 583 1864 Clemens
607 1799 696 1862 faber
724 1811 834 1862 contra
858 1797 1062 1862 Clementem
1094 1813 1235 1860 sutorem
1268 1795 1489 1860 testimonium

228 1909 406 1991 producere
421 1908 527 1986 debet,
544 1906 693 1968 videlicet
710 1905 910 1966 Anthonium
933 1918 1074 1966 sutorem
1092 1917 1123 1966 et
1138 1904 1262 1986 glorenr
1281 1903 1488 1986 Deuychych.

337 2014 416 2076 Item
430 2013 566 2075 Basolek
583 2025 692 2075 contra
710 2012 912 2075 Clementem
929 2010 1071 2074 secundo
1088 2011 1202 2073 ciratus
1219 2029 1284 2072 non
1298 2009 1488 2091 comparuit.

335 2120 413 2182 Item
438 2119 547 2182 relicta
573 2119 745 2199 Ozmonog
769 2131 884 2180 octavo
908 2117 960 2178 die
992 2117 1208 2198 juramentum
1233 2128 1371 2197 prestere
1397 2115 1492 2177 debet

231 2228 264 2288 in
289 2225 372 2288 iacto
396 2225 564 2287 cuiusdam
587 2224 686 2306 gladii
711 2235 821 2287 contra
846 2224 975 2286 Petrum
1000 2236 1170 2286 sartorem.

273 2441 369 2518 Faria
396 2454 496 2518 serta
524 2447 679 2536 proxima
707 2451 784 2534 post
811 2443 935 2516 lostam
963 2443 1141 2514 beatorum
1170 2441 1262 2514 Petri
1291 2449 1324 2514 et
1354 2443 1448 2514 Pauli

740 2567 980 2656 apostoloram.

768 2720 832 2798 (30.
847 2721 953 2796 junii).

335 2863 413 2926 Item
447 2860 607 2944 Georgius
631 2859 781 2944 Puchych
814 2872 923 2922 contra
950 2859 1149 2942 Stephanum
1181 2873 1323 2924 autorem
1347 2859 1491 2922 secundo

229 2971 343 3032 citatus
367 2989 432 3031 non
458 2968 646 3051 comparuit.

333 3074 411 3136 Item
436 3073 561 3135 Blasius
578 3073 698 3154 Purgar
715 3085 824 3134 contra
850 3071 1051 3134 Anthonium
1070 3073 1231 3134 literatum
1249 3072 1355 3154 prImo
1380 3071 1493 3134 citatus

230 3201 294 3242 non
320 3180 509 3262 comparuit.

335 3287 413 3348 Item
439 3285 571 3370 Gyurag
596 3284 735 3350 carnifex
756 3298 866 3348 contra
883 3285 1025 3348 Blasium
1051 3284 1232 3348 carnificem
1250 3285 1355 3368 primo
1379 3285 1493 3348 citatus

233 3412 296 3454 non
321 3392 513 3475 comparuit.

287 3575 291 3582 ¹
336 3499 414 3560 Item
449 3498 597 3582 Mychael
628 3513 729 3560 sartor
760 3511 870 3561 contra
905 3497 1016 3562 Custel
1049 3497 1217 3559 mulierem
1243 3497 1348 3579 primo
1379 3497 1492 3558 citatus

233 3625 296 3667 non
320 3606 510 3686 comparuit.

335 3711 413 3772 Item
438 3710 556 3773 Paulus
580 3711 680 3772 Tatar
712 3723 821 3773 contra
853 3713 1011 3774 Ioannem
1042 3710 1203 3772 literatum
1236 3709 1339 3772 filiurn
1364 3709 1490 3770 Nicolai

229 3817 448 3880 testimonium
482 3816 658 3898 producere
690 3816 785 3879 dehet
817 3817 849 3878 in
877 3816 996 3898 judicio
1027 3815 1131 3898 primo
1157 3817 1188 3877 in
1221 3815 1305 3878 facto
1330 3816 1490 3897 vituperii,

229 3924 378 3985 videlicet
402 3923 538 3985 Paulum
565 3923 686 4006 Sydow
709 3937 740 3986 et
764 3923 920 3986 Iacobum
945 3923 1085 4006 Zedyna.

332 4030 411 4092 Item
434 4030 617 4092 Anthonius
640 4030 783 4092 literatus
807 4031 839 4090 in
872 4028 955 4092 lacto
980 4029 1124 4110 quinque
1156 4025 1353 4089 florenorum
1379 4041 1490 4093 contra

229 4136 442 4198 Laurentium
467 4134 544 4198 leria
567 4137 666 4199 tercia
690 4136 835 4218 proxIma
862 4135 1084 4197 testimonium
1117 4134 1294 4215 producere
1319 4133 1414 4194 debet
1442 4131 1491 4214 ju-

229 4241 306 4303 dicis
330 4243 363 4303 in
387 4243 549 4324 presencia
573 4261 623 4321 eo,
648 4242 736 4324 quod
761 4243 866 4324 prirno
886 4241 1106 4304 testimonium
1130 4261 1238 4302 coram
1267 4240 1372 4320 judice
1397 4240 1488 4324 (non)

229 4347 430 4430 deposuerat,
455 4348 604 4410 videlicet
629 4347 828 4431 Stephanum
852 4348 1055 4410 tributarium
1080 4361 1111 4410 et
1136 4347 1339 4428 Gregoriurn.

333 4453 412 4515 Item
445 4453 520 4534 quia
552 4452 683 4515 domina
716 4454 762 4515 lsa
794 4455 903 4515 relicta
936 4467 966 4515 et
996 4453 1119 4515 Blasius
1151 4453 1235 4514 tilius
1258 4451 1395 4515 condam
1421 4453 1491 4536 My·

231 4559 349 4622 chaelis
373 4559 561 4644 Dragycych
586 4560 619 4622 id
644 4560 808 4622 evidenter
833 4561 865 4622 in
889 4560 964 4622 sede
985 4574 1092 4622 nostra
1116 4559 1282 4641 judiciaria
1306 4572 1490 4621 nostrorum

230 4666 412 4727 concivium
444 4666 629 4728 testimonio
660 4668 921 4746 comprobarunt,
954 4665 1042 4747 quod
1076 4665 1153 4728 dum
1185 4665 1252 4748 ipae
1277 4663 1425 4748 Mychael
1458 4665 1490 4726 in

229 4770 377 4832 humanis
401 4773 517 4852 egisset
540 4785 615 4834 tunc
639 4771 845 4834 medietatem
862 4772 978 4833 domus
1002 4791 1057 4834 sue
1082 4771 1202 4854 prefate
1223 4771 1279 4850 lse,
1304 4771 1400 4832 aliam
1424 4791 1490 4832 rne-

231 4877 381 4940 dietatem
406 4877 513 4940 Blasio
538 4877 605 4940 filio
622 4897 724 4960 usque
742 4876 781 4939 ad
806 4878 1043 4960 expirationem
1060 4878 1231 4940 duodecim
1248 4897 1407 4942 annorum
1424 4897 1489 4939 non

228 4981 438 5044 dividendam
464 4982 642 5064 legavisset,
666 4982 740 5045 ideo
770 4982 906 5045 eandem
938 4983 1071 5044 domum
1103 4981 1233 5065 prefatis
1258 4983 1303 5046 lae
1328 4997 1359 5046 et
1382 4983 1489 5046 Blasio
