3734 5796
569 551 655 608 Anno
678 561 767 626 1437.
792 584 836 593 —
859 565 909 627 23.
933 552 1060 624 augusti.
1394 569 1452 634 27¹

190 775 253 823 tate
279 759 385 822 lurum
410 760 599 838 ambulavit,
624 779 682 822 nec
707 759 830 822 furibus
861 760 966 822 socius
990 758 1060 838 fuit,
1092 761 1207 822 necin
1232 762 1343 843 aliquo
1370 761 1455 825 lurtu

192 869 351 950 particeps
375 868 445 928 luit.

297 975 376 1036 Item
394 973 550 1034 Martinus
575 972 660 1034 filius
685 972 768 1034 lwan
791 972 952 1055 Waydich
979 973 1018 1036 de
1036 973 1145 1036 Nobili
1171 975 1246 1036 villa
1270 975 1314 1036 sic
1332 989 1455 1054 vocata,

190 1081 338 1144 similiter
362 1100 418 1162 per
442 1079 720 1160 adjudicacionem
744 1079 920 1160 juratorum
949 1057 1037 1142 seito
1060 1100 1093 1142 se
1118 1083 1262 1161 personis
1286 1081 1346 1142 sibi
1369 1082 1457 1144 simi·

190 1187 276 1248 libus
301 1187 332 1248 in
359 1186 492 1248 ecclesia
517 1186 602 1248 beati
628 1186 726 1247 Marci
752 1187 958 1267 ewangeliste
982 1205 1077 1267 super
1108 1207 1195 1248 aram
1220 1186 1339 1267 jurabit
1362 1208 1457 1270 super

191 1314 243 1372 eo,
269 1309 303 1355 ut
327 1294 393 1375 ipse
419 1293 519 1354 eciam
545 1293 672 1354 nullum
697 1290 816 1353 lurtum
843 1293 1023 1354 incivitate
1048 1308 1078 1353 et
1102 1294 1170 1354 eius
1194 1294 1353 1356 territorio
1378 1308 1457 1356 tern-

190 1419 268 1482 pore
292 1415 476 1481 treugarum
494 1413 602 1460 sancte
626 1397 826 1479 Margarethe
844 1398 976 1479 virginis
1000 1415 1030 1460 et
1055 1399 1193 1460 martiris
1209 1401 1380 1478 commisit,
1398 1422 1456 1463 nec

190 1507 222 1568 in
248 1506 400 1567 societate
425 1505 532 1566 lurum
554 1505 741 1584 ambulavit,
767 1525 825 1568 nec
842 1504 965 1566 iuribus
989 1505 1095 1568 socius
1119 1504 1189 1584 luit,
1214 1527 1272 1567 nec
1296 1507 1329 1568 in
1346 1507 1456 1588 aliquo

190 1610 277 1674 furtu
301 1612 458 1694 particeps
483 1610 551 1674 fuit.

297 1719 375 1780 Item
408 1719 483 1800 quia
516 1717 684 1779 Ladislaus
715 1716 800 1778 lilius
832 1717 956 1779 Nicolai
982 1716 1038 1778 filii
1071 1717 1155 1779 lwan
1189 1719 1228 1780 de
1253 1720 1456 1782 Brezowicza

192 1823 409 1906 juramentum
434 1825 494 1885 sibi
519 1825 550 1885 in
576 1822 660 1886 lacto
684 1824 850 1886 cuiusdam
868 1825 943 1905 equi
966 1824 1119 1906 Stephani
1146 1824 1289 1908 Dewyalr
1314 1826 1390 1888 dicti
1416 1827 1456 1889 de

191 1932 342 2011 lvvanich,
366 1952 422 2013 per
445 1932 615 1992 Nicolaum
633 1930 777 1993 Petinich
797 1931 984 1992 servitorem
1002 1930 1145 1992 eiusdem
1165 1932 1304 1993 Ladislai
1330 1933 1361 1994 in
1379 1937 1453 1995 sub·

189 2039 285 2100 urbio
309 2039 444 2100 civitatis
469 2037 610 2120 predicte
635 2037 797 2116 subtracti,
821 2057 917 2120 super
938 2057 976 2098 eo
1001 2036 1218 2118 adjudicatum
1237 2037 1454 2120 juramentum

192 2145 340 2228 prestitit,
365 2158 400 2206 ut
423 2142 564 2226 prelatus
580 2144 733 2205 Nicolaus
757 2143 878 2206 dictum
896 2163 1016 2224 equum
1041 2163 1113 2204 cum
1137 2145 1218 2206 scitu
1236 2158 1267 2205 et
1290 2146 1455 2208 voluntate
1512 2213 1515 2218 ,
1598 2163 1600 2169 ’

189 2251 291 2334 ipsius
316 2243 452 2312 Ladi'slai
486 2250 611 2312 domini
643 2250 692 2311 sui
716 2269 781 2310 non
813 2250 978 2328 subtraxit,
1010 2249 1084 2311 ideo
1117 2249 1220 2333 ipsum
1255 2251 1286 2312 in
1311 2251 1455 2334 predicto

190 2357 278 2420 lacto
301 2357 502 2419 reddidimus
527 2355 595 2418 iore
623 2355 820 2438 expeditum.

189 2576 289 2650 Feria
317 2585 415 2649 serta
445 2579 601 2666 proxima
639 2585 716 2647 ante
744 2575 868 2648 festum
904 2578 1014 2647 sancti
1043 2575 1269 2648 Bartholomei
1298 2577 1454 2666 apostoli.

703 2743 765 2807 (23.
788 2731 930 2806 augusti).

297 2869 375 2931 Item
400 2867 519 2932 Mathei
544 2867 675 2931 Philecb
700 2883 809 2931 contra
835 2868 1052 2930 Baithasarem
1085 2868 1246 2930 literatum
1271 2869 1376 2951 ptimo
1410 2870 1452 2932 ci·

184 2990 271 3038 tatus
296 2995 360 3037 non
386 2975 575 3058 comparuit.

295 3083 373 3144 item
398 3083 555 3144 Martinus
586 3082 735 3164 sagippar
766 3095 877 3144 contra
902 3082 1094 3165 Dyonisium
1127 3094 1269 3143 sutorem
1293 3081 1452 3144 decanum

185 3191 293 3273 primo
318 3190 432 3252 citatus
456 3209 523 3250 non
548 3189 738 3271 comparuit.

294 3315 372 3376 Item
401 3315 476 3396 quia
501 3315 613 3376 Petrus
636 3313 721 3376 filius
745 3311 876 3396 Gyurak
908 3313 948 3375 de
980 3327 1087 3376 sancte
1113 3313 1192 3395 Elya
1217 3327 1248 3375 et
1273 3314 1450 3396 Gregorius

184 3423 272 3485 lilius
297 3421 451 3484 Johannis
475 3421 515 3484 de
540 3435 650 3483 sancto
675 3419 818 3502 Georgio
843 3420 882 3481 de
906 3420 965 3481 sub
990 3419 1104 3482 Belecz
1129 3441 1165 3482 ac
1188 3421 1345 3482 Martinus
1368 3419 1453 3483 filius

184 3528 272 3589 lwan
298 3527 459 3610 Waydich
492 3527 532 3588 de
565 3527 674 3588 Nobili
707 3525 783 3587 villa
807 3527 851 3587 sic
879 3539 1000 3602 vocata,
1034 3526 1088 3607 qui
1123 3526 1155 3587 in
1186 3540 1284 3588 estate
1309 3528 1452 3608 proxime

85 3647 90 3655 ·
184 3633 338 3716 preterita
364 3647 436 3696 ante
461 3632 576 3696 festum
595 3647 701 3694 sancte
728 3633 826 3694 Marie
848 3632 1040 3712 Magdalene
1057 3633 1185 3694 racione
1204 3631 1355 3694 lurticinii
1372 3647 1452 3696 tem·

185 3759 266 3822 pore
292 3739 352 3800 lori
376 3740 525 3801 annualis
548 3753 654 3800 sancte
681 3738 880 3819 Margarethe
902 3739 1034 3818 virginis
1055 3753 1086 3800 et
1110 3739 1257 3816 martiris,
1282 3759 1339 3821 per
1366 3739 1453 3821 ipsos

183 3847 217 3907 in
243 3845 372 3907 civitate
395 3845 536 3927 predicta
561 3845 735 3924 commissi,
764 3859 853 3906 erant
884 3844 1004 3907 detenti
1030 3857 1060 3906 et
1093 3844 1290 3924 incarcerati,
1316 3864 1372 3927 per
1396 3846 1451 3908 ad·

183 3952 421 4034 judicacionem
453 3949 628 4032 juratorum
660 3951 875 4032 juramentum
909 3951 985 4032 ipsis
1019 3965 1133 4012 octavo
1158 3951 1210 4012 die
1245 3950 1323 4013 ferie
1354 3953 1450 4014 tercie

184 4059 332 4142 proxime
356 4071 429 4140 post
453 4056 567 4119 festum
586 4071 692 4119 sancte
718 4058 817 4118 Marie
838 4057 1028 4138 Magdalene
1052 4077 1108 4139 per
1132 4057 1217 4139 ipsos
1243 4057 1362 4140 deponi
1392 4077 1451 4140 pro

182 4165 331 4246 ipsorum
355 4165 590 4245 expurgacione
614 4163 832 4246 adjudicatum
857 4183 921 4224 non
951 4164 1172 4244 deposuerunt
1197 4183 1301 4244 neque
1327 4162 1450 4244 jurave·

182 4284 269 4349 runt,
295 4269 350 4331 sed
367 4289 401 4331 se
424 4283 552 4352 propter
569 4291 633 4332 non
652 4271 892 4352 deposicionem
914 4271 1013 4352 ipsius
1030 4268 1200 4349 juramenti
1218 4270 1250 4330 in
1276 4270 1345 4351 ipso
1365 4268 1450 4332 furtu

181 4377 228 4438 rei
255 4394 421 4436 remanere
446 4377 669 4457 permiserunt,
695 4377 833 4458 ideoque
851 4377 937 4458 ipsos
961 4376 992 4436 in
1019 4389 1200 4457 presentem
1226 4389 1369 4436 nostrum
1396 4379 1449 4438 ka·

180 4499 313 4546 ternum
337 4503 542 4546 communem
567 4485 764 4565 proscribere
789 4483 1010 4544 commisimus
1027 4483 1235 4545 decernentes
1258 4483 1314 4544 tali
1340 4484 1450 4564 mod0,

183 4603 218 4652 ut
253 4589 449 4671 ubicumque
474 4589 513 4650 de
546 4604 651 4651 cetero
683 4603 714 4650 et
745 4609 801 4671 per
833 4589 970 4671 amplius
993 4587 1107 4671 prelati
1133 4589 1177 4650 rei
1210 4603 1241 4651 et
1272 4589 1450 4671 culpabiles

181 4697 334 4758 homines
357 4696 495 4777 repperti
520 4694 638 4758 fuerint
663 4696 694 4757 in
720 4697 845 4758 civitate
870 4696 1011 4778 predicta
1041 4707 1071 4756 et
1096 4695 1165 4756 eius
1189 4695 1349 4757 territorio
1374 4715 1448 4757 mox

180 4801 270 4884 juxta
295 4801 449 4863 demerita
480 4821 592 4864 eorum
624 4814 659 4863 ut
690 4799 775 4862 iures
799 4820 915 4883 penam
948 4821 1044 4882 quam
1078 4801 1307 4864 demeruerunt
1338 4821 1448 4864 conse·

182 4921 326 4989 quentur
365 4907 434 4989 ipso
470 4905 553 4970 lacto
585 4927 623 4969 ex
655 4927 704 4986 eo,
740 4907 815 4988 quia
848 4923 921 4969 sunt
952 4907 1140 4990 proclamati
1176 4905 1372 4970 sufficienter
1407 4909 1447 4970 ad

181 5012 355 5096 justiciam.
