3876 5798
694 591 780 648 Anno
803 604 894 668 1443.
920 587 1038 650 -18,
1065 590 1149 652 maii.

291 801 395 863 dicem
422 815 452 863 et
475 801 595 884 juratos
618 816 649 864 et
671 815 794 885 partem
819 801 996 880 adversam,
1021 802 1079 884 ipsi
1098 822 1228 883 quoque
1253 803 1404 884 magistro
1422 803 1552 866 Matheo

291 928 329 968 ex
353 922 441 991 parte
476 909 608 991 dampni
640 909 782 991 ipsorum
816 928 955 970 asserum
987 928 1118 971 suorum
1143 909 1239 988 debet
1270 911 1434 990 usquead
1459 911 1552 991 quin·

290 1015 389 1076 denas
413 1016 590 1099 plenariam
615 1015 789 1098 inpendere
818 1015 1084 1078 satisfaccionem.

396 1123 475 1184 ltem
499 1121 592 1204 jurati
617 1123 712 1184 aliam
738 1141 864 1184 causam
883 1123 982 1204 ipsius
1005 1123 1147 1204 magistri
1166 1122 1285 1184 Mathei
1310 1123 1341 1184 in
1360 1121 1443 1184 facto
1460 1123 1552 1186 deso·

291 1230 425 1292 lacionis
449 1243 480 1290 et
496 1229 587 1290 ruine
609 1229 772 1311 porcionis
793 1228 909 1290 domus
926 1229 1057 1291 domine
1083 1229 1260 1312 Elyzabeth
1284 1229 1392 1291 uxoris
1408 1229 1552 1292 eiusdem

290 1337 434 1418 magistri
468 1335 588 1397 Mathei
620 1337 701 1398 inter
733 1337 869 1398 eandem
901 1334 1067 1397 dominam
1101 1335 1277 1419 Elyzabeth
1310 1349 1340 1397 et
1371 1337 1453 1398 inter
1481 1356 1551 1419 pre·

291 1443 410 1504 dictam
444 1445 539 1506 aliam
576 1443 752 1525 Elyzabeth
785 1443 927 1504 relictam
960 1441 1035 1504 dicti
1064 1441 1193 1524 Mathye
1225 1442 1393 1504 Ztakorich
1418 1455 1450 1504 et
1472 1444 1554 1505 inter

291 1550 458 1612 dominam
483 1555 644 1633 Agyczam
670 1550 813 1611 relictam
847 1548 978 1630 Georgii
1004 1548 1137 1629 cirologi
1169 1561 1289 1609 motam
1322 1548 1366 1610 sic
1389 1548 1552 1627 adjudica-

290 1671 414 1736 verunt,
439 1657 528 1739 quod
553 1657 612 1738 ipsi
638 1655 775 1718 eandem
793 1675 920 1717 causam
944 1655 1103 1736 usquead
1127 1655 1266 1738 primum
1285 1655 1439 1737 judicium
1457 1676 1552 1739 super

290 1783 328 1824 eo
353 1775 576 1845 prorogarunt,
602 1775 636 1824 ut
660 1763 719 1846 ipsi
744 1762 836 1844 jurati
862 1762 962 1844 ipsam
995 1781 1123 1822 causam
1148 1762 1230 1823 dicte
1256 1762 1347 1824 ruine
1372 1775 1403 1824 et
1426 1762 1551 1826 desola·

289 1869 390 1931 cionis
413 1870 527 1932 volunt
550 1889 622 1930 curn
647 1869 853 1952 carpentariis
880 1882 946 1930 tam
977 1869 1129 1930 intraneis
1153 1889 1250 1950 quam
1284 1871 1441 1932 extraneis
1472 1891 1548 1934 con·

289 1977 410 2058 spicere
434 1977 550 2037 melius
574 1989 604 2037 et
635 1993 875 2057 quemcumque
907 1975 1048 2056 ipsarum
1073 1975 1168 2036 trium
1202 1975 1343 2057 parcium
1371 1977 1551 2039 invenerint

290 2081 496 2163 culpabilem,
529 2102 585 2164 per
616 2082 766 2144 illumin
797 2081 901 2163 primo
931 2080 1052 2162 judicio
1086 2081 1187 2163 ipsam
1225 2082 1350 2144 ruinam
1375 2096 1406 2144 et
1427 2083 1551 2145 desola-

289 2189 416 2249 tionem
440 2186 558 2251 facient
583 2208 769 2270 recuperare
791 2187 903 2249 ordine
928 2187 1004 2268 juris
1028 2201 1229 2269 exposcente.

394 2293 472 2356 Item
497 2293 607 2357 Gurak
630 2295 750 2377 juratus
774 2307 883 2356 contra
908 2292 1087 2375 Georgium
1116 2292 1284 2356 Ztakorich
1309 2295 1414 2376 primo
1437 2297 1551 2358 citatus

289 2423 354 2464 non
379 2401 567 2485 comparuit.

830 2577 894 2659 (18.
917 2581 1009 2648 maii).

394 2721 473 2784 Item
490 2722 623 2784 sabbato
642 2722 789 2804 proximo
806 2735 879 2804 post
901 2719 1078 2803 predictam
1095 2719 1206 2783 feriam
1223 2721 1353 2784 terciam
1370 2721 1550 2804 proximam

289 2843 360 2892 ante
385 2827 501 2891 festum
525 2829 617 2890 beate
642 2828 772 2911 Sophye
797 2828 929 2910 virginis
956 2828 1101 2909 proxime
1117 2829 1313 2910 preteritam,
1336 2829 1478 2890 seniores
1501 2829 1550 2912 ju-

289 2935 375 2998 dices
400 2955 527 2998 causam
552 2935 584 2996 in
609 2933 693 2996 facto
709 2935 806 2996 tercie
820 2935 917 3016 partis
941 2935 1107 2996 cuiusdam
1125 2935 1251 3014 domus,
1275 2934 1367 2997 fundi
1384 2949 1415 2997 et
1438 2935 1550 2999 hedifi-

289 3148 423 3230 Georgii
455 3147 589 3229 cirologi
614 3161 644 3208 et
671 3147 731 3208 awi
765 3147 878 3208 Vrsule
910 3146 1018 3229 puelle
1042 3145 1106 3208 filie
1137 3147 1274 3209 condam
1298 3147 1439 3210 Ladislai
1463 3150 1548 3211 auri-

289 3254 380 3334 fabri,
404 3253 462 3316 filii
488 3253 587 3335 ipsius
610 3253 736 3314 Nicolai
753 3252 905 3315 aurifabri
931 3251 1035 3314 fratris
1058 3272 1134 3314 vero
1152 3253 1236 3315 dicte
1252 3253 1384 3316 domine
1408 3258 1549 3338 Agycze,

288 3361 391 3444 pridie
416 3360 566 3422 videlicet
583 3359 724 3441 predicta
749 3358 825 3421 feria
839 3359 935 3421 tercia
952 3359 1096 3442 proxima
1114 3373 1186 3420 ante
1203 3359 1307 3440 ipsum
1325 3357 1441 3421 festum
1458 3361 1549 3423 beate

290 3469 420 3553 Sophie,
444 3487 503 3550 per
527 3466 647 3550 juratos
671 3486 727 3548 per
751 3464 911 3527 sufficiens
934 3466 1153 3527 testimonium
1181 3466 1280 3548 ipsius
1303 3464 1417 3527 Vrsule
1442 3467 1549 3548 puelle

287 3575 504 3658 adjudicatam
529 3587 560 3634 et
583 3593 638 3655 per
663 3574 764 3655 ipsam
788 3573 954 3634 dominam
971 3575 1134 3655 Agyczam
1159 3591 1217 3654 pro
1242 3573 1341 3654 ipsius
1365 3592 1458 3634 cause
1483 3593 1548 3636 me-

288 3684 361 3745 liori
387 3680 623 3742 deliberacione
646 3680 680 3741 in
712 3680 910 3762 presenciam
943 3693 973 3740 et
1004 3679 1274 3740 deliberacionem
1306 3679 1469 3741 seniorum
1502 3680 1549 3761 ju·

288 3791 396 3851 dicum
422 3787 626 3870 appellatam,
645 3785 742 3848 iidem
767 3787 909 3848 seniores
932 3785 1053 3867 judices
1070 3785 1206 3848 civitatis
1227 3785 1368 3867 predicte
1393 3805 1432 3848 eo
1449 3787 1548 3848 modo

289 3897 548 3958 deliberaverunt
572 3906 604 3955 et
625 3893 929 3971 determinaverunt,
953 3905 988 3953 ut
1022 3893 1097 3973 quia
1122 3892 1188 3973 ipsa
1212 3891 1328 3953 Vrsule
1351 3891 1459 3974 puella
1483 3905 1548 3954 tam

291 4021 364 4064 cum
389 4000 546 4082 spirituali
581 4018 677 4080 quam
709 3999 843 4060 seculari
875 3999 1059 4061 testimonio
1084 4017 1191 4060 coram
1223 3997 1333 4080 juratis
1356 3996 1549 4059 sufficienter

289 4106 523 4190 comprobavit,
547 4119 582 4167 ut
607 4106 673 4187 ipsa
707 4105 839 4167 domina
868 4109 996 4188 Agycza
1029 4105 1145 4166 dictam
1170 4105 1300 4166 terciam
1332 4117 1454 4186 partem
1478 4125 1548 4187 pre·

289 4215 371 4276 dicte
398 4213 524 4292 domus,
550 4211 641 4273 fundi
670 4227 701 4273 et
732 4211 955 4273 hedificiorum
989 4212 1089 4294 ipsam
1114 4210 1296 4272 divisionali
1327 4209 1395 4293 jure
1419 4230 1548 4272 concer-

288 4335 428 4399 nentem,
454 4317 574 4402 prefate
598 4319 712 4380 Vrsule
737 4319 844 4402 puelle
868 4318 932 4380 filie
956 4317 1090 4400 predicti
1109 4317 1248 4379 Ladislai
1273 4317 1376 4380 fratris
1399 4319 1448 4380 sui
1472 4318 1548 4380 dare

287 4426 451 4511 promisit;
477 4437 507 4486 et
531 4425 605 4506 quia
639 4426 738 4487 eciam
772 4424 882 4486 eadem
916 4425 1046 4486 domina
1077 4427 1205 4507 Agycza
1235 4425 1305 4486 sola
1328 4425 1459 4507 proprio
1489 4445 1547 4487 suo

287 4554 342 4596 ore
367 4550 475 4594 coram
508 4531 628 4593 eisdem
661 4531 841 4592 senioribus
872 4531 1032 4610 judicibus
1064 4529 1207 4592 confessa
1239 4543 1286 4592 est
1309 4549 1347 4592 eo
1380 4530 1489 4608 m0d0,
1514 4545 1549 4593 ut

288 4643 356 4724 ipsa
382 4639 518 4702 eandem
545 4639 676 4699 terciam
700 4651 823 4720 partem
856 4638 954 4721 ipsius
986 4637 1113 4716 domus,
1137 4635 1229 4698 fundi
1261 4650 1291 4698 et
1313 4636 1547 4718 hedificiorum,

287 4749 473 4831 porcionem
501 4745 650 4807 videlicet
681 4765 783 4824 snam,
815 4745 919 4806 eidem
951 4744 1065 4806 Vrsule
1089 4744 1197 4826 puelle
1221 4744 1468 4824 consanguinee
1491 4763 1547 4805 sue

288 4858 362 4917 dare
389 4853 594 4936 promisisset,
618 4868 649 4913 et
673 4853 748 4933 quia
773 4853 873 4913 eciam
893 4853 959 4933 ipsa
984 4851 1098 4913 Vrsula
1123 4849 1230 4932 puella
1255 4847 1391 4911 infacto
1416 4851 1477 4912 isto
1502 4864 1548 4912 est

287 4961 525 5042 consanguinea
551 4973 581 5020 et
605 4961 706 5036 heres,
735 4958 809 5020 ideo
842 4959 900 5040 ipsi
934 4957 1064 5019 domiue
1089 4961 1218 5038 Agycze
1249 4957 1384 5017 eandem
1416 4957 1547 5018 terciam

286 5083 409 5152 partem
439 5067 581 5151 predicte
613 5065 739 5146 domus,
771 5063 863 5127 fundi
895 5079 925 5127 et
956 5063 1179 5127 hedificiorum
1212 5083 1313 5146 usque
1345 5063 1385 5125 ad
1409 5077 1547 5126 mortem
