3796 5812
443 583 509 647 470

446 671 698 680 ————-—-—.

549 774 628 838 Item
653 773 826 837 Merclinus
849 786 937 836 sutor
968 787 1078 835 contra
1100 773 1272 854 Dragonya
1296 785 1439 834 autorem
1463 771 1568 854 primo
1594 773 1706 832 citatus

444 899 510 943 non
539 879 728 962 comparuit.

550 984 627 1047 Item
646 983 778 1046 domina
794 983 902 1047 relicta
926 983 1010 1046 iwan
1028 980 1270 1065 Kukuuachych
1296 993 1405 1044 contra
1423 979 1587 1044 Thomam
1605 979 1707 1042 tilium

446 1091 573 1151 Andree
598 1089 740 1151 secundo
765 1088 858 1152 citata
883 1108 947 1150 non
973 1087 1163 1170 comparuit.

552 1195 629 1258 Item
653 1195 806 1256 Nicolaus
830 1193 976 1275 Rugosar
993 1207 1103 1256 contra
1127 1192 1298 1255 Nicolaum
1315 1191 1419 1254 filium
1444 1193 1577 1256 Fabiani
1604 1194 1710 1275 primo

445 1303 560 1366 citatus
585 1321 649 1363 non
674 1301 863 1383 comparuit.

552 1409 629 1470 ltem
647 1408 779 1469 domina
804 1407 940 1470 Altauch
965 1419 1075 1470 contra
1093 1407 1328 1488 Margaretham
1347 1420 1528 1468 consortem
1553 1405 1710 1467 Demetrii

446 1516 551 1598 primo
576 1515 669 1576 citata
694 1533 758 1576 non
783 1513 971 1596 comparuit.

555 1621 633 1682 Item
666 1640 759 1682 causa
784 1619 916 1701 Georgii
948 1618 1005 1682 filii
1031 1619 1161 1681 Drakon
1195 1632 1305 1681 contra
1335 1619 1472 1681 Paulum
1496 1618 1536 1680 de
1562 1617 1712 1679 Grachau

446 1747 502 1810 per
526 1726 720 1808 Gregorium
745 1725 846 1788 filium
873 1725 1028 1788 Johannis
1052 1740 1083 1788 et
1106 1726 1190 1788 Iwan
1214 1725 1316 1788 filium
1340 1725 1469 1786 Andree
1494 1725 1533 1786 ad
1559 1739 1711 1786 octavum

445 1834 531 1896 diem
555 1833 595 1895 ad
619 1852 731 1915 pacem
759 1845 805 1894 est
828 1845 966 1912 recepta.

473 2121 569 2196 Faria
598 2125 705 2195 tercia
733 2125 886 2212 proxima
920 2130 998 2194 ante
1026 2123 1148 2195 testum
1177 2121 1377 2194 Natiuitatis
1404 2122 1502 2194 beate
1531 2123 1687 2210 virginis.

557 2274 635 2335 Item
661 2293 755 2335 causa
780 2273 903 2334 domini
929 2273 1089 2334 Francisci
1111 2272 1247 2334 condam
1272 2271 1387 2353 judicis
1411 2284 1521 2333 contra
1546 2271 1714 2332 dominam

450 2380 610 2442 Dikauam
637 2380 678 2441 ita
704 2393 750 2442 est
773 2379 923 2461 judicata,
948 2381 1036 2462 quod
1062 2380 1129 2462 ipsa
1153 2379 1284 2440 domina
1302 2379 1427 2440 Dikaua
1452 2378 1616 2440 universas
1642 2398 1716 2439 suas

448 2488 566 2568 literas,
593 2488 617 2548 si
643 2507 722 2569 quas
746 2501 854 2549 contra
880 2487 984 2568 ipsum
1002 2486 1206 2548 Franciscum
1228 2501 1259 2547 et
1282 2485 1448 2547 dominam
1471 2503 1604 2546 uxorem
1623 2503 1715 2545 suam

454 2595 550 2656 habet
575 2592 746 2672 coniectas,
770 2605 885 2654 octavo
911 2593 961 2653 die
986 2592 1071 2674 juxta
1088 2611 1181 2654 suum
1207 2605 1404 2674 assumptum
1431 2590 1526 2652 debet
1550 2590 1714 2652 exhibere.

558 2701 634 2762 Item
660 2700 743 2760 Rees
767 2699 987 2760 stachunarius
1011 2698 1222 2780 quadraginta
1251 2698 1320 2760 flor.
1345 2697 1412 2760 auri
1438 2696 1522 2779 juxta
1547 2697 1716 2758 continen-

449 2807 531 2869 ciam
568 2807 732 2868 literarum
764 2805 918 2867 iohannis
949 2805 1063 2886 judicis
1095 2805 1229 2866 domino
1262 2805 1411 2888 Mykusio
1443 2804 1540 2884 judici
1575 2805 1716 2865 condam

449 2933 550 2996 usque
575 2913 755 2995 quindenas
779 2912 901 2973 solvere
927 2912 1031 2974 debet.

555 3018 632 3080 item
665 3037 759 3079 causa
785 3018 952 3079 Laurencii
977 3017 1069 3098 jurati
1102 3038 1159 3100 per
1191 3018 1346 3080 iacobum
1376 3015 1455 3078 Bole
1480 3029 1511 3078 et
1534 3015 1715 3078 Francham

449 3125 570 3208 judices
583 3138 694 3186 contra
707 3123 886 3186 iohannem
900 3125 998 3186 Vasas
1012 3124 1051 3185 acl
1066 3139 1216 3187 octavum
1230 3124 1316 3186 diem
1333 3123 1372 3184 ad
1386 3142 1498 3206 pacem
1512 3136 1560 3184 est
1574 3135 1715 3204 recepta.

555 3230 633 3292 Item
660 3230 777 3314 Gynan
808 3231 1020 3293 tricesimator
1052 3245 1160 3293 contra
1187 3231 1306 3292 Lucam
1339 3229 1440 3292 filium
1474 3229 1643 3291 Michaelis
1668 3249 1715 3290 se·

450 3336 557 3400 cundo
581 3338 694 3419 citatus
718 3357 783 3399 non
808 3339 997 3419 comparuit.

556 3443 633 3506 Item
663 3445 813 3506 Marenus
831 3444 951 3525 juratus
968 3463 1024 3525 per
1050 3444 1251 3506 Anthonium
1269 3441 1371 3504 filium
1390 3445 1403 3504 J
1409 3463 1478 3505 ursa
1496 3457 1528 3505 et
1545 3444 1715 3504 Marenum

451 3551 545 3632 Piper
570 3564 683 3612 octavo
708 3550 759 3612 die
784 3550 846 3611 hoc
870 3551 1028 3630 atestabit,
1053 3564 1087 3612 ut
1120 3551 1225 3633 ipsum
1251 3550 1449 3631 Dragozlaus
1481 3547 1632 3628 carnifex,
1668 3549 1715 3630 ju-

451 3670 546 3734 ratus,
572 3657 676 3738 ipsum
700 3657 920 3738 vituperasset.

555 3762 632 3823 Item
658 3762 780 3845 Symon
806 3761 944 3824 carnifex
969 3777 1078 3824 contra
1105 3762 1258 3825 Mathiam
1290 3777 1443 3824 sartorem
1468 3764 1572 3844 primo
1597 3763 1714 3824 citatus

451 3889 516 3929 non
541 3871 730 3950 comparuit.

558 3976 636 4038 Item
660 3996 754 4038 causa
779 3976 927 4058 Gregorii
952 3989 982 4038 et
1007 3976 1131 4038 Nicolai
1157 3976 1274 4058 Angeli
1304 3990 1412 4038 contra
1438 3977 1592 4038 iacobum
1619 3977 1711 4039 Bole.

561 4081 638 4143 item
663 4103 757 4144 causa
783 4084 892 4144 iacobi
910 4083 989 4144 Bole
1014 4096 1123 4144 contra
1142 4083 1352 4144 Benedictum
1380 4079 1562 4143 carnificem
1593 4080 1714 4143 Pulech

452 4209 508 4273 per
532 4187 725 4270 Gregorium
750 4204 780 4250 et
811 4189 981 4251 Nicolaum
1015 4189 1130 4268 Angeli
1163 4189 1203 4249 ad
1235 4201 1383 4250 octavum
1417 4188 1502 4249 diem
1527 4187 1567 4248 ad
1600 4205 1713 4268 pacem

454 4309 500 4358 est
523 4309 658 4376 recepta.

557 4400 635 4461 Item
668 4400 785 4462 Paulus
808 4415 909 4462 sartor
940 4415 1049 4463 contra
1075 4399 1259 4484 Gyaninum
1286 4400 1354 4462 Bon
1380 4401 1485 4482 primo
1511 4401 1623 4462 citatus
1649 4420 1713 4462 non

454 4507 643 4588 comparuit.

561 4613 637 4674 ltem
674 4612 791 4675 Paulus
822 4628 922 4676 sartor
958 4627 1066 4676 contra
1098 4613 1264 4675 dominam
1296 4612 1425 4675 Claram
1460 4614 1566 4696 primo
1602 4613 1715 4675 citatus

455 4740 520 4782 non
545 4721 734 4802 comparuit.

565 4827 641 4888 ltem
668 4827 819 4889 Nicolaus
842 4826 927 4889 filius
956 4829 1065 4889 Macen
1097 4847 1152 4908 per
1183 4827 1330 4888 dominas
1354 4841 1535 4891 consortem
1570 4827 1715 4888 Matheua

459 4937 618 5017 hlebopek
644 4947 674 4996 et
707 4934 876 5016 conjugem
911 4934 1016 4996 Mathe
1049 4949 1162 4995 octavo
1191 4933 1241 4994 die
1265 4933 1326 4994 hoc
1357 4933 1527 5012 attestabit,
1552 4948 1586 4994 nt
1611 4933 1713 5014 ipsum

458 5043 636 5124 Gregorius
660 5041 744 5104 filius
769 5042 923 5104 iohannis
946 5041 1148 5123 vituperavit,
1165 5039 1292 5103 truserit
1316 5054 1347 5102 et
1367 5039 1543 5102 interficere
1567 5039 1713 5102 voluerit.
