3876 5798
681 546 768 604 Anno
789 559 882 622 1443.
906 578 949 590 -
973 561 1020 606 11.
1036 547 1186 622 januarii.
1504 565 1565 626 379

302 647 476 656 ———-..-

405 753 484 816 Item
510 755 647 816 Jacobus
671 755 762 816 aliter
786 755 917 818 Jsxinus
940 769 1072 818 vocatus
1107 753 1191 815 filius
1220 754 1304 816 Petri
1330 755 1462 836 Sepher,
1487 755 1564 836 quis

299 857 331 920 in
356 856 527 921 manifesto
552 856 638 922 furtu
663 874 694 921 et
717 858 894 922 homicidio
920 872 1085 942 reppertus
1109 873 1155 920 est
1180 878 1197 921 s
1222 873 1319 938 certo,
1344 873 1374 920 et
1398 859 1473 941 quin
1498 859 1565 942 ipse

304 963 345 1025 ad
368 955 486 1026 trinam
510 961 669 1027 forensem
695 977 725 1026 et
741 964 904 1047 publicem
922 963 1215 1048 proclamacionem
1239 983 1295 1045 per
1311 983 1370 1026 nos
1394 963 1565 1048 superinde

300 1068 460 1150 legittime
485 1066 600 1132 iectsm
619 1084 650 1132 et
666 1070 698 1131 in
723 1070 862 1152 presenti
880 1071 1012 1132 keterno
1029 1083 1139 1131 nostro
1155 1069 1321 1131 communi
1345 1069 1565 1151 consignatam

299 1173 422 1256 justicie
448 1193 559 1257 perere
584 1188 616 1238 et
639 1175 810 1258 superinde
843 1194 950 1238 coram
976 1176 1069 1237 nobis
1100 1175 1262 1238 racionem
1295 1174 1429 1237 reddere
1454 1188 1485 1238 et
1517 1195 1564 1238 re·

299 1280 459 1363 spondere
483 1281 598 1361 noluit,
622 1281 678 1343 sed
702 1302 734 1343 se
759 1301 925 1364 sempera
951 1280 1033 1344 facie
1053 1281 1130 1361 juris
1154 1293 1185 1343 et
1208 1280 1331 1362 justicie
1357 1281 1484 1363 penitus
1508 1282 1563 1344 eb·

300 1387 436 1450 sentevit
470 1388 502 1449 in
533 1387 662 1469 signum
691 1403 722 1450 et
753 1386 908 1450 indicium
940 1408 996 1450 sue
1028 1385 1195 1449 manifeste
1227 1387 1465 1470 culpabilitetis,
1490 1387 1565 1450 ideo

300 1493 478 1575 judicantes
510 1494 748 1592 commisimus
740 1501 793 1574 et
812 1493 1039 1584 decrevimus
1062 1493 1116 1556 teli
1140 1492 1267 1590 modo,
1282 1507 1334 1555 ut
1365 1493 1561 1574 ubicumque

301 1599 368 1681 ipse
393 1597 564 1661 Jacobus
555 1613 686 1680 juratus,
711 1598 947 1678 malefactor,
940 1620 972 1662 ιιι
997 1571 1079 1662 dicta
1104 1600 1231 1662 civitate
1256 1613 1287 1660 et
1311 1599 1379 1661 eius
1403 1599 1564 1662 territorio

302 1704 500 1788 deprehendi
524 1706 641 1788 poterit
658 1719 689 1768 et
713 1704 1051 1788 deprehensusfrrerit,
1076 1719 1241 1787 tamquam
1269 1703 1319 1766 fur
1349 1718 1380 1766 et
1403 1703 1564 1766 homicide

305 1809 499 1884 manifestus
525 1810 610 1892 juxte
642 1831 698 1875 sue
727 1812 886 1908 demerito
917 1832 1034 1904 penem
1065 1811 1225 1904 supplicii,
1250 1831 1347 1894 quem
1380 1810 1465 1892 juste
1490 1831 1565 1874 con·

300 1930 399 1978 tenta
412 1902 580 2006 privilegii
596 1907 696 1981 nostri
721 1919 904 1980 communis
928 1917 1086 2010 demernit
1115 1925 1360 2018 consequetur
1355 1923 1387 1980 et
1410 1917 1565 2010 consedni

302 2021 397 2085 debet
412 2023 502 2085 de
476 2043 593 2105 Ju;re
607 2029 656 2086 ies
686 2043 764 2087 vero
792 2037 823 2086 et
854 2025 978 2088 bon'e'
971 2025 1071 2108 ipsius
1103 2011 1236 2086 Jsxini
1232 2023 1294 2086 s'eu
1325 2024 1468 2091 iacobi*
1460 2025 1565 2106 jurati,

300 2121 524 2200 malefactoris
538 2125 709 2220 manifesti
734 2127 877 2196 mobilis
893 2137 924 2192 e't
956 2123 1158 2200 inmobilia
1150 2150 1184 2220 ιιι
1203 2125 1360 2198 cinitete
1350 2121 1538 2214 predicte
1534 2143 1566 2194 et
1665 2210 1668 2218 ,

303 2237 373 2315 eins
387 2235 555 2318 territorio
571 2235 695 2320 habite
712 2249 743 2300 et
766 2237 937 2319 existencia
962 2236 1047 2321 jueta
1064 2211 1205 2320 predicte
1227 2251 1376 2315 contente
1401 2237 1562 2320 privilegii

305 2341 405 2438 nostri
441 2343 623 2440 communis
631 2324 832 2444 prenotati
834 2362 939 2425 super
970 2343 1043 2412 iilos
1061 2363 1125 2408 seu
1147 2342 1404 2440 disposicionem
1430 2343 1566 2407 illorum

301 2426 345 2530 ed
344 2466 448 2546 quos
473 2447 546 2509 de
537 2468 611 2536 rure
630 2425 780 2510 devenire
812 2434 992 2511 debuerunt
1024 2435 1222 2512 devenerunt
1256 2463 1288 2511 et
1311 2449 1463 2513 devolute
1490 2459 1567 2548 sont

299 2533 452 2615 ordine*
443 2551 521 2634 juris
552 2570 583 2617 et
614 2555 814 2637 privilegiata
845 2553 916 2636 lege
948 2575 984 2618 ac
1014 2555 1139 2636 justicia
1170 2556 1306 2618 civitatib
1337 2555 1478 2639 predicte
1516 2576 1564 2620 re·

301 2658 458 2741 quirente.
