3796 5812
1422 610 1486 674 497

225 819 322 881 quam
338 801 452 863 eadem
469 805 578 881 Agnes
595 801 718 864 dudum
736 802 839 864 adhuc
857 802 967 863 vivens
990 803 1129 884 provido
1146 805 1215 866 viro
1234 805 1320 865 Luce
1336 805 1436 866 sutori
1460 819 1491 866 et

230 925 286 988 per
299 927 373 968 eum
390 907 505 970 Vrsule
522 927 578 969 sue
596 909 735 969 consorti
760 920 906 991 pretextu
923 921 953 969 et
977 909 1104 972 racione
1122 909 1364 972 reformsciottis
1381 924 1412 972 et
1427 923 1490 972 tec·

228 1025 298 1076 ture
322 1013 421 1095 ipsius
444 1014 552 1076 totalis
576 1014 691 1076 domus
707 1014 888 1076 tradidisset
912 1028 942 1076 et
959 1015 1166 1096 assignassem
1192 1031 1223 1079 et
1247 1017 1322 1099 quia
1348 1015 1489 1100 prelatus

229 1119 332 1181 Lucas
367 1132 455 1182 sutor
494 1119 612 1182 dictam
644 1119 778 1182 domum
811 1120 918 1202 quoad
950 1141 1079 1202 presens
1115 1135 1150 1183 ut
1180 1135 1393 1204 assumpserat
1423 1142 1490 1184 noa

226 1226 415 1308 cooperiens
438 1226 477 1287 ab
503 1225 564 1288 hoc
587 1225 696 1288 seculo
721 1226 866 1303 decessit,
890 1225 1011 1308 prefata
1036 1247 1112 1289 vero
1137 1227 1251 1290 Vrsuls
1275 1246 1405 1290 consors
1429 1247 1485 1290 sua

226 1332 366 1394 eundern
390 1331 551 1395 delectum
577 1332 770 1415 (reparavit),
794 1333 867 1394 ideo
900 1352 959 1395 nos
983 1333 1066 1396 dicte
1092 1335 1208 1396 domus
1239 1349 1358 1396 rectam
1383 1347 1414 1398 et
1438 1355 1490 1397 co·

227 1437 375 1518 equalem
401 1439 588 1522 porcionem
612 1453 647 1500 ut
675 1438 831 1521 prefertur
854 1453 1000 1520 quartam
1030 1460 1102 1504 cum
1127 1440 1299 1503 medietate
1323 1441 1443 1504 cellarii
1461 1455 1491 1504 et

226 1545 298 1606 aliis
321 1546 387 1606 suis
410 1546 616 1628 pertinenciis
640 1546 725 1608 dicto
751 1545 914 1628 Stephano
939 1566 976 1607 ex
1001 1547 1167 1628 legacione
1184 1548 1326 1629 predicte
1345 1549 1490 1630 Agnetis,

226 1651 322 1712 aliam
348 1650 465 1732 (autem
483 1665 601 1714 rectam
619 1651 661 1733 et)
679 1652 827 1733 equalem
841 1653 1047 1714 medietatem
1064 1652 1211 1714 similiter
1228 1673 1325 1715 unam
1343 1667 1488 1736 quartam

224 1776 297 1819 cum
324 1757 457 1839 (cellarii
482 1757 665 1839 medietate)
684 1758 802 1820 directa
821 1770 852 1820 et
868 1758 1016 1839 coequali
1042 1772 1073 1820 et
1096 1759 1162 1819 suis
1178 1759 1385 1840 pertinenciis
1402 1760 1487 1822 dicte

225 1863 350 1945 (Vrsule
374 1861 457 1946 lege)
482 1863 673 1926 hereditaria
697 1864 796 1946 ipsius
834 1865 919 1926 Luce
944 1863 1085 1926 defuncti
1120 1866 1332 1928 devolucione
1357 1868 1490 1929 commi·

225 1969 325 2031 simus
348 1969 417 2052 jure
433 1983 589 2054 perpetuo
606 1969 835 2053 possidendam
853 1983 883 2032 et
899 1969 1208 2052 quomodocumque
1226 1971 1364 2035 voluerit
1380 1973 1489 2056 dispo·

226 2076 376 2139 aendam.

330 2181 407 2244 Item
441 2182 516 2264 quia
549 2181 731 2264 Stephanus
762 2194 850 2244 sutor
881 2183 992 2244 vinum
1025 2184 1057 2244 in
1091 2183 1222 2246 cellario
1255 2204 1313 2246 suo
1345 2183 1489 2247 habitum

227 2287 407 2350 Lachlronis
432 2289 508 2351 dicti
533 2289 720 2352 Lolrothech
755 2290 893 2351 nescitur
917 2290 1084 2371 quomodo
1117 2292 1366 2374 consumpsisset
1391 2305 1422 2354 et
1445 2290 1490 2354 fe·

227 2395 330 2474 cisset,
355 2395 525 2478 ipsumque
551 2397 663 2458 vinum
687 2397 773 2459 dicto
805 2397 969 2459 Lachlroni
1003 2416 1067 2458 non
1096 2397 1283 2460 restituisset
1314 2411 1345 2460 et
1369 2399 1489 2480 persol-

225 2503 332 2580 visset,
347 2501 435 2582 quod
460 2523 515 2563 vas
539 2503 605 2564 vini
630 2515 664 2565 ut
688 2503 756 2585 ipse
780 2503 910 2565 Lachko
936 2503 1061 2566 dicebat
1085 2525 1117 2565 se
1141 2505 1182 2567 ad
1205 2506 1348 2567 valorem
1373 2505 1487 2588 viginti

228 2607 365 2670 duarum
391 2627 560 2691 pensarum
587 2610 790 2688 extendisset,
815 2609 888 2672 ideo
905 2609 998 2690 jurati
1024 2609 1288 2692 adjudicaverunt
1304 2613 1358 2674 tali
1377 2612 1486 2692 modu,

227 2727 262 2775 ut
285 2713 352 2796 ipse
378 2715 508 2776 Lachlro
525 2715 614 2778 solus
631 2716 662 2776 in
687 2736 743 2778 sua
767 2736 902 2797 persona
921 2735 1015 2798 super
1032 2717 1130 2780 altare
1147 2718 1179 2779 in
1197 2737 1236 2780 eo
1260 2719 1363 2799 jurare
1381 2719 1486 2799 debet,

230 2832 264 2881 ut
288 2820 394 2902 ipsum
418 2821 530 2882 vinum
555 2821 658 2882 dictus
684 2821 864 2904 Stephanus
896 2823 935 2884 ab
969 2823 1038 2905 ipso
1064 2823 1235 2886 Lachlrone
1260 2824 1491 2907 deperdidisset

229 2938 260 2986 et
284 2939 319 2987 ut
343 2927 517 3008 predicitur
542 2927 654 3008 viginti
679 2927 758 2988 duas
791 2948 904 3010 pensas
928 2929 1096 3006 valuisset;
1128 2929 1167 2990 de
1192 2949 1257 3012 quo
1282 2929 1413 3012 quidem
1438 2930 1484 3013 ju·

227 3031 313 3093 dicio
338 3033 406 3114 ipse
431 3032 612 3115 Stephanus
644 3053 710 3095 non
744 3048 921 3112 contentus,
954 3035 1056 3117 ipsam
1081 3056 1208 3098 causam
1241 3056 1299 3120 pro
1330 3037 1487 3100 delibera-

225 3138 317 3200 cione
342 3139 486 3202 eiusdem
511 3139 551 3200 ad
575 3140 725 3221 antiquos
749 3140 869 3222 judices
893 3142 1076 3223 appellavit.

253 3373 348 3448 Feria
376 3380 484 3449 tercia
514 3380 671 3466 proxima
700 3387 777 3467 post
804 3379 928 3450 festum
961 3379 1051 3451 beati
1080 3377 1238 3452 Anthonii
1268 3381 1402 3454 abbatis
1430 3389 1463 3454 et

750 3503 961 3576 confessoris.

337 3671 414 3732 ltem
440 3691 533 3732 causa
559 3672 640 3734 inter
673 3671 870 3755 Stephanum
902 3687 1044 3736 sutorem
1070 3689 1101 3736 et
1126 3675 1311 3738 Ladislaum
1344 3675 1491 3740 similiter

226 3791 367 3838 sutorem
392 3797 449 3859 per
473 3778 592 3860 probos
616 3791 646 3838 et
670 3779 815 3861 ydoneos
840 3779 924 3841 viros
951 3781 1099 3842 concives
1132 3796 1257 3843 nostros
1282 3782 1321 3843 ad
1346 3783 1487 3864 primum

225 3881 380 3962 judicium
406 3883 445 3944 ad
470 3902 582 3966 pacem
608 3897 654 3945 est
678 3899 813 3968 recepta.

332 3989 409 4050 ltem
435 3990 510 4071 quia
535 3991 667 4052 domina
692 3990 869 4075 Elyzabeth
903 3991 986 4052 dicta
1011 3991 1214 4054 Konechicza
1246 4009 1302 4075 per
1327 3991 1490 4056 Thomam

226 4108 367 4156 sutorem
393 4095 589 4177 inquilinum
627 4111 770 4158 nostrum
804 4096 864 4159 luit
894 4097 1058 4159 verberata
1084 4117 1185 4179 usque
1217 4099 1382 4180 sauguinis
1413 4098 1490 4161 effu·

227 4200 351 4262 sionem
377 4215 407 4262 et
432 4201 535 4282 ipsum
561 4203 750 4283 sanguinem
784 4223 819 4264 ac
850 4203 982 4265 vulnera
1007 4201 1106 4286 judici
1139 4203 1390 4284 demonstrabat,
1414 4204 1488 4267 ideo

226 4305 321 4387 jurati
346 4306 621 4388 adjudicaverunt,
647 4323 681 4371 ut
705 4310 772 4391 ipsa
797 4322 911 4370 octavo
936 4309 987 4371 die
1015 4330 1113 4392 penes
1136 4311 1327 4392 sanguinem
1351 4311 1491 4374 secunda

226 4433 259 4474 se
284 4413 388 4493 jurare
414 4413 539 4493 debeat,
564 4429 598 4476 ut
622 4416 688 4498 ipse
714 4416 860 4478 Thomas
875 4417 1067 4498 premissum
1089 4419 1278 4499 sanguinem
1304 4431 1335 4481 et
1357 4422 1488 4481 verbera

226 4537 322 4600 super
346 4539 417 4580 eam
442 4520 609 4584 intulisset.

332 4625 410 4686 Item
443 4627 518 4706 quia
551 4628 707 4690 Martinus
739 4642 827 4690 sutor
859 4629 964 4692 dictus
996 4631 1105 4692 Ztizlra
1130 4650 1202 4692 cum
1236 4629 1400 4711 fidedigno
1433 4651 1489 4693 no·

225 4744 363 4793 strorum
389 4733 572 4794 concivium
603 4735 789 4796 testimonio
822 4735 854 4796 id
888 4737 920 4797 in
952 4736 1073 4818 judicio
1099 4737 1332 4819 comprobavit,
1365 4751 1399 4800 ut
1422 4738 1489 4820 ipse

226 4837 266 4897 de
297 4837 469 4900 medietate
501 4840 597 4900 musti
629 4841 756 4902 vineam
791 4840 923 4923 Georgii
957 4842 1107 4903 chhich
1141 4843 1282 4920 cultavit,
1315 4843 1389 4905 ideo
1422 4843 1489 4926 ipse

228 4941 387 5023 Georgius
417 4944 623 5006 medietatem
655 4948 751 5008 musti
784 4949 858 5009 anni
893 4948 1037 5031 proxime
1070 4949 1210 5030 preteriti
1234 4949 1294 5010 sibi
1327 4950 1490 5012 extradare

226 5062 280 5110 aut
303 5050 446 5111 valorem
480 5051 577 5132 ipsius
609 5053 788 5132 persolvere
820 5067 982 5129 teneatur;
1021 5055 1087 5136 ipse
1119 5069 1225 5116 autem
1259 5054 1419 5136 Georgius
1450 5055 1490 5116 de

1384 5181 1423 5244 32
