<?xml version="1.0" encoding="UTF-8"?>
<!DOCTYPE html PUBLIC "-//W3C//DTD XHTML 1.0 Transitional//EN"
    "http://www.w3.org/TR/xhtml1/DTD/xhtml1-transitional.dtd">
<html xmlns="http://www.w3.org/1999/xhtml" xml:lang="en" lang="en">
 <head>
  <title>
</title>
<meta http-equiv="Content-Type" content="text/html;charset=utf-8" />
  <meta name='ocr-system' content='tesseract 3.04.00' />
  <meta name='ocr-capabilities' content='ocr_page ocr_carea ocr_par ocr_line ocrx_word'/>
</head>
<body>
  <div class='ocr_page' id='page_1' title='image "./monumentahistor14laszgoog_0076.png"; bbox 0 0 3852 5820; ppageno 0'>
   <div class='ocr_carea' id='block_1_1' title="bbox 378 524 1267 608">
    <p class='ocr_par' dir='ltr' id='par_1_1' title="bbox 378 524 1267 608">
     <span class='ocr_line' id='line_1_1' title="bbox 378 524 1267 608; baseline 0.004 -22"><span class='ocrx_word' id='word_1_1' title='bbox 378 525 418 586; x_wconf 82' lang='lat'>28</span> <span class='ocrx_word' id='word_1_2' title='bbox 755 529 841 586; x_wconf 75' lang='lat' dir='ltr'>Anao</span> <span class='ocrx_word' id='word_1_3' title='bbox 863 524 956 605; x_wconf 70' lang='lat'><em>1416.</em></span> <span class='ocrx_word' id='word_1_4' title='bbox 981 561 1021 574; x_wconf 89' lang='lat'>-</span> <span class='ocrx_word' id='word_1_5' title='bbox 1045 542 1097 608; x_wconf 75' lang='lat'>24.</span> <span class='ocrx_word' id='word_1_6' title='bbox 1112 528 1267 606; x_wconf 82' lang='lat' dir='ltr'>januarii.</span> 
     </span>
    </p>
   </div>
   <div class='ocr_carea' id='block_1_2' title="bbox 377 744 1642 840">
    <p class='ocr_par' dir='ltr' id='par_1_2' title="bbox 377 744 1642 840">
     <span class='ocr_line' id='line_1_2' title="bbox 377 744 1642 840; baseline 0.002 -22"><span class='ocrx_word' id='word_1_7' title='bbox 377 744 473 818; x_wconf 81' lang='lat' dir='ltr'>Feria</span> <span class='ocrx_word' id='word_1_8' title='bbox 488 760 587 818; x_wconf 83' lang='lat' dir='ltr'>sexta</span> <span class='ocrx_word' id='word_1_9' title='bbox 602 749 757 836; x_wconf 85' lang='lat' dir='ltr'>proxima</span> <span class='ocrx_word' id='word_1_10' title='bbox 776 753 854 818; x_wconf 82' lang='lat' dir='ltr'>ante</span> <span class='ocrx_word' id='word_1_11' title='bbox 872 746 996 818; x_wconf 87' lang='lat' dir='ltr'>lestnm</span> <span class='ocrx_word' id='word_1_12' title='bbox 1011 747 1246 823; x_wconf 76' lang='lat' dir='ltr'>conversionis</span> <span class='ocrx_word' id='word_1_13' title='bbox 1264 752 1355 822; x_wconf 84' lang='lat' dir='ltr'>beati</span> <span class='ocrx_word' id='word_1_14' title='bbox 1372 752 1466 822; x_wconf 83' lang='lat' dir='ltr'>Pauli</span> <span class='ocrx_word' id='word_1_15' title='bbox 1487 755 1642 840; x_wconf 79' lang='lat' dir='ltr'>apostoli.</span> 
     </span>
    </p>
   </div>
   <div class='ocr_carea' id='block_1_3' title="bbox 780 897 1237 980">
    <p class='ocr_par' dir='ltr' id='par_1_3' title="bbox 780 897 1237 980">
     <span class='ocr_line' id='line_1_3' title="bbox 780 897 1237 980; baseline 0.011 -24"><span class='ocrx_word' id='word_1_16' title='bbox 780 901 846 978; x_wconf 77' lang='lat'><em>(24.</em></span> <span class='ocrx_word' id='word_1_17' title='bbox 861 897 1013 978; x_wconf 67' lang='lat' dir='ltr'>Jonuatii,</span> <span class='ocrx_word' id='word_1_18' title='bbox 1036 919 1107 962; x_wconf 85' lang='lat' dir='ltr'>ann.</span> <span class='ocrx_word' id='word_1_19' title='bbox 1131 898 1237 980; x_wconf 74' lang='lat'><em>1416).</em></span> 
     </span>
    </p>
   </div>
   <div class='ocr_carea' id='block_1_4' title="bbox 377 1038 1642 3034">
    <p class='ocr_par' dir='ltr' id='par_1_4' title="bbox 377 1038 1642 1632">
     <span class='ocr_line' id='line_1_4' title="bbox 482 1038 1636 1124; baseline 0.003 -24"><span class='ocrx_word' id='word_1_20' title='bbox 482 1039 561 1102; x_wconf 89' lang='lat' dir='ltr'>ltem</span> <span class='ocrx_word' id='word_1_21' title='bbox 586 1038 746 1120; x_wconf 80' lang='lat' dir='ltr'>Georgius</span> <span class='ocrx_word' id='word_1_22' title='bbox 777 1052 865 1103; x_wconf 91' lang='lat' dir='ltr'>sutor</span> <span class='ocrx_word' id='word_1_23' title='bbox 889 1053 999 1103; x_wconf 91' lang='lat' dir='ltr'>contra</span> <span class='ocrx_word' id='word_1_24' title='bbox 1031 1041 1191 1104; x_wconf 90' lang='lat' dir='ltr'>Briccium</span> <span class='ocrx_word' id='word_1_25' title='bbox 1223 1041 1361 1123; x_wconf 80' lang='lat' dir='ltr'>juratum</span> <span class='ocrx_word' id='word_1_26' title='bbox 1392 1039 1533 1104; x_wconf 86' lang='lat' dir='ltr'>infacto</span> <span class='ocrx_word' id='word_1_27' title='bbox 1559 1060 1636 1124; x_wconf 87' lang='lat' dir='ltr'>qua-</span> 
     </span>
     <span class='ocr_line' id='line_1_5' title="bbox 377 1145 1640 1230; baseline 0.003 -24"><span class='ocrx_word' id='word_1_28' title='bbox 377 1145 525 1206; x_wconf 84' lang='lat' dir='ltr'><strong>rumdam</strong></span> <span class='ocrx_word' id='word_1_29' title='bbox 549 1146 701 1208; x_wconf 88' lang='lat' dir='ltr'>arborum</span> <span class='ocrx_word' id='word_1_30' title='bbox 724 1147 784 1208; x_wconf 87' lang='lat' dir='ltr'>sub</span> <span class='ocrx_word' id='word_1_31' title='bbox 807 1146 901 1208; x_wconf 88' lang='lat' dir='ltr'>vinea</span> <span class='ocrx_word' id='word_1_32' title='bbox 924 1147 1106 1229; x_wconf 87' lang='lat' dir='ltr'>peripsum</span> <span class='ocrx_word' id='word_1_33' title='bbox 1131 1145 1343 1230; x_wconf 81' lang='lat' dir='ltr'>Georgiuma</span> <span class='ocrx_word' id='word_1_34' title='bbox 1368 1146 1518 1210; x_wconf 88' lang='lat' dir='ltr'>Emerico</span> <span class='ocrx_word' id='word_1_35' title='bbox 1549 1145 1640 1210; x_wconf 87' lang='lat' dir='ltr'>labro</span> 
     </span>
     <span class='ocr_line' id='line_1_6' title="bbox 379 1249 1642 1333; baseline 0.002 -22"><span class='ocrx_word' id='word_1_36' title='bbox 379 1263 564 1333; x_wconf 87' lang='lat' dir='ltr'>comparata</span> <span class='ocrx_word' id='word_1_37' title='bbox 595 1249 682 1312; x_wconf 91' lang='lat' dir='ltr'>dicto</span> <span class='ocrx_word' id='word_1_38' title='bbox 713 1251 837 1315; x_wconf 91' lang='lat' dir='ltr'>Briccio</span> <span class='ocrx_word' id='word_1_39' title='bbox 868 1251 989 1314; x_wconf 88' lang='lat' dir='ltr'>succidi</span> <span class='ocrx_word' id='word_1_40' title='bbox 1023 1253 1277 1333; x_wconf 88' lang='lat' dir='ltr'>commissarum,</span> <span class='ocrx_word' id='word_1_41' title='bbox 1308 1266 1340 1315; x_wconf 89' lang='lat' dir='ltr'>et</span> <span class='ocrx_word' id='word_1_42' title='bbox 1369 1252 1402 1314; x_wconf 92' lang='lat' dir='ltr'>in</span> <span class='ocrx_word' id='word_1_43' title='bbox 1426 1251 1511 1314; x_wconf 88' lang='lat' dir='ltr'>facto</span> <span class='ocrx_word' id='word_1_44' title='bbox 1535 1266 1642 1314; x_wconf 90' lang='lat' dir='ltr'>utrum</span> 
     </span>
     <span class='ocr_line' id='line_1_7' title="bbox 378 1357 1640 1441; baseline 0.002 -23"><span class='ocrx_word' id='word_1_45' title='bbox 378 1375 453 1418; x_wconf 92' lang='lat' dir='ltr'>cum</span> <span class='ocrx_word' id='word_1_46' title='bbox 485 1357 562 1439; x_wconf 88' lang='lat' dir='ltr'>ipsis</span> <span class='ocrx_word' id='word_1_47' title='bbox 593 1358 761 1420; x_wconf 83' lang='lat' dir='ltr'>arboribus</span> <span class='ocrx_word' id='word_1_48' title='bbox 792 1358 878 1420; x_wconf 90' lang='lat' dir='ltr'>dicto</span> <span class='ocrx_word' id='word_1_49' title='bbox 910 1357 1053 1440; x_wconf 82' lang='lat' dir='ltr'>Georgio</span> <span class='ocrx_word' id='word_1_50' title='bbox 1084 1357 1241 1441; x_wconf 79' lang='lat' dir='ltr'>prefatam</span> <span class='ocrx_word' id='word_1_51' title='bbox 1272 1357 1397 1421; x_wconf 87' lang='lat' dir='ltr'>vineam</span> <span class='ocrx_word' id='word_1_52' title='bbox 1432 1357 1640 1437; x_wconf 89' lang='lat' dir='ltr'>vendidisset,</span> 
     </span>
     <span class='ocr_line' id='line_1_8' title="bbox 377 1461 1639 1548; baseline 0.002 -24"><span class='ocrx_word' id='word_1_53' title='bbox 377 1461 598 1525; x_wconf 87' lang='lat' dir='ltr'>testimonium</span> <span class='ocrx_word' id='word_1_54' title='bbox 621 1463 799 1546; x_wconf 87' lang='lat' dir='ltr'>producere</span> <span class='ocrx_word' id='word_1_55' title='bbox 827 1463 940 1544; x_wconf 85' lang='lat' dir='ltr'>debet,</span> <span class='ocrx_word' id='word_1_56' title='bbox 980 1463 1130 1526; x_wconf 87' lang='lat' dir='ltr'>videlicet</span> <span class='ocrx_word' id='word_1_57' title='bbox 1162 1463 1362 1547; x_wconf 88' lang='lat' dir='ltr'>Stephanum</span> <span class='ocrx_word' id='word_1_58' title='bbox 1393 1465 1639 1548; x_wconf 88' lang='lat' dir='ltr'>carpentarium,</span> 
     </span>
     <span class='ocr_line' id='line_1_9' title="bbox 380 1567 872 1632; baseline 0.004 -2"><span class='ocrx_word' id='word_1_59' title='bbox 380 1567 507 1630; x_wconf 89' lang='lat' dir='ltr'>Malech</span> <span class='ocrx_word' id='word_1_60' title='bbox 531 1580 562 1630; x_wconf 90' lang='lat' dir='ltr'>et</span> <span class='ocrx_word' id='word_1_61' title='bbox 585 1568 706 1631; x_wconf 86' lang='lat' dir='ltr'>Mathei</span> <span class='ocrx_word' id='word_1_62' title='bbox 730 1569 872 1632; x_wconf 88' lang='lat' dir='ltr'>Philech.</span> 
     </span>
    </p>

    <p class='ocr_par' dir='ltr' id='par_1_5' title="bbox 379 1674 1642 3034">
     <span class='ocr_line' id='line_1_10' title="bbox 487 1674 1642 1759; baseline 0.003 -23"><span class='ocrx_word' id='word_1_63' title='bbox 487 1675 565 1738; x_wconf 88' lang='lat' dir='ltr'>Item</span> <span class='ocrx_word' id='word_1_64' title='bbox 589 1675 780 1738; x_wconf 82' lang='lat' dir='ltr'>Valentinus</span> <span class='ocrx_word' id='word_1_65' title='bbox 802 1693 901 1758; x_wconf 81' lang='lat' dir='ltr'>gener</span> <span class='ocrx_word' id='word_1_66' title='bbox 925 1675 1009 1738; x_wconf 86' lang='lat' dir='ltr'>Petri</span> <span class='ocrx_word' id='word_1_67' title='bbox 1033 1674 1207 1738; x_wconf 80' lang='lat' dir='ltr'>sucerdotis</span> <span class='ocrx_word' id='word_1_68' title='bbox 1223 1688 1331 1739; x_wconf 88' lang='lat' dir='ltr'>noster</span> <span class='ocrx_word' id='word_1_69' title='bbox 1355 1675 1497 1738; x_wconf 83' lang='lat' dir='ltr'>concivis</span> <span class='ocrx_word' id='word_1_70' title='bbox 1521 1676 1554 1738; x_wconf 93' lang='lat' dir='ltr'>in</span> <span class='ocrx_word' id='word_1_71' title='bbox 1570 1695 1642 1759; x_wconf 91' lang='lat' dir='ltr'>per·</span> 
     </span>
     <span class='ocr_line' id='line_1_11' title="bbox 382 1780 1641 1866; baseline 0.002 -24"><span class='ocrx_word' id='word_1_72' title='bbox 382 1800 461 1842; x_wconf 91' lang='lat' dir='ltr'>sona</span> <span class='ocrx_word' id='word_1_73' title='bbox 484 1781 618 1863; x_wconf 88' lang='lat' dir='ltr'>provide</span> <span class='ocrx_word' id='word_1_74' title='bbox 635 1781 766 1844; x_wconf 86' lang='lat' dir='ltr'>domine</span> <span class='ocrx_word' id='word_1_75' title='bbox 784 1781 883 1844; x_wconf 81' lang='lat' dir='ltr'>Lucis</span> <span class='ocrx_word' id='word_1_76' title='bbox 899 1795 1010 1844; x_wconf 87' lang='lat' dir='ltr'>vocate</span> <span class='ocrx_word' id='word_1_77' title='bbox 1034 1781 1145 1844; x_wconf 87' lang='lat' dir='ltr'>relicte</span> <span class='ocrx_word' id='word_1_78' title='bbox 1161 1781 1241 1844; x_wconf 93' lang='lat' dir='ltr'>olim</span> <span class='ocrx_word' id='word_1_79' title='bbox 1258 1781 1387 1844; x_wconf 89' lang='lat' dir='ltr'>Thome</span> <span class='ocrx_word' id='word_1_80' title='bbox 1405 1780 1641 1866; x_wconf 88' lang='lat' dir='ltr'>Gerdcheuych</span> 
     </span>
     <span class='ocr_line' id='line_1_12' title="bbox 383 1886 1638 1970; baseline 0.001 -22"><span class='ocrx_word' id='word_1_81' title='bbox 383 1900 536 1969; x_wconf 81' lang='lat' dir='ltr'>tanquam</span> <span class='ocrx_word' id='word_1_82' title='bbox 561 1887 695 1966; x_wconf 89' lang='lat' dir='ltr'>actricis,</span> <span class='ocrx_word' id='word_1_83' title='bbox 720 1887 753 1949; x_wconf 90' lang='lat' dir='ltr'>in</span> <span class='ocrx_word' id='word_1_84' title='bbox 777 1886 861 1950; x_wconf 89' lang='lat' dir='ltr'>facto</span> <span class='ocrx_word' id='word_1_85' title='bbox 885 1887 1122 1950; x_wconf 78' lang='lat' dir='ltr'>vulnerationis</span> <span class='ocrx_word' id='word_1_86' title='bbox 1143 1888 1242 1970; x_wconf 91' lang='lat' dir='ltr'>ipsius</span> <span class='ocrx_word' id='word_1_87' title='bbox 1265 1888 1397 1951; x_wconf 88' lang='lat' dir='ltr'>domine</span> <span class='ocrx_word' id='word_1_88' title='bbox 1421 1901 1531 1951; x_wconf 87' lang='lat' dir='ltr'>contra</span> <span class='ocrx_word' id='word_1_89' title='bbox 1557 1889 1638 1950; x_wconf 83' lang='lat' dir='ltr'>Mer·</span> 
     </span>
     <span class='ocr_line' id='line_1_13' title="bbox 379 1992 1640 2077; baseline 0.002 -22"><span class='ocrx_word' id='word_1_90' title='bbox 379 1994 486 2056; x_wconf 90' lang='lat' dir='ltr'>tinum</span> <span class='ocrx_word' id='word_1_91' title='bbox 509 1992 706 2077; x_wconf 86' lang='lat' dir='ltr'>ireniparum</span> <span class='ocrx_word' id='word_1_92' title='bbox 739 1994 915 2077; x_wconf 88' lang='lat' dir='ltr'>producere</span> <span class='ocrx_word' id='word_1_93' title='bbox 947 1995 1078 2074; x_wconf 87' lang='lat' dir='ltr'>debens,</span> <span class='ocrx_word' id='word_1_94' title='bbox 1106 1995 1216 2057; x_wconf 85' lang='lat' dir='ltr'>statuit</span> <span class='ocrx_word' id='word_1_95' title='bbox 1247 1995 1414 2058; x_wconf 88' lang='lat' dir='ltr'>videlicet:</span> <span class='ocrx_word' id='word_1_96' title='bbox 1440 1995 1640 2057; x_wconf 87' lang='lat' dir='ltr'>Demetrium</span> 
     </span>
     <span class='ocr_line' id='line_1_14' title="bbox 380 2098 1641 2184; baseline 0.001 -23"><span class='ocrx_word' id='word_1_97' title='bbox 380 2099 520 2181; x_wconf 87' lang='lat' dir='ltr'>juratum</span> <span class='ocrx_word' id='word_1_98' title='bbox 545 2098 667 2161; x_wconf 91' lang='lat' dir='ltr'>dictum</span> <span class='ocrx_word' id='word_1_99' title='bbox 691 2101 764 2180; x_wconf 87' lang='lat' dir='ltr'>Res,</span> <span class='ocrx_word' id='word_1_100' title='bbox 789 2101 892 2162; x_wconf 85' lang='lat' dir='ltr'>Adam</span> <span class='ocrx_word' id='word_1_101' title='bbox 918 2099 1092 2183; x_wconf 88' lang='lat' dir='ltr'>pellificcm</span> <span class='ocrx_word' id='word_1_102' title='bbox 1117 2113 1148 2162; x_wconf 92' lang='lat' dir='ltr'>et</span> <span class='ocrx_word' id='word_1_103' title='bbox 1165 2099 1344 2183; x_wconf 83' lang='lat' dir='ltr'>Georgium</span> <span class='ocrx_word' id='word_1_104' title='bbox 1367 2101 1563 2184; x_wconf 86' lang='lat' dir='ltr'>sagiparum,</span> <span class='ocrx_word' id='word_1_105' title='bbox 1585 2102 1641 2183; x_wconf 92' lang='lat' dir='ltr'>qui</span> 
     </span>
     <span class='ocr_line' id='line_1_15' title="bbox 379 2207 1642 2290; baseline 0 -22"><span class='ocrx_word' id='word_1_106' title='bbox 379 2220 475 2269; x_wconf 83' lang='lat' dir='ltr'>testes</span> <span class='ocrx_word' id='word_1_107' title='bbox 499 2207 633 2290; x_wconf 88' lang='lat' dir='ltr'>predicti</span> <span class='ocrx_word' id='word_1_108' title='bbox 658 2225 697 2268; x_wconf 89' lang='lat' dir='ltr'>eo</span> <span class='ocrx_word' id='word_1_109' title='bbox 720 2207 820 2269; x_wconf 91' lang='lat' dir='ltr'>modo</span> <span class='ocrx_word' id='word_1_110' title='bbox 843 2221 1027 2286; x_wconf 78' lang='lat' dir='ltr'>attestarunt,</span> <span class='ocrx_word' id='word_1_111' title='bbox 1044 2207 1212 2290; x_wconf 88' lang='lat' dir='ltr'>quomodo</span> <span class='ocrx_word' id='word_1_112' title='bbox 1236 2208 1297 2290; x_wconf 92' lang='lat' dir='ltr'>ipsi</span> <span class='ocrx_word' id='word_1_113' title='bbox 1321 2208 1443 2271; x_wconf 90' lang='lat' dir='ltr'>dictum</span> <span class='ocrx_word' id='word_1_114' title='bbox 1468 2207 1642 2270; x_wconf 82' lang='lat' dir='ltr'>Martinum</span> 
     </span>
     <span class='ocr_line' id='line_1_16' title="bbox 379 2313 1642 2397; baseline -0.001 -22"><span class='ocrx_word' id='word_1_115' title='bbox 379 2313 578 2397; x_wconf 84' lang='lat' dir='ltr'>freniparum</span> <span class='ocrx_word' id='word_1_116' title='bbox 595 2333 667 2376; x_wconf 90' lang='lat' dir='ltr'>cum</span> <span class='ocrx_word' id='word_1_117' title='bbox 686 2314 855 2397; x_wconf 83' lang='lat' dir='ltr'>eviganato</span> <span class='ocrx_word' id='word_1_118' title='bbox 876 2314 999 2377; x_wconf 89' lang='lat' dir='ltr'>biccelo</span> <span class='ocrx_word' id='word_1_119' title='bbox 1016 2313 1055 2376; x_wconf 87' lang='lat' dir='ltr'>de</span> <span class='ocrx_word' id='word_1_120' title='bbox 1072 2313 1171 2376; x_wconf 94' lang='lat' dir='ltr'>domo</span> <span class='ocrx_word' id='word_1_121' title='bbox 1188 2314 1288 2396; x_wconf 91' lang='lat' dir='ltr'>ipsius</span> <span class='ocrx_word' id='word_1_122' title='bbox 1305 2314 1435 2376; x_wconf 91' lang='lat' dir='ltr'>domine</span> <span class='ocrx_word' id='word_1_123' title='bbox 1460 2326 1642 2391; x_wconf 81' lang='lat' dir='ltr'>exeuntem,</span> 
     </span>
     <span class='ocr_line' id='line_1_17' title="bbox 382 2420 1642 2503; baseline -0.002 -21"><span class='ocrx_word' id='word_1_124' title='bbox 382 2421 551 2503; x_wconf 86' lang='lat' dir='ltr'>ipsamque</span> <span class='ocrx_word' id='word_1_125' title='bbox 575 2420 742 2482; x_wconf 81' lang='lat' dir='ltr'>dominam</span> <span class='ocrx_word' id='word_1_126' title='bbox 759 2420 893 2482; x_wconf 86' lang='lat' dir='ltr'>Luciam</span> <span class='ocrx_word' id='word_1_127' title='bbox 917 2434 989 2503; x_wconf 87' lang='lat' dir='ltr'>post</span> <span class='ocrx_word' id='word_1_128' title='bbox 1004 2440 1077 2482; x_wconf 87' lang='lat' dir='ltr'>eum</span> <span class='ocrx_word' id='word_1_129' title='bbox 1099 2433 1279 2483; x_wconf 88' lang='lat' dir='ltr'>currentem</span> <span class='ocrx_word' id='word_1_130' title='bbox 1296 2420 1428 2482; x_wconf 88' lang='lat' dir='ltr'>adiuves</span> <span class='ocrx_word' id='word_1_131' title='bbox 1441 2420 1642 2499; x_wconf 89' lang='lat' dir='ltr'>clamantem,</span> 
     </span>
     <span class='ocr_line' id='line_1_18' title="bbox 379 2525 1642 2609; baseline -0.002 -21"><span class='ocrx_word' id='word_1_132' title='bbox 379 2527 594 2606; x_wconf 86' lang='lat' dir='ltr'>vulneratam,</span> <span class='ocrx_word' id='word_1_133' title='bbox 608 2526 830 2608; x_wconf 87' lang='lat' dir='ltr'>insequentem</span> <span class='ocrx_word' id='word_1_134' title='bbox 844 2525 982 2588; x_wconf 86' lang='lat' dir='ltr'>viderint</span> <span class='ocrx_word' id='word_1_135' title='bbox 995 2527 1171 2606; x_wconf 87' lang='lat' dir='ltr'>volantem,</span> <span class='ocrx_word' id='word_1_136' title='bbox 1184 2539 1314 2609; x_wconf 91' lang='lat' dir='ltr'>propter</span> <span class='ocrx_word' id='word_1_137' title='bbox 1331 2525 1419 2608; x_wconf 91' lang='lat' dir='ltr'>quod</span> <span class='ocrx_word' id='word_1_138' title='bbox 1432 2525 1563 2589; x_wconf 87' lang='lat' dir='ltr'>volebat</span> <span class='ocrx_word' id='word_1_139' title='bbox 1575 2525 1642 2608; x_wconf 90' lang='lat' dir='ltr'>ipse</span> 
     </span>
     <span class='ocr_line' id='line_1_19' title="bbox 381 2631 1640 2714; baseline -0.001 -20"><span class='ocrx_word' id='word_1_140' title='bbox 381 2633 549 2712; x_wconf 88' lang='lat' dir='ltr'>Martinus,</span> <span class='ocrx_word' id='word_1_141' title='bbox 573 2645 608 2694; x_wconf 91' lang='lat' dir='ltr'>ut</span> <span class='ocrx_word' id='word_1_142' title='bbox 631 2651 706 2694; x_wconf 87' lang='lat' dir='ltr'>eum</span> <span class='ocrx_word' id='word_1_143' title='bbox 723 2632 820 2694; x_wconf 85' lang='lat' dir='ltr'>citare</span> <span class='ocrx_word' id='word_1_144' title='bbox 843 2645 1015 2712; x_wconf 88' lang='lat' dir='ltr'>teneretur,</span> <span class='ocrx_word' id='word_1_145' title='bbox 1039 2632 1095 2694; x_wconf 88' lang='lat' dir='ltr'>sed</span> <span class='ocrx_word' id='word_1_146' title='bbox 1119 2633 1194 2714; x_wconf 89' lang='lat' dir='ltr'>quia</span> <span class='ocrx_word' id='word_1_147' title='bbox 1218 2633 1250 2694; x_wconf 94' lang='lat' dir='ltr'>in</span> <span class='ocrx_word' id='word_1_148' title='bbox 1268 2633 1367 2696; x_wconf 89' lang='lat' dir='ltr'>domo</span> <span class='ocrx_word' id='word_1_149' title='bbox 1384 2632 1484 2714; x_wconf 90' lang='lat' dir='ltr'>ipsius</span> <span class='ocrx_word' id='word_1_150' title='bbox 1508 2631 1640 2694; x_wconf 90' lang='lat' dir='ltr'>domine</span> 
     </span>
     <span class='ocr_line' id='line_1_20' title="bbox 381 2735 1640 2821; baseline -0.001 -22"><span class='ocrx_word' id='word_1_151' title='bbox 381 2737 465 2800; x_wconf 85' lang='lat' dir='ltr'>dictat</span> <span class='ocrx_word' id='word_1_152' title='bbox 484 2739 616 2800; x_wconf 90' lang='lat' dir='ltr'>vulnera</span> <span class='ocrx_word' id='word_1_153' title='bbox 635 2737 837 2820; x_wconf 87' lang='lat' dir='ltr'>perpetravit,</span> <span class='ocrx_word' id='word_1_154' title='bbox 862 2735 935 2799; x_wconf 90' lang='lat' dir='ltr'>ideo</span> <span class='ocrx_word' id='word_1_155' title='bbox 952 2757 990 2799; x_wconf 83' lang='lat' dir='ltr'>ex</span> <span class='ocrx_word' id='word_1_156' title='bbox 1014 2757 1050 2800; x_wconf 91' lang='lat' dir='ltr'>ea</span> <span class='ocrx_word' id='word_1_157' title='bbox 1068 2738 1197 2800; x_wconf 87' lang='lat' dir='ltr'>racione</span> <span class='ocrx_word' id='word_1_158' title='bbox 1214 2752 1244 2799; x_wconf 92' lang='lat' dir='ltr'>et</span> <span class='ocrx_word' id='word_1_159' title='bbox 1260 2757 1298 2800; x_wconf 82' lang='lat' dir='ltr'>ex</span> <span class='ocrx_word' id='word_1_160' title='bbox 1314 2737 1539 2821; x_wconf 90' lang='lat' dir='ltr'>jurisdiccione</span> <span class='ocrx_word' id='word_1_161' title='bbox 1564 2737 1640 2798; x_wconf 88' lang='lat' dir='ltr'>civi-</span> 
     </span>
     <span class='ocr_line' id='line_1_21' title="bbox 380 2842 1642 2928; baseline -0.001 -22"><span class='ocrx_word' id='word_1_162' title='bbox 380 2844 453 2906; x_wconf 93' lang='lat' dir='ltr'>tatis</span> <span class='ocrx_word' id='word_1_163' title='bbox 477 2863 543 2906; x_wconf 92' lang='lat' dir='ltr'>non</span> <span class='ocrx_word' id='word_1_164' title='bbox 575 2857 621 2906; x_wconf 89' lang='lat' dir='ltr'>eat</span> <span class='ocrx_word' id='word_1_165' title='bbox 651 2843 789 2906; x_wconf 87' lang='lat' dir='ltr'>admissa</span> <span class='ocrx_word' id='word_1_166' title='bbox 813 2844 926 2906; x_wconf 88' lang='lat' dir='ltr'>citacio</span> <span class='ocrx_word' id='word_1_167' title='bbox 959 2842 1117 2924; x_wconf 82' lang='lat' dir='ltr'>iacienda,</span> <span class='ocrx_word' id='word_1_168' title='bbox 1155 2845 1273 2926; x_wconf 90' lang='lat' dir='ltr'>quibus</span> <span class='ocrx_word' id='word_1_169' title='bbox 1305 2844 1466 2928; x_wconf 85' lang='lat' dir='ltr'>premissis</span> <span class='ocrx_word' id='word_1_170' title='bbox 1497 2844 1642 2927; x_wconf 87' lang='lat' dir='ltr'>peractis,</span> 
     </span>
     <span class='ocr_line' id='line_1_22' title="bbox 381 2949 1499 3034; baseline 0 -22"><span class='ocrx_word' id='word_1_171' title='bbox 381 2951 466 3013; x_wconf 84' lang='lat' dir='ltr'>dicte</span> <span class='ocrx_word' id='word_1_172' title='bbox 490 2971 583 3012; x_wconf 87' lang='lat' dir='ltr'>causa</span> <span class='ocrx_word' id='word_1_173' title='bbox 600 2951 682 3012; x_wconf 87' lang='lat' dir='ltr'>inter</span> <span class='ocrx_word' id='word_1_174' title='bbox 706 2963 812 3034; x_wconf 86' lang='lat' dir='ltr'>partes</span> <span class='ocrx_word' id='word_1_175' title='bbox 835 2950 885 3012; x_wconf 89' lang='lat' dir='ltr'>ad·</span> <span class='ocrx_word' id='word_1_176' title='bbox 899 2950 1040 3033; x_wconf 90' lang='lat' dir='ltr'>primum</span> <span class='ocrx_word' id='word_1_177' title='bbox 1063 2949 1220 3032; x_wconf 88' lang='lat' dir='ltr'>judicium</span> <span class='ocrx_word' id='word_1_178' title='bbox 1244 2965 1290 3013; x_wconf 90' lang='lat' dir='ltr'>est</span> <span class='ocrx_word' id='word_1_179' title='bbox 1318 2964 1499 3034; x_wconf 79' lang='lat' dir='ltr'>prorogata.</span> 
     </span>
    </p>
   </div>
   <div class='ocr_carea' id='block_1_5' title="bbox 0 0 1939 5820">
    <p class='ocr_par' dir='ltr' id='par_1_6' title="bbox 0 0 1939 5820">
     <span class='ocr_line' id='line_1_23' title="bbox 0 0 1939 5820; baseline 0 0"><span class='ocrx_word' id='word_1_180' title='bbox 0 0 1939 5820; x_wconf 95' lang='lat' dir='ltr'> </span> 
     </span>
    </p>
   </div>
   <div class='ocr_carea' id='block_1_6' title="bbox 1923 5 1927 1044">
    <p class='ocr_par' dir='ltr' id='par_1_7' title="bbox 1923 5 1927 1044">
     <span class='ocr_line' id='line_1_24' title="bbox 1923 5 1927 1044; baseline 0 0"><span class='ocrx_word' id='word_1_181' title='bbox 1923 5 1927 1044; x_wconf 95' lang='lat' dir='ltr'> </span> 
     </span>
    </p>
   </div>
   <div class='ocr_carea' id='block_1_7' title="bbox 1923 2269 1927 2916">
    <p class='ocr_par' dir='ltr' id='par_1_8' title="bbox 1923 2269 1927 2916">
     <span class='ocr_line' id='line_1_25' title="bbox 1923 2269 1927 2916; baseline 0 0"><span class='ocrx_word' id='word_1_182' title='bbox 1923 2269 1927 2916; x_wconf 95' lang='lat' dir='ltr'> </span> 
     </span>
    </p>
   </div>
  </div>
 </body>
</html>
