3876 5798
609 528 696 584 Anno
719 537 809 603 1445.
833 559 878 570 -
900 523 952 588 26.
976 527 1145 588 novembris.
1446 545 1506 608 431

247 741 279 801 in
303 740 459 802 suburbio
486 739 622 806 civitatis
653 737 774 822 prefate
799 738 941 817 fundate,
973 739 1081 800 habita
1106 754 1136 800 et
1161 739 1307 818 existens,
1332 739 1469 820 desuper
1493 758 1510 800 a

250 847 298 907 via
323 846 488 908 communi
515 860 546 907 et
570 844 651 906 infra
684 865 784 926 usque
816 845 956 906 rivulum
988 865 1022 906 se
1051 845 1234 925 extendens,
1266 843 1379 928 prefati
1412 845 1511 907 Marci

247 953 346 1034 patris
373 952 472 1034 ipsius
496 952 580 1014 Petri
597 951 737 1033 agricole
762 951 972 1032 empcionalis
989 965 1019 1012 et
1042 951 1215 1013 literatoria
1234 952 1396 1030 extitisset,
1414 965 1511 1034 prout

247 1057 308 1119 hoc
332 1057 364 1119 in
390 1057 503 1119 eadem
527 1057 619 1120 litera
636 1071 744 1120 nostra
764 1077 819 1118 seu
838 1056 973 1118 civitatis
989 1057 1129 1138 predicte
1148 1057 1339 1138 privilegiali
1364 1071 1508 1140 tempore

247 1163 405 1245 judicatus
438 1165 498 1226 viri
531 1163 668 1225 condam
701 1163 827 1245 providi
854 1176 885 1224 et
914 1163 1039 1224 honesti
1072 1164 1198 1224 Miklini
1231 1164 1318 1247 olym
1344 1163 1457 1245 judicis
1483 1177 1514 1225 et

248 1270 389 1332 concivis
403 1270 503 1332 nostri
513 1269 571 1332 filii
586 1270 750 1348 lobannis,
764 1269 804 1330 de
820 1289 905 1330 anno
920 1270 1052 1330 Domini
1066 1269 1256 1330 millessimo
1273 1269 1513 1332 CCCLXXXX

247 1389 348 1454 sextu,
373 1377 405 1437 in
438 1375 521 1438 festo
553 1376 674 1437 scilicet
709 1377 800 1438 beate
831 1376 965 1456 Agnetis
998 1375 1131 1456 virginis
1159 1388 1189 1436 et
1220 1376 1357 1436 martiris
1382 1375 1512 1454 Christi,

248 1481 371 1550 dudum
396 1481 565 1563 preteritis,
588 1501 647 1564 pro
672 1495 759 1563 parte
784 1481 883 1563 ipsius
911 1482 1047 1543 condam
1073 1482 1171 1543 Marci
1204 1483 1302 1563 patris
1325 1483 1402 1544 dicti
1427 1483 1511 1544 Petri

250 1588 424 1672 superinde
448 1586 591 1649 confecta
616 1601 647 1649 et
671 1601 816 1650 emanata
840 1608 876 1650 ac
900 1607 1009 1648 coram
1034 1589 1127 1648 nobis
1151 1587 1182 1649 in
1208 1588 1313 1670 specie
1349 1589 1503 1672 producta

251 1707 286 1755 ut
309 1693 484 1776 prefertur,
519 1693 581 1755 fide
602 1694 762 1756 contineri
787 1694 927 1755 vidimus
950 1693 1095 1770 oculata;
1120 1707 1150 1754 et
1174 1694 1249 1776 quia
1274 1708 1339 1756 tam
1366 1693 1507 1777 prelatus

249 1799 374 1862 Marcus
398 1814 487 1882 pater
512 1800 611 1883 ipsius
636 1800 717 1861 Petri
742 1799 893 1880 agricole,
921 1820 1018 1881 quam
1052 1800 1153 1862 eciam
1178 1800 1264 1862 idern
1289 1801 1400 1863 Petrus
1425 1803 1507 1882 agri·

248 1906 318 1967 cola
342 1905 426 1967 filius
448 1927 525 1968 suus
548 1921 692 1989 tempore
718 1907 780 1968 vite
806 1925 917 1968 eorum
938 1919 1038 1987 usque
1059 1907 1098 1968 ad
1124 1907 1210 1968 diem
1235 1907 1341 1968 obitus
1367 1909 1511 1990 ipsorum

248 2012 279 2072 in
305 2011 436 2094 pacifica
460 2014 660 2095 possessione
678 2027 709 2074 et
732 2013 878 2074 dominio
903 2013 1001 2095 ipsius
1017 2013 1098 2076 silve
1121 2031 1247 2094 semper
1262 2028 1508 2096 permanserunt

250 2119 377 2179 nemine
403 2119 530 2200 penitus
554 2119 805 2198 contradicente,
828 2119 979 2200 idemque
1004 2118 1115 2180 Petrus
1139 2119 1278 2201 agricola
1303 2120 1335 2180 in
1360 2121 1512 2182 extremis

253 2225 316 2286 vite
343 2245 399 2286 sue
440 2225 626 2307 temporalis
658 2225 807 2286 laborans
839 2225 974 2286 eandem
1005 2225 1119 2286 silvam
1143 2245 1233 2286 suam
1266 2245 1338 2287 cum
1363 2227 1515 2288 omnibus

248 2330 313 2390 suis
337 2331 527 2392 utilitatibus
552 2345 582 2392 et
605 2331 810 2413 pertinenciis
833 2332 989 2395 universis
1012 2330 1143 2413 prelatis
1168 2331 1344 2414 Elyzabeth
1370 2333 1462 2394 uxori
1484 2346 1515 2394 et

259 2437 356 2497 Lucie
381 2435 459 2516 filie,
475 2437 551 2516 suis,
568 2437 736 2518 legavisset
752 2451 783 2498 et
799 2437 971 2499 dimisisset
988 2438 1054 2518 jure
1068 2437 1254 2520 perhennali
1272 2439 1514 2520 possidendam,

253 2557 347 2623 prout
370 2541 431 2604 hoc
456 2545 560 2626 ipsum
585 2543 697 2604 eadem
723 2543 900 2626 Elyzabeth
918 2544 1026 2605 relicta
1051 2557 1083 2605 et
1100 2543 1197 2606 Lucia
1223 2543 1288 2606 filia
1312 2544 1412 2626 ipsius
1429 2545 1512 2606 Petri

253 2648 393 2728 agricole
416 2669 489 2710 cum
508 2648 673 2730 fidedigno
690 2665 873 2712 nostrorum
895 2650 1077 2712 concivium
1094 2651 1280 2712 testimonio
1297 2670 1404 2712 coram
1422 2652 1515 2712 nobis

253 2753 449 2817 sufficienter
472 2757 734 2837 comprobarunt,
759 2770 790 2819 et
814 2758 889 2838 quia
910 2757 1010 2818 eciam
1036 2757 1176 2839 predicta
1202 2757 1379 2840 Elyzabeth
1404 2758 1513 2818 relicta

251 2875 282 2921 et
308 2863 406 2924 Lucia
432 2861 495 2924 filia
513 2863 612 2946 ipsius
628 2863 765 2924 condam
792 2863 876 2926 Petri
893 2863 1032 2942 agricole
1049 2883 1066 2925 a
1083 2875 1227 2946 tempore
1244 2864 1351 2925 obitus
1368 2864 1513 2926 eiusdem

253 2968 337 3030 Petri
363 2969 503 3050 agricole
528 2983 558 3032 et
575 2970 740 3052 hucusque
764 2971 910 3033 similiter
927 2971 958 3032 in
976 2969 1104 3052 pacifica
1130 2984 1161 3032 et
1178 2971 1286 3052 quieta
1311 2971 1513 3052 possessione

250 3078 395 3139 eiusdem
423 3079 501 3140 silve
527 3092 771 3160 permanserunt
803 3092 834 3140 et
865 3092 1054 3160 permanent
1087 3079 1186 3140 eciam
1212 3078 1253 3138 de
1285 3079 1435 3160 presenti,
1459 3097 1514 3140 ne-

251 3183 337 3244 mine
363 3184 491 3264 penitus
515 3184 554 3246 ad
578 3185 696 3246 trinam
722 3184 881 3248 forensem
908 3199 938 3246 et
962 3185 1123 3265 publicam
1143 3183 1433 3266 proclamacionem
1459 3204 1515 3266 per

251 3309 310 3349 nos
335 3289 507 3370 superinde
532 3289 600 3352 lieri
625 3291 828 3352 commissam
847 3291 1096 3368 contradicente,
1122 3310 1179 3351 nec
1201 3289 1310 3371 aliquo
1336 3291 1514 3352 contradic·

250 3409 318 3457 tore
343 3398 469 3478 penitus
494 3411 676 3478 apparente,
702 3396 840 3478 ideoque
866 3417 924 3457 nos
952 3397 1088 3456 eandem
1114 3397 1227 3457 silvana
1252 3415 1325 3458 cum
1351 3397 1515 3477 premissis

250 3504 372 3564 cunctis
395 3505 459 3564 suis
484 3503 675 3565 utilitatibus
699 3515 730 3564 et
762 3503 967 3584 pertinenciis
999 3503 1156 3563 universis
1188 3500 1308 3583 prefate
1334 3501 1511 3584 Elyzabeth

250 3610 359 3670 relicte
384 3623 415 3671 et
439 3609 537 3670 Lucie
560 3608 625 3670 filie
650 3609 748 3690 ipsius
773 3609 855 3670 Petri
877 3608 1017 3689 agricole
1035 3629 1070 3670 ac
1094 3629 1150 3691 per
1174 3629 1227 3670 eas
1251 3609 1392 3690 ipsarum
1418 3608 1509 3669 here·

251 3715 346 3776 dibus
369 3716 537 3776 statuimus
562 3730 593 3776 et
617 3715 838 3776 commisimus
860 3734 897 3776 ex
923 3714 1084 3796 premissis
1111 3714 1179 3796 jure
1203 3727 1359 3796 perpetuo
1383 3727 1415 3776 et
1439 3714 1515 3775 irre-

251 3822 438 3884 vocabiliter
461 3821 689 3904 possidendam
713 3835 743 3882 et
763 3820 1072 3902 quomodocumque
1090 3821 1251 3882 voluerint
1275 3820 1510 3904 disponendam

251 3927 336 4008 juxta
360 3928 585 3990 condicionem
610 3927 747 3990 civitatis
771 3941 935 4009 prenotate
961 3928 1000 3989 ab
1025 3927 1159 4009 antiquo
1184 3928 1404 4008 approbatam.

357 4035 435 4096 ltem
463 4036 539 4117 quia
569 4035 763 4097 Benedictus
794 4035 907 4096 Hwala
941 4017 997 4116 per
1028 4033 1304 4112 adjudicationem
1338 4033 1513 4114 juratorum

251 4139 466 4222 juramentum
492 4141 559 4203 sola
591 4161 648 4203 sua
675 4142 706 4204 in
740 4161 875 4224 persona
907 4155 1017 4202 contra
1041 4139 1174 4202 Gallum
1198 4139 1237 4200 de
1271 4140 1515 4222 Bosyaltowyna

252 4260 366 4309 octavo
391 4247 442 4308 die
468 4246 544 4309 ferie
567 4248 664 4310 tercie
689 4247 833 4330 proxime
857 4261 929 4308 ante
954 4245 1070 4308 festum
1096 4247 1187 4307 beate
1212 4244 1389 4328 Elyzabeth
1414 4245 1512 4305 vidue

252 4374 338 4416 nunc
369 4353 515 4436 proxime
547 4355 699 4436 preterito
731 4354 862 4436 prestari
894 4367 925 4416 et
956 4353 1075 4434 deponi
1110 4352 1329 4432 adjudicatum
1362 4364 1394 4412 et
1427 4369 1515 4412 cont-

252 4462 396 4538 missum,
421 4461 537 4522 eodem
562 4461 613 4522 die
631 4460 848 4542 deposicionis
872 4460 971 4541 ipsius
988 4458 1157 4540 juramenti
1176 4458 1290 4519 eodem
1315 4455 1414 4518 modo
1431 4457 1513 4518 sicut

252 4569 311 4629 sibi
337 4566 396 4628 fuit
419 4566 638 4649 adjudicatum
662 4567 798 4649 prestitit
826 4580 857 4628 et
880 4566 1038 4648 deposuit,
1064 4565 1137 4626 ideo
1171 4565 1277 4646 ipsum
1303 4562 1514 4626 Benedictunt

254 4674 367 4735 Hwala
391 4674 519 4734 racione
544 4673 643 4755 ipsius
673 4655 890 4756 deposicionis
923 4672 997 4734 dicti
1025 4671 1195 4749 juramenti
1227 4691 1262 4732 ac
1287 4670 1416 4732 racione
1440 4670 1516 4732 dicti

252 4779 322 4841 falsi
347 4779 460 4840 floreni
492 4793 601 4841 contra
638 4779 800 4862 prefatum
837 4778 969 4841 Gallum
1002 4778 1222 4840 commisimus
1255 4791 1286 4840 et
1317 4776 1516 4838 reddidimus

253 4886 320 4948 fore
345 4886 540 4968 expeditum.
