3852 5820
388 545 426 625 36
762 545 847 602 Anno
870 541 960 621 1416.
985 577 1029 589 -
1051 557 1101 619 23.
1130 537 1261 602 octobris.

386 757 471 836 licet,
496 769 530 818 ut
553 756 709 818 medietas
734 755 833 839 ipsius
857 753 973 817 domus
1004 754 1096 816 cessit
1129 753 1186 836 ipsi
1212 752 1319 814 Blasio
1351 751 1467 814 atalia
1491 751 1646 813 medietas

385 863 554 945 provenire
579 863 709 924 deberet
732 861 861 923 Andree
884 873 1064 942 prenotato,
1081 872 1116 921 ut
1140 859 1284 941 quelibet
1307 859 1451 941 parcium
1469 859 1509 921 de
1532 878 1644 941 eupor-

385 969 478 1030 cione
503 967 619 1030 domus
643 968 779 1030 liberam
803 966 934 1029 haberet
950 965 1143 1048 disponendi
1160 963 1364 1041 facultatem3
1389 965 1456 1048 ipse
1480 985 1555 1028 vero
1572 967 1646 1028 Bla-

384 1074 450 1136 sius
473 1073 513 1136 de
538 1073 681 1156 ipsorum
705 1071 825 1156 judicio
842 1092 907 1134 non
930 1083 1099 1134 contentus
1124 1071 1260 1134 eandem
1277 1084 1408 1133 causant
1430 1072 1470 1133 ad
1495 1073 1645 1154 antiquos

385 1181 508 1263 judices
532 1181 715 1264 appellavit.

403 1415 501 1491 laria
528 1425 626 1490 sexta
655 1420 810 1506 proxima
837 1423 913 1506 post
941 1416 1063 1487 festum
1092 1415 1247 1488 Undecim
1276 1416 1419 1487 millium
1447 1417 1626 1504 virginum.

903 1595 965 1664 (23.
988 1585 1126 1653 octobris).

493 1745 570 1808 Item
596 1745 741 1806 Thomas
764 1743 920 1826 Zolarych
953 1757 1061 1806 contra
1087 1742 1281 1806 Damianum
1314 1743 1512 1826 Hocheuych
1543 1743 1647 1825 primo

386 1851 501 1913 citatus
525 1871 590 1912 non
618 1850 808 1932 comparuit.

497 1957 575 2019 Item
604 1955 796 2018 Benedictus
820 1955 994 2038 Zobanych
1018 1968 1106 2017 sutor
1130 1967 1240 2016 contra
1263 1955 1470 2018 Valentinum
1495 1969 1647 2017 sartorem

388 2065 493 2148 primo
513 2065 606 2125 citata
631 2083 696 2124 non
721 2063 910 2144 comparuit.

498 2171 576 2232 ltem
600 2169 767 2232 Emericus
790 2181 892 2231 sartor
923 2166 1006 2230 filius
1037 2168 1135 2230 Marci
1161 2168 1390 2231 Cheroinouch
1423 2180 1530 2231 contra
1564 2170 1646 2232 Mar-

394 2277 497 2340 tinum
522 2276 625 2338 lilium
640 2275 723 2337 Petri
749 2275 878 2354 nobilis,
901 2293 995 2357 super
1012 2271 1096 2337 facto
1113 2275 1344 2336 combustionis
1368 2275 1480 2357 (h)0rei
1506 2276 1646 2337 eiusdem

390 2383 517 2460 actoris,
541 2383 572 2443 in
596 2382 701 2464 primo
726 2381 846 2462 judicio
871 2380 1087 2464 respondebit.

495 2505 573 2567 ltcm
599 2505 728 2567 Lachko
752 2503 912 2566 aurifaber
932 2503 1017 2566 filius
1040 2505 1165 2567 Nicolai
1190 2519 1299 2567 contra
1324 2503 1503 2567 lohannem
1528 2506 1646 2568 Pehem

390 2611 532 2673 secundo
557 2611 670 2673 citatus
693 2631 759 2672 non
791 2611 980 2694 comparuit.

497 2717 575 2778 ltem
600 2717 790 2778 Valentinus
807 2715 946 2778 carnifex
970 2716 1122 2800 Fratrych
1139 2731 1249 2780 contra
1273 2718 1447 2780 Martinum
1474 2717 1645 2802 Goychech

388 2823 530 2884 secundo
556 2823 668 2884 citatus
693 2842 757 2885 non
782 2823 972 2906 comparuit.

494 2929 571 2990 ltem
596 2929 748 2990 Clemens
778 2943 867 2991 sutor
898 2942 1007 2990 contra
1033 2929 1194 2994 Thomam
1226 2944 1368 2994 sutorem
1396 2933 1502 3015 primo
1534 2933 1645 2994 citatus

389 3054 454 3096 non
480 3034 668 3116 comparuit.

495 3140 574 3202 ltcm
597 3139 715 3220 jurabit
732 3139 864 3200 domina
890 3141 1062 3202 Katherina
1086 3141 1193 3203 relicta
1212 3143 1410 3224 Sigismundi
1428 3143 1520 3225 jurati
1539 3158 1647 3206 contra

390 3246 532 3307 Blasium
570 3259 600 3307 et
623 3245 793 3306 Nicolaum
831 3246 1000 3323 institores,
1032 3249 1267 3309 commissarios
1298 3249 1434 3310 condam
1469 3250 1646 3313 Sebastiani

391 3351 574 3432 apotecarii‚
599 3365 712 3413 octavo
737 3351 789 3412 die
813 3351 881 3412 sola
905 3372 999 3434 super
1031 3372 1080 3430 eo,
1102 3366 1136 3415 ut
1159 3354 1263 3415 solum
1297 3353 1395 3416 fenile
1423 3357 1543 3437 absque
1566 3370 1649 3418 terra

389 3457 501 3518 arabili
527 3457 631 3518 eidem
657 3457 845 3519 Sebastiano
869 3458 1023 3520 vendidit.

497 3563 574 3624 ltcm
598 3583 690 3624 causa
708 3564 790 3625 inter
815 3563 1020 3624 Valentinum
1039 3565 1176 3646 juratum
1198 3579 1232 3628 ut
1249 3581 1389 3628 actorem
1415 3581 1446 3631 et
1470 3567 1647 3650 Georgium

389 3668 574 3749 selliparum
600 3669 755 3730 Heruatin
781 3669 821 3730 ad
846 3683 995 3730 octavum
1020 3671 1105 3732 diem
1134 3672 1174 3732 ad
1199 3692 1310 3754 pacem
1335 3687 1381 3735 est
1406 3689 1542 3756 recepta.

496 3791 571 3852 ltem
597 3811 690 3854 causa
714 3793 824 3856 Jacobi
849 3793 890 3855 de
914 3795 1067 3856 suburbio
1093 3809 1127 3856 ut
1150 3796 1266 3856 actoris
1295 3809 1325 3858 et
1350 3797 1433 3858 Petri
1458 3799 1551 3879 jurati
1579 3819 1648 3861 mo-

389 3896 491 3974 demi,
516 3897 671 3979 Hungari,
696 3899 736 3960 ad
760 3912 910 3962 octavum
935 3901 1020 3961 diem
1045 3901 1084 3962 ad
1106 3921 1216 3984 pacem
1243 3915 1289 3963 est
1312 3917 1448 3985 recepta.

495 4003 572 4064 ltern
598 4004 742 4066 Andreas
767 4005 963 4088 Steplrouich
988 4021 1097 4068 contra
1122 4006 1298 4088 Georgium
1324 4009 1480 4072 chhech
1505 4011 1648 4073 secundo

389 4110 503 4170 citatus
528 4128 591 4170 non
618 4112 806 4191 comparuit.

496 4216 574 4277 ltem
598 4216 745 4298 Mychael
763 4218 918 4301 Kunsych
935 4232 1044 4280 contra
1061 4219 1226 4281 dominam
1246 4221 1402 4302 Agatham
1419 4223 1543 4304 glorem
1560 4244 1649 4284 suam

390 4322 421 4382 in
447 4323 552 4402 primo
583 4321 703 4403 judicio
734 4324 870 4386 literalia
903 4325 1112 4386 instrumenta
1144 4339 1175 4387 et
1205 4346 1381 4408 processus,
1414 4349 1478 4410 que
1502 4343 1532 4390 et
1567 4349 1650 4410 quos

390 4428 494 4506 habet,
516 4427 635 4490 factum
661 4429 776 4491 domus
802 4444 832 4492 et
856 4445 1011 4492 terrarum
1040 4433 1218 4513 tangencia,
1250 4433 1289 4494 ad
1317 4435 1452 4497 tercium
1477 4435 1649 4497 terminum

389 4534 484 4596 debet
508 4534 667 4597 exhibere.

495 4659 572 4721 ltem
598 4659 729 4722 domina
755 4661 852 4722 Lucia
877 4662 985 4723 relicta
1011 4662 1139 4724 Thome
1168 4661 1377 4747 Gercheuych
1403 4665 1498 4730 debet
1522 4665 1649 4730 solvere

388 4764 562 4826 Valentino
585 4764 690 4846 jurato
723 4767 880 4828 moderno
914 4787 1014 4849 usque
1046 4769 1360 4848 quintumdecimum
1396 4771 1482 4832 diem
1513 4785 1652 4853 quatuor

389 4891 511 4932 marcas
533 4891 692 4934 novorum
710 4873 927 4952 denariorum,
945 4875 1019 4955 quia
1045 4875 1112 4956 ipse
1130 4875 1320 4937 Valentinus
1337 4876 1368 4937 id
1394 4897 1465 4938 cum
1484 4876 1651 4958 fidedigno

388 4977 572 5039 testimonio
596 4979 828 5061 comprobavit.
