3740 5810
428 742 585 806 Martinus
609 743 723 827 Dwgh.

427 848 613 912 Anthoniua
636 849 778 933 pellifex.

427 954 539 1017 Petrus
561 956 687 1039 pridem
711 956 817 1039 judex.
1075 961 1280 1025 Theutonici.

427 1061 611 1124 Anthonius
633 1063 757 1146 pridem
783 1063 891 1145 judex.
992 985 1005 1206 Ι

427 1167 579 1231 Miclinus
606 1169 733 1252 pridem
756 1169 863 1252 judex.

428 1379 522 1442 Chon
546 1381 671 1464 pridem
695 1381 802 1464 judex.

428 1484 544 1570 Gyuan
569 1487 695 1570 pridem
718 1488 823 1570 judex.

426 1591 631 1656 Jacomellus.

426 1697 555 1763 Paulus.

427 1803 621 1868 Lodouicus.

373 2049 473 2113 iidem
498 2052 604 2134 judex,
627 2053 732 2134 jurati,
755 2055 929 2118 consiliarii
954 2057 1062 2118 omnia
1080 2069 1195 2120 statuta
1220 2071 1251 2121 et
1267 2059 1393 2122 decreta
1418 2061 1532 2122 tamin

267 2157 409 2238 antiquis
441 2178 537 2240 quam
572 2161 604 2221 in
635 2162 772 2243 presenti
797 2163 937 2224 keternis
968 2163 1008 2224 ad
1040 2183 1152 2225 omnes
1183 2185 1292 2227 earum
1318 2165 1477 2228 clausulas
1502 2180 1533 2229 et

268 2263 420 2325 articulos
443 2277 599 2348 perpetuo
624 2266 855 2330 confirmarunt
879 2269 1024 2332 valitura.

348 2518 444 2592 Faria
472 2531 571 2594 sexta
599 2527 753 2613 proxima
781 2533 859 2596 arte
886 2527 1011 2598 festum
1049 2528 1137 2599 beati
1167 2528 1319 2618 Gregorii
1347 2549 1441 2619 pape.

788 2681 853 2755 (10.
877 2677 1004 2753 martii).

375 2832 513 2894 Jacobus
529 2833 697 2916 Popouich
714 2847 822 2896 noster
839 2836 980 2898 concivis
1000 2851 1110 2900 contra
1127 2839 1312 2920 magistrum
1333 2837 1532 2921 Stephanum

269 2937 393 3020 pridem
417 2937 555 3021 juratum
582 2939 742 3002 Rakarich
776 2942 941 3004 convictus
965 2955 1012 3004 est
1036 2944 1068 3004 in
1100 2944 1212 3024 viginti
1238 2945 1382 3026 quinque
1408 2946 1532 3023 marcis,

269 3045 344 3125 quia
369 3043 464 3126 fregit
487 3065 604 3128 penam
629 3047 742 3127 viginti
760 3048 905 3130 quinque
929 3068 1118 3128 marcarum,
1141 3051 1219 3113 alias
1242 3071 1298 3133 per
1322 3051 1461 3132 judicem
1486 3052 1532 3114 in-

269 3151 405 3233 positam
430 3165 526 3235 prout
550 3151 644 3232 jurati
668 3152 903 3234 adjudicarunt.

376 3258 453 3320 Item
479 3257 618 3320 Malicha
642 3279 721 3320 uxor
739 3258 871 3341 Georgii
892 3261 1020 3322 racione
1053 3261 1204 3324 furticinii
1223 3264 1438 3344 quorumdam
1464 3261 1533 3324 filo-

270 3382 350 3442 rum,
373 3377 504 3446 propter
520 3364 657 3446 primam
683 3366 918 3428 correccionem
935 3366 975 3429 de
993 3367 1119 3429 civitate
1141 3368 1276 3450 turpiter
1300 3369 1442 3449 expulsa,
1473 3387 1532 3430 nec

269 3469 405 3552 amplius
429 3471 624 3538 territorium
648 3484 793 3533 nostrum
819 3471 913 3534 debet
937 3474 1062 3536 intrare.

374 3575 452 3638 Item
485 3597 578 3638 causa
611 3577 693 3639 inter
724 3579 912 3660 magistrum
945 3579 1145 3661 Stephanum
1177 3580 1301 3662 pridem
1334 3581 1472 3663 juratum
1502 3594 1533 3642 et

270 3681 424 3744 Jacobum
449 3682 617 3766 Popouich
642 3697 688 3745 est
711 3699 838 3767 recepta
863 3685 903 3746 ad
927 3705 1040 3767 pacem
1065 3686 1104 3747 ad
1133 3687 1272 3768 primum
1298 3686 1465 3768 judicium.

372 3789 451 3850 Item
475 3788 569 3871 jurati
604 3789 828 3871 adjudicarunt
860 3792 948 3873 quod
973 3792 1111 3855 Jacobus
1143 3792 1309 3874 Popouich
1334 3807 1448 3854 octavo
1480 3792 1531 3853 die

270 3909 377 3959 contra
403 3895 602 3980 Stephanum
624 3897 749 3980 pridem
767 3897 905 3978 juratum
923 3899 1019 3961 debet
1042 3911 1181 3981 prestare
1199 3899 1425 3980 juramentum,
1443 3899 1532 3980 quod

269 4003 334 4084 ipse
357 4003 445 4084 ligna
469 4002 544 4064 dicti
570 4002 723 4086 Stephani
748 4023 807 4065 nec
830 4003 918 4065 solus
939 4025 998 4067 nec
1023 4025 1079 4088 per
1102 4005 1335 4067 mercenarium
1361 4025 1456 4066 suum
1481 4003 1531 4066 fu-

270 4111 329 4171 rari
353 4109 488 4189 fecisset,
514 4123 545 4172 et
568 4109 630 4172 hoc
653 4111 752 4172 tercio
776 4131 809 4172 se

399 4345 496 4419 Faria
525 4355 623 4419 sexta
651 4351 805 4438 proxima
833 4355 910 4420 ante
938 4348 1063 4421 festum
1090 4351 1179 4420 beati
1209 4347 1389 4421 Ambrosii.

793 4516 856 4597 (31.
888 4518 1001 4592 marti).

370 4675 450 4737 Item
474 4697 568 4738 causa
593 4677 675 4739 inter
690 4677 805 4740 Friche
831 4691 862 4740 et
885 4677 1094 4740 Valentinum
1110 4677 1259 4760 juratum,
1273 4693 1399 4761 recepta
1424 4691 1471 4741 est
1490 4679 1530 4740 ad

270 4800 378 4862 pacem
405 4782 443 4843 ad
469 4784 609 4865 primum
634 4783 800 4866 judicium.

374 4887 451 4949 Item
483 4902 550 4951 tota
582 4891 798 4952 communitas
830 4891 950 4952 Jacobo
980 4889 1145 4974 Popouich
1178 4891 1264 4953 dicto
1293 4891 1367 4954 fecit
1389 4893 1529 4974 graciam

270 5014 361 5077 super
385 4995 496 5076 viginti
522 4997 666 5079 quinque
690 4998 804 5058 marcis
838 4997 1042 5059 denariorum
1068 4999 1100 5059 in
1127 4999 1243 5080 quibus
1275 4999 1440 5060 convictus
1465 5013 1531 5060 erat
