3876 5798
670 553 873 630 Anno1442.
896 585 941 596 -
962 567 1016 616 20.
1039 554 1206 615 novembris.
1503 555 1565 636 369

303 657 415 667 ...η-..-
730 658 1563 669 m*

354 767 452 842 Ferla
481 774 589 843 tercia
617 775 771 861 proxima
799 779 877 862 post
910 773 1033 845 festum
1069 773 1165 846 beate
1193 773 1373 864 Elyzabeth
1401 776 1511 847 vidue.

788 925 853 1002 (20.
877 925 1064 1006 novembris).

407 1063 486 1126 Item
511 1065 666 1136 Martinus
691 1065 862 1148 Romenyn
887 1080 977 1128 sutor
1000 1079 1109 1128 contra
1126 1067 1300 1130 Martinum
1325 1081 1466 1132 sutorem
1497 1087 1565 1132 mo·

301 1171 432 1233 noclum
466 1189 621 1253 generum
654 1169 791 1234 condam
821 1171 969 1254 Gregorii
1001 1172 1163 1234 Korusecz
1192 1173 1335 1238 secundo
1364 1173 1477 1237 citatus
1500 1194 1565 1237 oon

300 1277 493 1360 comparuit.

407 1383 485 1446 Item
511 1387 586 1466 quia
612 1384 660 1446 vir
683 1384 837 1466 providus
860 1385 1044 1448 Anthonius
1063 1383 1163 1450 labes
1191 1384 1275 1448 filius
1299 1385 1395 1450 Blasii
1422 1387 1564 1449 concivis

300 1503 408 1552 noster
431 1503 462 1551 et
488 1490 624 1573 provida
648 1489 765 1552 mulier
781 1495 890 1572 Agnes
915 1504 1037 1570 vocata,
1054 1491 1164 1554 relicta
1181 1491 1319 1554 condam
1338 1493 1465 1556 Martini
1485 1491 1565 1555 fabri

300 1595 389 1678 olym
403 1595 558 1664 ¹concivis
583 1596 694 1676 nostri,
719 1595 751 1658 id
775 1616 849 1660 cum
866 1595 1036 1660 sufficienti
1054 1609 1085 1659 et
1100 1595 1265 1678 fidedigno
1290 1612 1472 1661 nostrorum
1491 1618 1566 1661 con-

300 1701 419 1764 civium
437 1702 627 1766 testimonio
646 1703 678 1765 io
695 1702 770 1766 sede
783 1715 888 1766 nostra
907 1703 1073 1786 judiciaria
1090 1704 1174 1766 clare
1191 1705 1442 1786 comprobarunt
1458 1710 1566 1768 coram

301 1809 405 1886 nobis,
431 1821 465 1874 ut
489 1809 566 1870 dum
592 1807 732 1890 prefatus
756 1809 912 1871 Martinus
936 1809 1025 1872 faber
1049 1811 1081 1872 in
1099 1811 1248 1874 extremis
1271 1811 1334 1872 vite
1359 1831 1416 1874 sue
1440 1825 1566 1896 tempo·

301 1913 375 1977 ralis
400 1915 585 1994 laborasset,
600 1929 677 1979 runc
701 1916 768 1998 ipse
782 1917 989 1980 medietatem
1015 1917 1182 1979 cuiusdam
1199 1917 1316 1980 domus
1339 1937 1395 1980 sue
1419 1931 1450 1980 et
1474 1916 1566 1980 fundi

301 2040 338 2088 ac
362 2019 589 2087 hedificiorum
613 2021 645 2083 in
669 2022 825 2086 suburbio
842 2022 977 2086 civitatis
1002 2023 1144 2106 predicte
1161 2041 1262 2106 prope
1286 2023 1455 2086 ecclesiam
1479 2024 1564 2086 beati

298 2127 431 2194 'Martini
467 2127 609 2211 episcopi
643 2141 674 2192 et
704 2127 896 2192 confessoris
926 2130 1010 2192 inter
1041 2129 1174 2192 domum
1207 2141 1238 2190 et
1262 2127 1398 2191 fundum
1432 2128 1565 2211 Georgii

286 2213 535 2300 'Mozlawchieh
559 2247 590 2296 et
614 2235 680 2296 vias
696 2255 752 2296 seu
770 2235 891 2317 plateas
914 2255 1103 2298 communes
1119 2234 1227 2298 habite
1252 2248 1282 2298 et
1299 2235 1470 2314 existentis,
1495 2255 1562 2298 me·

301 2339 388 2402 diam
413 2341 534 2404 curiam
565 2341 654 2402 inse
686 2341 889 2421 continentis,
924 2341 1128 2404 medietatem
1160 2341 1311 2406 videlicet
1334 2361 1433 2404 unam
1464 2342 1564 2424 ipsius

301 2439 429 2526 domus,
453 2444 545 2510 fundi
570 2459 601 2510 et
625 2445 859 2527 hedificiorum,
890 2436 987 2511 unam
1013 2449 1133 2510 scilicet
1162 2447 1389 2511 tantummodo
1414 2461 1560 2530 quartam

300 2553 388 2613 curie
406 2551 437 2614 in
455 2572 487 2620 se
512 2553 741 2632 continentem,
765 2553 909 2636 predicto
926 2554 1092 2616 Anthonio
1117 2551 1208 2616 labro
1222 2567 1386 2636 tamquam
1412 2555 1562 2617 commis·

305 2658 388 2720 sario
405 2671 437 2721 et
456 2659 616 2721 executori
634 2677 692 2722 suo
709 2660 848 2724 vendere
865 2673 896 2721 et
912 2661 1019 2723 debita
1036 2659 1135 2743 ipsius
1156 2661 1336 2742 persolvere
1350 2680 1386 2724 ac
1400 2660 1564 2723 residuum

302 2782 360 2846 pro
386 2763 492 2828 anima
517 2765 661 2830 eiusdem
687 2765 814 2829 Martini
839 2765 920 2828 fabri
944 2767 1123 2849 expendere
1148 2767 1317 2848 legavisset
1339 2779 1370 2829 et
1393 2767 1563 2831 recommi-

303 2870 404 2949 sisset,
429 2869 524 2932 aliam
549 2885 656 2934 autem
681 2871 888 2934 medietatem
913 2871 1056 2935 eiusdem
1079 2873 1195 2935 domus
1219 2886 1250 2935 et
1274 2870 1365 2935 fundi
1390 2893 1427 2935 oc
1451 2872 1564 2936 hedifi-

298 2978 441 3057 ciorum,
465 2997 562 3044 uuam
596 2978 806 3042 consimiliter
837 2979 1100 3061 quartamrcurie
1126 2980 1159 3042 in
1192 2999 1225 3042 se
1256 2981 1460 3048 retinentem.
1492 2999 1565 3042 cum

305 3084 371 3148 suis
401 3083 608 3166 pertinenciis
639 3085 780 3168 predicte
810 3086 927 3166 Agneti
960 3106 1017 3168 pro
1048 3099 1124 3148 tunc
1155 3105 1210 3148 sue
1236 3086 1374 3149 consorti
1407 3086 1564 3168 legittime

302 3190 473 3272 legavisset
497 3205 653 3272 perpetuo
677 3191 917 3272 possidendam,
939 3192 1080 3274 ideoque
1101 3212 1160 3254 nos
1176 3193 1351 3274 predictam
1378 3211 1474 3254 unam
1499 3211 1564 3254 me·

303 3296 456 3360 dietatem
481 3295 580 3379 ipsius
611 3296 738 3375 domus,
768 3295 859 3359 fundi
890 3281 923 3362 et
954 3297 1189 3377 hedificiorum,
1224 3317 1322 3360 unam
1355 3298 1565 3361 consimiliter

302 3413 448 3483 quartam
474 3402 561 3464 curie
586 3403 618 3464 in
642 3423 675 3465 se
700 3404 890 3466 retinentem
921 3405 1065 3487 predicto
1093 3404 1259 3468 Anthonio
1294 3403 1384 3466 labro
1410 3405 1455 3467 uti
1478 3423 1565 3467 com·

303 3507 447 3570 missario
472 3521 503 3570 et
527 3510 687 3572 executori
705 3509 804 3592 ipsius
828 3512 1010 3574 testamenti
1027 3512 1165 3574 verbalis
1183 3509 1316 3594 predicti
1336 3510 1465 3573 Martini
1484 3510 1565 3574 fabri

304 3615 434 3698 plenam
462 3615 623 3678 vendendi
649 3629 679 3678 et
704 3617 803 3678 modo
836 3618 992 3700 premisso
1016 3617 1209 3701 disponendi
1234 3618 1439 3680 attribuimus
1463 3616 1566 3679 lacul-

301 3735 410 3799 tatem,
442 3721 538 3784 aliam
571 3735 677 3784 autem
707 3723 912 3786 medietatem
948 3721 1091 3786 eiusdem
1121 3723 1248 3803 domus,
1280 3723 1371 3785 fundi
1398 3738 1429 3785 et
1453 3722 1565 3786 hedifi-

301 3827 436 3906 ciorum,
460 3845 557 3892 unam
574 3829 785 3890 consimiliter
801 3829 957 3910 quartam
972 3830 1059 3891 curie
1083 3830 1114 3891 in
1132 3849 1165 3891 se
1190 3830 1391 3908 retinentem,
1408 3849 1481 3891 cum
1500 3830 1565 3892 suis

302 3933 508 4015 pertinenciis
530 3933 651 4015 prefate
674 3935 790 4016 Agneti
820 3935 945 3996 mulieri
971 3936 1079 3998 relicte
1104 3935 1202 4018 ipsius
1221 3935 1349 3998 Martini
1374 3934 1465 4014 labri,
1489 3955 1564 3997 con·

302 4041 363 4104 civi
388 4055 512 4120 nostre,
544 4061 580 4104 ac
603 4061 660 4125 per
691 4061 761 4104 eam
792 4042 858 4103 suis
885 4041 1056 4104 heredibus
1087 4042 1255 4104 statuimus
1287 4055 1441 4124 perpetuo
1465 4043 1564 4124 possi·

302 4146 440 4212 deodam
458 4163 488 4211 et
504 4148 811 4232 quomodocumque
829 4148 966 4209 voluerit
982 4147 1217 4230 disponendam
1237 4147 1321 4228 juxta
1339 4148 1564 4210 condicionem

300 4253 623 4338 civitatispreuotate
647 4256 686 4316 ab
711 4255 845 4335 antiquo
876 4255 1096 4336 approbatam.

409 4361 487 4424 Item
501 4363 639 4424 lacobus
655 4359 776 4442 juratus
792 4360 977 4422 filius'Petri
996 4360 1119 4443 Saphar
1135 4373 1244 4423 contra
1262 4359 1425 4443 Mathyam
1443 4359 1564 4422 dictum

303 4466 420 4550 Farlras
443 4467 547 4532 filium
572 4467 677 4550 Egidii
710 4468 850 4550 juratum
881 4481 1025 4528 nostrum
1051 4466 1243 4529 modernum
1279 4465 1423 4528 secundo
1449 4465 1563 4528 citatus

303 4592 368 4636 non
393 4575 584 4656 comparuit.

405 4679 485 4742 ltetn
503 4679 647 4764 Mathyas
671 4679 791 4761 juratus
807 4678 891 4742 filius
905 4678 1061 4741 iohannis
1077 4678 1135 4744 filii
1154 4679 1280 4740 Miklini
1306 4691 1415 4741 contra
1441 4677 1562 4739 lohan-

302 4807 376 4849 oem
397 4787 580 4869 privignum
602 4786 755 4868 Stephani
775 4785 994 4870 Oczthowych
1009 4785 1151 4848 secundo
1165 4787 1279 4848 citatus
1292 4806 1356 4848 oon
1371 4785 1564 4868 comparuit.

409 4893 486 4956 ltem
512 4893 623 4954 Petrus
653 4891 738 4954 filius
767 4891 919 4974 Stephani
951 4892 1089 4975 lapicida
1121 4892 1213 4973 jurati
1246 4907 1355 4954 contra
1380 4892 1562 4954 iohannem

304 4999 488 5081 privignum
515 4998 667 5080 Stephani
693 4998 888 5082 Ocztowych
913 4999 1017 5080 primo
1043 4999 1156 5060 citatus
1180 5017 1244 5059 non
1270 4999 1458 5080 comparuit.

1420 5106 1463 5170 24
