3734 5796
567 562 656 620 Anno
674 572 765 638 1437.
791 594 831 602 —
855 575 905 620 22.
922 561 1072 636 januarii.
1393 560 1453 640 263

190 773 246 834 tali
270 773 382 852 modo,
405 787 441 834 ut
465 773 532 855 ipsa
556 772 691 850 domina
714 773 813 833 Ztana
838 771 1004 833 terciamet
1027 784 1142 833 octavo
1168 770 1220 832 die
1245 791 1340 853 super
1368 791 1455 833 aram

191 879 296 961 jurare
320 879 417 942 debet
439 901 535 962 super
559 899 609 959 eo,
635 894 669 942 ut
693 880 759 962 ipsa
784 880 816 940 in
842 880 937 941 rebus
969 878 1102 960 predicti
1129 877 1277 960 Gregorii
1303 879 1456 940 institoris

192 987 223 1048 in
249 985 337 1048 furtu
361 987 512 1050 videlicet
528 986 668 1068 ipsarum
694 1005 759 1047 non
785 999 831 1048 est
848 985 974 1047 conscia
999 1003 1123 1066 necque
1146 984 1255 1066 aliqua
1280 1004 1316 1046 ex
1334 985 1455 1048 eisdem

190 1095 357 1174 subtraxit,
390 1113 495 1176 neque
528 1095 629 1156 eciam
661 1091 820 1154 famulum
853 1111 948 1154 suum
979 1093 1012 1154 in
1045 1091 1181 1152 vinculis
1214 1092 1317 1154 tenuit
1349 1111 1455 1174 neque

190 1201 340 1264 detinuit.

351 1417 446 1492 terta
475 1422 582 1492 tercia
609 1423 642 1491 in
670 1421 756 1492 sesto
785 1423 894 1492 sancti
923 1421 1092 1492 Vincencii
1121 1421 1287 1490 martiris.

704 1584 766 1651 (22.
783 1574 946 1651 januaris).

297 1713 376 1776 Item
400 1715 475 1795 quia
499 1713 634 1796 provida
651 1713 767 1775 mulier
791 1713 969 1796 Elyzabeth
987 1713 1079 1774 aliter
1102 1711 1223 1774 Znelka
1247 1725 1371 1789 vocata,
1390 1710 1456 1772 filia

191 1819 331 1881 condam
356 1821 533 1902 Elyzabeth
558 1821 666 1882 relicte
690 1820 827 1882 condam
853 1819 985 1900 Georgii
1003 1819 1186 1900 Pechatnylr
1211 1819 1290 1880 olim
1315 1818 1459 1880 concivis

191 1927 291 1987 nostri
316 1924 374 1986 filii
400 1927 573 2004 Dominici,
596 1945 679 1988 nunc
703 1945 834 1988 consors
865 1926 1024 2006 legittima
1049 1924 1202 2007 Stephani
1225 1924 1355 1986 sartoris
1380 1943 1457 1985 con·

192 2033 270 2094 civis
294 2033 394 2094 nostri
419 2031 478 2093 filii
503 2033 667 2108 Johannis,
685 2032 825 2093 concivis
843 2044 960 2110 nostra,
985 2032 1017 2092 id
1043 2051 1116 2092 cum
1134 2029 1303 2092 sufficienti
1330 2043 1361 2092 et
1379 2029 1457 2092 fide·

192 2138 293 2219 digno
326 2153 508 2200 nostrorum
542 2139 723 2200 concivium
757 2139 941 2200 testimonio
978 2139 1009 2199 in
1043 2137 1118 2199 sede
1150 2150 1257 2198 nostra
1291 2135 1458 2218 judiciaria

193 2245 277 2306 clare
302 2245 525 2327 comprobavit
551 2265 659 2307 coram
689 2245 792 2323 nobis,
817 2259 851 2306 ut
883 2245 960 2306 dum
992 2243 1114 2326 prefata
1140 2243 1316 2326 Elyzabeth
1342 2243 1459 2305 mulier

193 2352 225 2413 in
252 2353 402 2414 extremis
425 2353 489 2414 vite
506 2372 561 2413 sue
585 2352 772 2434 temporalis
788 2347 973 2428 laborasset,
994 2364 1070 2413 tunc
1095 2351 1161 2432 ipsa
1180 2349 1385 2411 medietatem
1402 2370 1457 2411 seu

193 2473 317 2540 partem
343 2459 536 2520 anteriorem
562 2459 728 2519 cuiusdam
746 2457 872 2535 domus,
897 2455 987 2519 fundi
1014 2470 1045 2518 et
1068 2455 1292 2518 hedificiorum
1318 2457 1349 2518 in
1375 2457 1457 2519 dicta

194 2565 322 2627 civitate
346 2565 428 2627 inter
453 2564 567 2626 domos
592 2577 623 2626 et
647 2563 764 2626 fundos
784 2584 820 2624 ac
844 2562 991 2625 hedificia
1009 2563 1186 2625 liberorum
1212 2561 1349 2624 condam
1374 2563 1458 2626 Petri

196 2671 316 2753 Sablya
340 2671 428 2753 olym
453 2671 546 2753 jurati
573 2685 603 2732 et
627 2670 768 2732 concivis
792 2670 891 2731 nostri
916 2671 955 2730 ab
979 2689 1054 2748 una,
1083 2681 1171 2751 parte
1195 2670 1235 2730 ab
1259 2669 1358 2730 alters
1381 2688 1458 2730 vero

194 2777 320 2839 domini
346 2776 486 2838 Ladislai
510 2777 677 2860 presbiteri
703 2791 734 2838 et
758 2776 913 2838 Johannis
942 2776 1096 2836 institoris
1127 2795 1183 2836 seu
1214 2776 1399 2836 mercatoris
1423 2795 1458 2837 ac

194 2883 226 2944 in
252 2895 402 2965 postergo
426 2883 507 2944 inter
532 2882 680 2960 fundum,
705 2883 839 2944 domum
864 2895 895 2942 et
912 2880 1059 2943 hedificia
1083 2881 1247 2943 Valentini
1272 2881 1379 2943 claudi
1403 2881 1457 2944 ha-

196 2988 307 3066 bitam,
333 3007 430 3050 unam
462 3002 608 3069 quartam
642 2988 728 3050 curie
760 2989 792 3049 in
820 3009 853 3048 se
885 2988 1115 3066 continentem,
1148 2987 1247 3069 ipsam
1281 2987 1459 3070 Elyzabeth

195 3095 365 3156 mulierem
390 3115 408 3156 a
432 3092 557 3177 prelato
583 3093 725 3176 Georgio
751 3094 933 3176 Pechatnyk
958 3093 1025 3175 jure
1054 3094 1214 3175 legittimo
1238 3093 1412 3155 literatorie
1429 3108 1461 3156 et

194 3200 459 3264 testamentaliter
484 3213 742 3279 concernentem,
769 3219 841 3261 cum
871 3199 936 3261 suis
966 3199 1157 3261 utilitatibus
1180 3199 1322 3280 predicte
1346 3199 1460 3282 Elyza-

195 3307 270 3370 beth
296 3305 360 3369 filie
386 3327 442 3368 sue
466 3307 636 3389 legavisset
660 3307 727 3388 jure
753 3306 939 3386 perhennali
969 3304 1207 3388 possidendam,
1238 3305 1378 3387 ideoque
1401 3325 1460 3367 nos

193 3415 373 3498 predictam
397 3414 603 3476 medietatem
627 3429 750 3496 partem
775 3413 895 3474 scilicet
915 3413 1107 3475 anteriorem
1133 3425 1167 3472 ut
1190 3411 1348 3494 prefertur
1372 3413 1457 3495 ipso·

193 3542 267 3584 rurn
290 3523 415 3602 domus,
440 3519 531 3582 fundi
549 3535 579 3583 et
596 3521 830 3598 hedificiorum,
847 3541 944 3581 unam
966 3533 1000 3582 ut
1016 3519 1190 3602 predicitur
1206 3534 1352 3602 quartam
1371 3522 1458 3583 curie

193 3629 226 3690 in
253 3648 286 3688 se
319 3628 548 3706 continentem,
581 3646 653 3688 curn
685 3629 750 3688 suis
782 3627 972 3688 utilitatibus
1003 3641 1032 3687 et
1064 3626 1270 3707 pertinenciis
1302 3627 1458 3688 universis

193 3732 317 3816 prefate
343 3733 520 3815 Elyzabeth
544 3730 670 3796 mulieri
695 3753 811 3814 seper
844 3752 914 3794 eam
939 3733 1004 3794 suis
1035 3731 1206 3794 heredibus
1229 3733 1398 3794 statuimus
1424 3746 1455 3794 et

195 3840 418 3902 commisimus
432 3859 468 3900 ex
482 3841 643 3922 premissis
660 3839 727 3920 jure
745 3854 899 3921 perpetuo
917 3853 947 3900 et
964 3838 1214 3900 irrevocabiliter
1231 3838 1457 3920 possidendam

196 3960 227 4008 et
251 3946 560 4027 quomodocumque
584 3946 723 4008 voluerit
746 3945 980 4028 disponendam
1013 3945 1098 4026 juxta
1131 3944 1355 4006 condicionem
1381 3945 1460 4005 civi-

194 4053 270 4114 tatis
293 4066 470 4134 prenotate,
494 4053 623 4114 nemine
646 4053 772 4133 penitus
796 4051 1044 4114 contradicente.

305 4157 383 4221 ltem
408 4159 482 4241 quia
514 4159 562 4220 vir
591 4159 746 4242 providus
776 4160 965 4220 Valentinus
995 4157 1080 4221 filius
1112 4158 1202 4220 Pauli
1236 4156 1275 4218 de
1304 4158 1460 4219 Vrbowcz

196 4267 300 4328 dictus
325 4265 547 4344 Merkadanth,
572 4266 712 4328 concivis
741 4280 857 4345 noster,
889 4266 921 4326 id
951 4264 1144 4326 sufficienter
1169 4277 1200 4326 et
1231 4262 1392 4344 fidedigne
1427 4267 1460 4326 in

197 4373 273 4436 sede
299 4386 405 4433 nostra
429 4372 596 4454 judiciaria
621 4371 704 4433 clare
728 4374 951 4454 comprobavit
982 4391 1087 4433 coram
1122 4371 1225 4449 nobis,
1250 4383 1284 4432 ut
1309 4371 1386 4432 dum
1413 4372 1458 4432 vir

197 4479 335 4541 condam
350 4479 501 4560 providus
515 4479 696 4561 Stephanus
721 4479 823 4541 dictus
841 4480 962 4540 Malecz
979 4479 1066 4561 olym
1085 4477 1226 4539 concivis
1250 4489 1358 4540 noster
1377 4477 1461 4539 filius

197 4586 336 4648 condam
351 4585 513 4646 Valentini
528 4585 603 4647 dicti
619 4584 800 4667 Gobynich,
815 4587 845 4646 in
863 4585 1010 4646 extremis
1027 4585 1091 4646 vite
1105 4605 1160 4646 sue
1174 4584 1361 4666 temporalis
1373 4585 1461 4645 labo-

197 4707 306 4770 rasset,
337 4705 412 4754 tunc
445 4693 512 4774 ipse
545 4692 752 4754 medietatem
784 4692 951 4752 cuiusdam
983 4691 1109 4768 domus,
1141 4689 1242 4768 fundi,
1276 4690 1462 4772 cellariique

196 4799 396 4862 subterranei
420 4813 450 4861 et
474 4798 696 4861 hedificiorum
716 4800 747 4860 in
774 4799 856 4860 dicta
882 4799 1008 4860 civitate
1035 4798 1116 4858 inter
1140 4798 1265 4875 domos,
1290 4796 1408 4858 fundos
1432 4811 1463 4858 et

197 4907 346 4970 hedificia
378 4907 511 4989 provide
543 4907 685 4968 mulieris
714 4907 815 4967 Kussa
849 4919 970 4982 vocate,
1004 4904 1111 4965 relicte
1146 4904 1282 4964 condam
1309 4903 1460 4983 Stephani

198 5017 287 5099 olym
312 5015 405 5096 jurati
431 5027 462 5076 et
486 5013 626 5075 concivis
652 5015 749 5075 nostri
775 5012 831 5074 filii
858 5011 1017 5094 Gregorii,
1040 5012 1080 5072 ab
1110 5030 1171 5072 una
1197 5023 1297 5092 parte,
1321 5024 1351 5070 et
1374 5023 1461 5091 parte
