3734 5796
574 525 663 583 Anno
686 537 778 600 1439.
802 557 845 566 —
869 538 919 600 23.
935 525 1087 599 junuarii.
1396 542 1456 604 303

194 755 269 812 una,
294 749 326 797 et
349 749 438 818 parte
463 736 502 795 ab
531 735 630 796 altera
663 736 745 796 inter
777 736 941 797 dominam
967 735 1124 817 Agatham
1158 755 1291 798 uxorem
1316 735 1459 817 magistri

194 842 315 903 Vrbani
339 841 498 903 scolastici
516 842 626 918 nostrl,
651 861 668 902 a
685 842 782 903 tercia
800 861 875 902 vero
897 855 985 923 parte
1009 843 1090 903 inter
1108 841 1217 902 Vitum
1237 841 1455 924 Ladihovvych

194 967 348 1028 generum
373 962 404 1009 et
428 948 557 1010 Claram
580 948 749 1010 mulierem
766 947 865 1009 filiam
891 946 1004 1030 prefati
1029 947 1165 1009 condam
1185 947 1309 1008 domini
1334 948 1456 1008 Nowak

196 1053 292 1133 Petri,
317 1053 511 1136 periuratos
528 1055 701 1116 modernos
718 1054 854 1116 civitatis
875 1055 1016 1136 predicte
1035 1054 1219 1136 nuperrime
1243 1052 1458 1136 adjudicatam

197 1173 227 1222 et
251 1161 435 1242 peripsum
461 1159 632 1221 dominum
657 1161 813 1222 Jacobum
837 1161 1029 1222 canonicum
1061 1180 1097 1222 ac
1120 1180 1177 1242 per
1201 1159 1378 1242 predictam
1403 1159 1460 1220 do·

197 1266 318 1326 minam
349 1265 508 1347 Agathan]
542 1266 582 1327 de
614 1266 681 1348 ipsa
713 1266 957 1347 adjudicaciorre
996 1267 1155 1328 dictorum
1187 1265 1362 1346 juratorum
1395 1285 1460 1326 non

200 1383 379 1450 contentos,
410 1371 442 1432 in
476 1372 673 1453 presenciam
708 1372 850 1454 ipsorum
884 1373 1047 1434 seniorum
1078 1371 1220 1453 judicum
1252 1391 1311 1451 pro
1335 1370 1462 1432 meliori

197 1477 342 1538 eiusdem
366 1497 459 1539 cause
485 1478 721 1540 deliberacione
746 1479 939 1561 appellatam
964 1480 1068 1542 taliter
1092 1491 1123 1541 et
1151 1499 1189 1540 eo
1213 1479 1312 1540 modo
1337 1478 1461 1540 delibe-

199 1586 348 1646 berantes
372 1584 676 1664 determinaverunt,
700 1599 735 1646 ut
758 1586 834 1667 quia
859 1585 1019 1666 Georgius
1048 1584 1142 1648 frater
1167 1585 1301 1648 carnalis
1325 1584 1460 1668 predicti

200 1691 325 1752 domini
350 1691 433 1754 Petri
458 1692 583 1753 Nowak
606 1703 637 1753 et
668 1692 821 1754 Nicolaus
852 1692 1100 1775 Polaseyewych
1125 1711 1160 1753 ac
1186 1691 1345 1772 Georgius
1377 1689 1463 1752 filius

200 1797 354 1860 Maletich
387 1798 426 1860 de
452 1797 600 1860 Klokoch
629 1799 839 1860 commissarii
872 1813 903 1860 et
927 1811 1111 1860 executores
1142 1798 1246 1860 ultimi
1278 1797 1461 1859 testamenti

199 1904 308 1986 scripti
332 1902 445 1986 prefati
478 1903 602 1966 domini
634 1905 718 1966 Petri
750 1907 874 1966 Nowalt
902 1905 934 1966 irr
966 1905 1041 1967 sede
1065 1919 1171 1966 nostra
1204 1903 1370 1979 judiciaria
1401 1903 1460 1964 sub

201 2009 382 2092 juramento
407 2010 522 2072 eodem
547 2011 646 2072 modo
671 2025 744 2072 sunt
767 2011 872 2072 testati
896 2011 977 2072 sicut
1002 2011 1051 2071 isti
1076 2009 1278 2091 infrascripti,
1295 2008 1463 2069 videlicet:

201 2116 383 2198 Stephanus
407 2117 540 2178 clericus
565 2117 604 2178 de
629 2116 840 2178 Ladihowich
865 2130 896 2178 et
913 2115 1072 2198 Georgius
1096 2115 1180 2178 filius
1204 2116 1289 2177 lwan
1315 2115 1354 2175 de
1380 2115 1464 2176 dicta

204 2221 353 2284 Klokoch
372 2242 407 2283 ac
425 2222 587 2284 lohannes
604 2222 688 2284 filius
706 2223 809 2284 Mauri
824 2243 881 2284 nec
899 2243 962 2284 non
979 2223 1098 2284 Milrula
1118 2223 1286 2283 decadem
1306 2219 1465 2299 Klokoch,

202 2328 258 2408 qui
284 2327 344 2389 fuit
367 2331 502 2390 servitor
526 2329 662 2410 predicti
688 2329 811 2390 domini
836 2331 970 2408 Novak,
994 2330 1049 2410 qui
1078 2330 1198 2390 scilicet
1221 2343 1317 2391 testes
1341 2326 1465 2389 confes·

201 2435 283 2495 sioni
302 2449 333 2496 et
348 2435 496 2496 unccioni
523 2449 662 2497 extreme
680 2435 821 2496 eiusdem
845 2435 968 2496 domini
993 2436 1074 2497 Petri
1093 2437 1216 2496 Noxvalr
1241 2431 1464 2512 interfuerunt,

206 2561 245 2602 eo
270 2541 369 2602 modo
386 2555 459 2602 sunt
482 2544 541 2603 sub
559 2541 740 2622 juramento
764 2542 879 2620 testati,
901 2543 1068 2624 quomodo
1087 2542 1151 2624 ipse
1170 2541 1321 2602 dominus
1339 2542 1462 2602 Nowak

203 2647 358 2729 presbiter
384 2648 494 2710 Petrus
515 2648 659 2726 nomine,
675 2649 806 2709 totalem
824 2649 957 2710 domurn
982 2668 1072 2709 suam
1097 2662 1254 2710 muratam
1272 2667 1345 2708 cum
1362 2646 1464 2708 fundo

203 2766 233 2815 et
256 2751 414 2815 hedificiis
438 2773 474 2816 ac
505 2755 710 2836 pertinenciis
741 2755 806 2815 suis
836 2755 992 2816 universis
1021 2755 1052 2815 in
1083 2755 1208 2815 civitate
1235 2754 1377 2836 predicta
1409 2753 1464 2814 ha·

203 2859 314 2939 bitam,
332 2879 429 2920 unam
453 2861 573 2923 curiam
599 2861 631 2921 in
649 2881 681 2922 se
699 2861 928 2939 continentem,
949 2861 1092 2942 predicto
1109 2860 1183 2922 Vito
1200 2879 1319 2940 genero
1337 2873 1367 2921 et
1385 2859 1466 2920 dicte

205 2966 300 3028 Clare
333 2966 397 3027 filie
430 2967 495 3028 suis
529 2967 664 3048 legasset
695 2967 726 3028 in
757 2968 906 3028 extremis
937 2968 1000 3028 vite
1031 2986 1086 3027 sue
1111 2966 1307 3044 laborando,
1339 2966 1371 3026 in
1397 2965 1464 3047 ipsa

204 3073 354 3134 videlicet
385 3071 586 3134 confessione
618 3087 649 3134 et
681 3073 835 3134 unccione
868 3094 924 3134 sua
956 3073 1145 3150 laborando,
1180 3086 1335 3154 perpetuo
1367 3073 1469 3154 possi·

206 3177 358 3258 dendam,
384 3178 524 3260 ideoque
548 3198 607 3239 nos
631 3179 735 3260 ipsum
760 3177 915 3260 judicium
933 3178 1109 3258 juratorum
1134 3191 1316 3240 nostrorum
1342 3177 1468 3238 moder·

208 3305 324 3346 norum
351 3284 587 3364 confirmantes,
605 3285 740 3346 eandem
758 3285 891 3346 domum
912 3299 1068 3346 muratam
1088 3284 1185 3366 ipsius
1203 3283 1327 3345 domini
1344 3285 1467 3345 Nowak

210 3392 294 3453 Petri
320 3411 393 3452 curn
418 3391 569 3452 omnibus
594 3392 658 3452 suis
690 3392 880 3454 utilitatibus
904 3405 935 3453 et
965 3391 1171 3472 pertinenciis
1202 3392 1368 3472 quibusvis
1400 3410 1470 3472 pre·

207 3497 281 3560 latis
305 3499 379 3561 Vito
396 3518 518 3579 genero
543 3512 574 3560 et
599 3498 694 3560 Clare
711 3497 776 3560 filie
800 3498 953 3580 sepedicti
979 3497 1101 3559 domini
1120 3499 1203 3558 Petri
1220 3499 1344 3558 Novak
1361 3497 1471 3559 decre·

208 3606 314 3667 vimus
338 3619 369 3667 et
402 3605 652 3668 deliberavimus
684 3618 840 3688 perpetuo
869 3603 938 3686 jure
968 3603 1194 3686 possidendam
1228 3617 1258 3666 et
1289 3604 1472 3685 quomodo-

207 3731 347 3793 cumque
382 3711 545 3774 voluerint
577 3711 811 3793 disponendam
845 3711 915 3792 lege
947 3724 978 3771 et
1016 3711 1162 3772 libertate
1195 3710 1330 3772 civitatis
1365 3723 1471 3770 nostre

206 3831 374 3901 prenotate
397 3818 589 3900 requirente.
