3852 5820
784 520 869 574 Anao
889 530 978 592 1413.
1002 549 1047 560 -
1069 529 1119 589 19.
1148 517 1228 576 maii.

480 729 558 790 Item
584 728 781 796 Laurentius
805 741 913 791 contra
939 727 1144 791 Anthonium
1168 728 1328 798 literatum
1357 727 1500 791 secundo
1525 728 1637 788 citatus

373 854 441 896 non
466 834 657 915 comparuit.

478 939 556 1000 ltern
581 938 764 1008 Demetrius
794 937 916 1019 juratus
947 951 1057 1003 contra
1090 937 1268 1020 Elyzabeth
1297 937 1402 1020 primo
1434 939 1548 1000 citatus
1571 958 1637 1000 non

374 1045 563 1126 comparuit.

478 1149 554 1210 Item
580 1149 762 1211 Demetrius
786 1148 907 1230 juratus
935 1162 1044 1212 contre
1077 1150 1234 1215 loannem
1268 1149 1462 1232 Hungarum
1494 1149 1636 1212 secundo

372 1256 486 1318 citatus
509 1274 574 1318 non
603 1255 792 1337 comparuit.

477 1360 556 1422 ltem
590 1361 707 1424 Paulus
738 1359 908 1424 Charanch
939 1375 1049 1424 contra
1081 1361 1240 1424 loannem
1275 1361 1465 1442 Hungarum
1494 1362 1636 1424 secundo

371 1467 485 1530 citatus
509 1485 573 1530 non
598 1467 787 1548 comparuit.

478 1571 555 1634 Item
582 1573 721 1634 loannes
738 1571 911 1653 Hungarua
935 1585 1044 1636 contra
1065 1573 1167 1644 Fratre
1196 1585 1310 1637 octavo
1341 1571 1392 1635 die
1420 1572 1636 1654 respondebit.

478 1677 556 1745 ltetu
582 1677 735 1743 Clemens
758 1689 847 1740 autor
863 1689 974 1742 contra
992 1677 1196 1742 Clementem
1214 1676 1339 1740 fabrum
1364 1677 1506 1740 secundo
1524 1678 1636 1740 citatus

372 1803 436 1845 non
464 1783 654 1865 comparuit.

479 1889 556 1952 ltem
582 1889 708 1950 Blasius
724 1888 893 1952 Charanch
911 1903 1020 1952 contra
1045 1890 1256 1958 benedictum
1274 1888 1417 1952 secundo
1441 1889 1554 1950 citatus
1571 1908 1635 1950 non

371 1997 563 2079 comparuit.

477 2104 554 2169 Item
572 2103 723 2184 magister
748 2102 893 2166 Thomas
909 2102 979 2164 lean
999 2117 1108 2166 contra
1126 2103 1333 2169 Valentinum
1350 2101 1493 2163 secundo
1519 2101 1635 2162 citatus

370 2229 436 2270 non
462 2210 652 2292 comparuit.

477 2315 556 2384 Item
580 2315 728 2381 Nedelko
751 2329 861 2378 contra
886 2316 1074 2398 magistrum
1099 2315 1263 2378 Thomam
1288 2313 1356 2376 lsan
1383 2313 1487 2395 primo
1523 2312 1637 2374 citatus

371 2442 437 2485 nou
464 2423 653 2505 comparuit.

478 2529 555 2590 Item
580 2529 717 2592 Basulelr
742 2541 853 2591 contra
878 2528 1081 2592 Clementem
1104 2529 1209 2611 primo
1229 2527 1343 2590 citatus
1363 2545 1428 2589 uon
1446 2526 1635 2610 comparuit.

477 2635 554 2697 ltem
580 2635 720 2698 loannes
737 2633 858 2716 juratus
874 2633 959 2696 filius
982 2634 1112 2697 Martini
1130 2649 1246 2696 octavo
1270 2634 1323 2696 die
1346 2653 1442 2715 super
1471 2652 1509 2694 eo
1526 2644 1634 2694 contra

372 2740 572 2824 Stephanum
597 2738 699 2804 filium
724 2739 901 2823 Mychaelis
925 2740 1039 2816 Ortoh,
1064 2741 1154 2822 quod
1179 2741 1245 2822 ipse
1270 2740 1411 2801 Joannes
1435 2739 1475 2800 de
1499 2737 1636 2820 propriis

369 2867 435 2910 non
460 2845 500 2908 de
525 2847 624 2928 ipsius
649 2845 802 2928 Stephani
827 2847 971 2929 pecuniis
994 2847 1145 2910 undecim
1170 2845 1310 2908 florenos
1333 2847 1402 2908 auri
1427 2845 1635 2928 exposuisset,

370 2953 586 3034 juramentum
610 2952 678 3014 sola
702 2972 758 3014 sua
783 2953 815 3013 in
839 2972 974 3034 persona
997 2965 1137 3034 prestare
1160 2953 1330 3015 tenebitur.

476 3058 555 3122 Item
572 3058 725 3123 Nicolaus
738 3057 946 3122 stacionarius
959 3058 1062 3120 dictus
1079 3058 1195 3142 Ztrych
1213 3059 1246 3120 in
1263 3056 1346 3120 lacto
1363 3058 1491 3138 triginta
1512 3068 1634 3138 septem

370 3163 567 3226 florenorum
591 3177 701 3226 contra
725 3163 933 3225 Laadkonem
959 3177 993 3224 ut
1016 3163 1128 3226 debuit
1150 3181 1244 3226 suum
1269 3163 1328 3225 rite
1352 3175 1382 3224 et
1398 3162 1555 3244 legittime
1579 3160 1632 3221 dc·

369 3269 487 3350 posuit,
513 3283 547 3332 ut
571 3269 692 3348 debuit,
716 3267 942 3350 juramentum.

474 3373 552 3438 Item
578 3375 682 3436 Lucas
706 3375 872 3436 balneator
896 3374 928 3435 in
953 3373 1037 3437 sacto
1067 3373 1235 3436 cuiusdam
1260 3374 1367 3456 chiphi
1402 3387 1513 3436 contra
1538 3373 1633 3435 Ladi-

369 3477 472 3540 alaum
506 3479 767 3551 archidiaconum
796 3500 890 3561 super
922 3481 1067 3542 ducentis
1101 3481 1336 3562 quinquaginta
1368 3480 1510 3542 denariis
1539 3499 1634 3540 suum

373 3585 523 3673 deposuit
545 3586 702 3668 legittime
730 3585 956 3667 juramentum.

473 3803 570 3877 Faria
598 3813 697 3877 sexta
726 3809 881 3895 proxima
909 3816 987 3880 ante
1015 3808 1138 3879 festum
1166 3809 1263 3879 beate
1291 3807 1389 3880 Elene
1417 3811 1539 3898 regina.

904 3958 969 4040 (19.
1000 3958 1096 4041 mari).

472 4097 551 4162 Item
577 4098 725 4180 Mathyas
741 4099 926 4160 tributarius
951 4112 1060 4162 contra
1076 4099 1278 4163 Anthonium
1302 4101 1407 4182 primo
1431 4101 1545 4162 citatus
1569 4121 1633 4163 non

367 4204 555 4286 comparuit.

474 4309 551 4372 ltem
576 4311 758 4374 Anthonius
782 4311 926 4374 literatus
950 4325 1060 4375 contra
1079 4312 1292 4374 Laurencium
1316 4326 1430 4374 octavo
1455 4313 1506 4374 die
1531 4313 1628 4376 debet

367 4414 588 4481 testimonium
607 4417 783 4498 producere
802 4417 834 4478 in
859 4415 943 4486 lacto
961 4418 1125 4481 cuiusdam
1151 4419 1228 4494 vini,
1254 4417 1403 4480 videlicet
1428 4419 1627 4501 Stephanum

367 4520 570 4585 tributarium
596 4535 626 4583 et
651 4521 854 4603 Gregorium.

474 4625 553 4687 ltem
578 4647 670 4688 causa
695 4627 856 4689 Valentini
889 4641 920 4689 et
952 4628 1093 4708 magistri
1123 4627 1251 4690 Thome
1284 4628 1324 4689 ad
1356 4649 1468 4711 pacem
1493 4631 1533 4692 ad
1558 4645 1631 4693 octo

368 4731 436 4792 dica
461 4747 507 4793 eat
530 4746 699 4814 prorogata
726 4747 756 4795 et
779 4748 914 4816 recepta.

475 4836 552 4899 ltem
578 4837 723 4900 Nedelho
748 4853 858 4901 contra
876 4839 1062 4919 magistrum
1082 4839 1244 4902 Thomam
1270 4842 1412 4904 secundo
1429 4844 1543 4906 citatus
1567 4864 1631 4906 non

366 4943 556 5023 comparuit.
