3734 5796
547 580 638 640 Arana
661 579 754 660 [436.
780 615 821 626 -
846 577 897 642 18.
921 579 1050 656 augusti.
1369 597 1432 660 257

168 789 300 872 Georgii
337 791 510 852 Ztanchich
553 793 618 854 veri
655 793 788 856 heredes
826 805 858 856 et
892 793 1076 873 superstites
1112 792 1254 854 eiusdem
1298 792 1430 875 Georgii

166 898 341 959 Ztanchich
360 899 650 961 adinveniebantur
667 920 704 960 ex
725 914 842 978 acerto,
868 899 966 960 iidem
983 900 1084 960 eciam
1102 900 1135 960 in
1159 899 1290 982 pacifica
1307 919 1431 982 posses·

166 1003 258 1064 sione
283 1003 381 1085 ipsius
404 1003 531 1083 domus,
558 1005 648 1066 fundi
674 1025 710 1066 ac
728 1005 848 1066 cellarii
874 1017 905 1066 et
925 1003 1148 1066 hedificiorum
1164 1003 1278 1086 prelati
1296 1005 1432 1088 Georgii

168 1107 384 1171 Ztanchicha
416 1123 562 1194 tempore
594 1113 701 1173 obitus
722 1112 865 1172 eiusdem
898 1109 1031 1192 Georgii
1063 1111 1245 1194 Ztanchych
1271 1125 1301 1172 et
1332 1131 1433 1192 usque

166 1234 253 1276 nunc
278 1215 371 1276 nullo
395 1217 630 1280 contradictore
654 1219 782 1300 penitus
803 1231 975 1300 apparente
1000 1237 1127 1299 semper
1150 1218 1258 1298 quiete
1282 1237 1430 1299 perman-

166 1335 287 1400 serunt,
313 1335 344 1383 et
368 1324 443 1403 quia
469 1324 569 1385 eciam
595 1323 709 1406 prelati
741 1325 932 1386 Benedictus
954 1323 1127 1386 Ztanchich
1162 1337 1192 1385 et
1217 1325 1434 1386 Elena‘soror

167 1447 223 1488 sua
249 1448 308 1510 pro
341 1431 496 1510 porcione
528 1431 662 1512 predicti
696 1432 786 1493 Pauli
819 1430 923 1494 fratris
958 1450 1069 1492 eorum
1102 1450 1184 1492 onus
1208 1445 1239 1492 et
1261 1448 1433 1512 gravamen

167 1533 311 1595 eiusdem
338 1535 428 1596 Pauli
453 1535 557 1598 fratris
581 1535 724 1618 ipsorum
750 1539 782 1599 in
806 1536 948 1620 predicta
979 1537 1077 1598 domo
1102 1551 1133 1600 et
1156 1536 1257 1598 fundo
1282 1557 1317 1598 ac
1341 1537 1433 1599 hedi·

166 1637 247 1700 ficiis
272 1641 377 1721 ipsum
402 1661 438 1701 ex
464 1642 625 1723 premissis
650 1643 707 1705 rite
733 1659 944 1705 concernente
968 1663 1064 1725 super
1087 1663 1119 1704 se
1147 1657 1261 1725 sponte
1285 1663 1429 1726 assump-

167 1761 277 1808 serunt
301 1767 409 1808 coram
434 1749 538 1826 nobis,
556 1748 694 1831 ideoque
720 1769 778 1812 nos
794 1751 970 1832 predictam
986 1763 1088 1812 totam
1109 1749 1254 1827 domum,
1281 1748 1432 1827 fundum,

168 1851 335 1914 cellarium
361 1869 392 1915 et
414 1851 562 1915 hedificia
587 1855 721 1936 predicti
747 1855 880 1938 Georgii
905 1855 1078 1917 Ztanchich
1102 1854 1231 1938 prelatis
1254 1855 1433 1918 Benedicto

168 1971 200 2020 et
224 1959 326 2021 Elene
351 1960 479 2021 mulieri
503 1981 539 2022 ac
563 1981 619 2042 per
644 1982 699 2023 eos
723 1962 866 2044 ipsorum
895 1961 1068 2024 heredibus
1098 1963 1266 2024 statuimus
1291 1975 1322 2024 et
1346 1981 1433 2024 cotn-

167 2065 319 2126 misimus
342 2086 379 2127 ex
397 2067 560 2148 premissis
575 2067 643 2148 jure
660 2083 816 2150 perpetuo
832 2068 1060 2151 possidendam
1078 2082 1109 2131 et
1125 2068 1433 2150 quomodocumque

168 2171 333 2233 voluerint
357 2173 592 2254 disponendam
616 2174 703 2255 juxta
721 2175 946 2238 condicionem
970 2175 1106 2239 civitatis
1130 2188 1296 2259 prenotate
1313 2177 1353 2237 ab
1378 2195 1433 2236 an-

168 2279 261 2360 tiquo
295 2283 516 2362 approbatam,
548 2281 677 2343 nemine
709 2282 838 2364 penitus
865 2283 904 2344 ad
936 2283 1052 2344 trinam
1086 2281 1244 2344 forensem
1270 2281 1433 2364 publicam

167 2385 463 2467 proclamacionem
487 2387 660 2469 superinde
685 2387 798 2450 factam
825 2387 1063 2450 contradicente
1091 2408 1149 2452 nec
1173 2388 1283 2470 aliquo
1308 2399 1433 2450 contra·

166 2491 290 2554 dictore
314 2493 442 2574 penitus
465 2507 649 2576 apparente.

193 2730 340 2802 Sabbata
370 2733 523 2820 proximo
552 2741 629 2822 post
661 2733 783 2806 lestum
812 2732 1067 2824 assumptionis
1105 2734 1251 2822 gloriose
1279 2751 1409 2822 semper

655 2859 799 2947 virginis
828 2857 943 2930 llarie.

690 3043 756 3126 (18.
780 3046 923 3128 augusti).

276 3220 355 3282 Item
379 3221 522 3284 seniores
546 3221 668 3304 judices
699 3241 828 3283 causam
852 3221 1008 3284 lobannis
1039 3222 1168 3285 sartoris
1192 3221 1298 3284 claudi
1323 3235 1358 3283 ut
1382 3241 1432 3282 ac·

165 3328 244 3388 toris
270 3327 353 3388 inter
376 3329 481 3410 ipsum
507 3342 538 3390 et
562 3329 643 3390 inter
666 3328 773 3390 virum
798 3329 969 3411 providum
995 3349 1030 3391 ac
1055 3329 1320 3411 circumspectum
1345 3327 1432 3390 Bric-

165 3434 251 3495 cium
278 3431 381 3494 filium
405 3434 570 3496 Benedicti
596 3434 720 3516 pridem
738 3435 890 3516 judicem,
914 3435 1146 3516 concivemque
1171 3448 1327 3513 nostrum,
1351 3447 1432 3496 tern-

165 3559 246 3622 pore
264 3539 423 3620 judicatus
438 3541 498 3602 viri
512 3541 638 3622 providi
652 3553 683 3604 et
695 3541 915 3623 circumspecti
934 3541 1066 3622 Georgii
1080 3541 1205 3624 judicis,
1222 3540 1430 3620 concitisque

166 3647 266 3708 nostri
292 3645 351 3708 filii
376 3647 550 3726 Valentini,
585 3648 624 3708 de
650 3667 735 3710 anno
759 3648 883 3709 domini
912 3647 1087 3710 millesimo
1111 3645 1432 3729 quadringentesimo

165 3753 322 3814 vicesimo
346 3767 470 3831 octavo,
496 3752 574 3816 feria
605 3767 690 3815 sexta
722 3755 866 3835 proxima
891 3767 964 3833 post
994 3769 1140 3815 octavam
1165 3753 1262 3816 Pasce
1288 3754 1431 3832 Domini,

165 3859 291 3919 dudum
318 3860 500 3941 preteretis,
535 3861 567 3921 in
592 3862 724 3922 katerno
748 3875 856 3922 nostro
889 3861 1054 3922 communi
1077 3860 1287 3944 proscriptam
1313 3861 1357 3922 sic
1382 3860 1430 3922 di-

164 3965 392 4046 judicaverunt
416 3966 639 4045 deliberantes,
666 3966 753 4048 quod
777 3968 844 4049 ipse
877 3967 1039 4028 lohannes
1070 3981 1172 4029 sartor
1203 3967 1335 4030 claudus
1358 3980 1431 4029 ante

166 4071 233 4134 litis
259 4071 439 4152 ingressum
472 4092 536 4134 non
571 4085 695 4135 tantum
727 4073 961 4155 quinquaginta
992 4093 1114 4136 marcas
1138 4073 1343 4136 denariorum
1375 4073 1431 4134 sed

163 4179 269 4239 eciam
293 4177 419 4240 nullum
446 4180 627 4260 bresagium
646 4200 705 4242 nec
722 4180 856 4262 aliquod
873 4199 1066 4262 agravamen
1089 4199 1146 4242 seu
1162 4199 1244 4242 onus
1268 4180 1431 4262 deponere

163 4285 264 4347 debet
287 4285 400 4347 ordine
424 4283 502 4368 juris
526 4301 715 4368 exposcente
752 4301 861 4349 contra
886 4288 991 4370 ipsum
1016 4287 1176 4349 Briccium
1198 4287 1351 4368 judicem,
1375 4287 1431 4348 sed

163 4394 289 4473 absque
313 4392 402 4453 omni
427 4393 567 4474 birsagio
593 4407 624 4455 et
639 4395 824 4475 gravamine
849 4415 884 4456 ac
902 4413 999 4468 onere
1023 4395 1156 4476 aliquali
1174 4395 1240 4477 ipse
1265 4395 1431 4457 lohannes

163 4512 269 4560 sartor
294 4517 421 4560 causam
445 4518 536 4560 suam
569 4519 666 4581 quarn
699 4501 849 4581 prosequi
882 4499 978 4564 habet
1002 4516 1111 4564 contra
1143 4502 1247 4584 ipsum
1272 4501 1431 4563 Briccium

163 4604 308 4686 judicem
326 4605 425 4666 libere
449 4606 601 4687 prosequi
619 4618 724 4688 potest
741 4619 771 4668 et
792 4607 883 4668 litem
901 4607 1026 4688 ingredi
1051 4627 1160 4668 secure
1185 4608 1281 4670 debet
1305 4609 1337 4669 in
1355 4607 1431 4669 sede

165 4724 275 4772 nostra
300 4709 466 4790 judiciaria
491 4711 667 4772 secundum
693 4713 839 4774 ordinem
865 4726 895 4775 et
919 4713 1076 4795 justiciam
1101 4713 1237 4775 civitatis
1259 4727 1367 4775 nostre
1391 4715 1430 4776 ab

166 4817 302 4899 antiquo
327 4819 536 4898 approbatam
562 4833 592 4880 et
616 4819 779 4880 observari
803 4819 952 4896 solitam3
985 4819 1024 4881 de
1049 4839 1112 4901 qua
1138 4819 1376 4882 deliberacione
1400 4835 1431 4882 et

167 4921 411 5004 adjudicacione
436 4925 502 5006 ipse
528 4925 621 4986 ambe
645 4939 750 5006 partes
774 4945 806 4987 se
831 4939 997 4988 contentas
1030 4925 1098 4987 fore
1122 4945 1229 4988 coram
1255 4927 1348 4988 nobis
1372 4947 1430 5009 pu-

167 5029 248 5090 blice
273 5042 484 5092 asseruerunt.

1289 5159 1325 5225 ¹7
