3740 5810
609 539 695 594 Anno
714 548 807 613 1420.
831 569 875 578 -
896 531 948 596 26.
965 534 1119 611 januarii.
1449 537 1486 597 81

334 747 411 810 Item
437 767 565 809 causam
591 747 672 810 inter
696 749 858 810 Andream
884 747 987 810 filium
1016 749 1099 810 Petri
1125 747 1246 830 Saphar
1270 763 1300 809 et
1324 748 1489 810 dominam

227 853 440 915 Katherinam
464 852 609 915 relictam
630 854 840 936 sigismundi,
864 855 1073 916 commissarii
1099 854 1174 916 dicti
1193 855 1275 916 Petri
1300 869 1489 938 receperunt

226 959 267 1020 ad
293 979 404 1041 pacem
430 979 531 1041 usque
556 959 695 1042 primum
720 960 886 1041 judicium.

334 1064 414 1126 Item
440 1065 563 1126 Fridlin
582 1065 691 1127 statuit
712 1065 848 1128 Paulum
864 1085 923 1148 pro
939 1067 1136 1145 testimoni0,
1161 1065 1249 1148 quod
1266 1065 1353 1128 idern
1370 1066 1489 1128 Paulus

228 1171 385 1233 Enderlin
418 1171 549 1232 dederat
572 1171 632 1233 sibi
662 1191 759 1234 unam
788 1173 899 1234 cistam
923 1172 964 1234 ad
985 1174 1130 1252 domum,
1155 1173 1186 1234 in
1212 1192 1275 1254 qua
1302 1186 1378 1234 tunc
1403 1172 1490 1234 idem

229 1277 355 1338 Fridlin
379 1289 533 1356 maneret,
558 1276 598 1339 ad
630 1279 865 1360 reponendum,
896 1291 927 1341 et
951 1278 1037 1341 idem
1062 1279 1186 1340 Fridlin
1218 1277 1352 1341 eandem
1378 1279 1421 1340 ibi
1447 1277 1492 1340 fe·

227 1384 321 1445 cisset
344 1403 410 1465 quo
433 1383 494 1445 sibi
519 1403 576 1466 per
599 1383 739 1446 eundem
765 1383 920 1446 Enderlin
945 1385 1152 1446 commissum
1177 1383 1247 1447 fuit.

336 1489 415 1552 Item
438 1489 629 1552 Valentinus
646 1490 808 1553 Maachich
832 1504 942 1553 contra
960 1491 1115 1553 Jacobum
1138 1491 1303 1572 Popouich
1329 1491 1360 1552 in
1386 1491 1492 1572 primo

229 1596 353 1677 judicio
376 1609 502 1658 tenetur
526 1595 702 1679 producere
725 1609 820 1658 testes
849 1597 880 1658 in
905 1617 1001 1658 causa
1026 1597 1107 1659 inter
1131 1617 1186 1658 eos
1209 1609 1307 1658 mota.

337 1701 415 1764 Item
452 1721 545 1764 causa
577 1702 658 1764 inter
681 1701 882 1764 Anthonium
915 1702 1040 1785 pridem
1072 1701 1211 1784 judicem
1247 1714 1278 1762 et
1314 1699 1492 1783 Georgium

231 1805 372 1868 Puchich
395 1827 432 1869 ac
456 1827 588 1870 uxorem
612 1821 643 1870 et
660 1807 741 1870 filias
761 1829 834 1870 suas
851 1821 1023 1890 prorogata
1040 1822 1086 1868 est
1110 1807 1150 1868 ad
1168 1807 1306 1890 primum
1324 1806 1491 1888 judicium.

338 1913 417 1976 Item
443 1933 537 1976 causa
561 1914 642 1976 inter
659 1915 839 1976 Johannem
865 1914 977 1976 Plusar
993 1929 1101 1976 contra
1120 1913 1298 1994 Georgium
1323 1927 1492 1994 prorogata

229 2033 277 2082 est
301 2021 342 2081 ad
366 2021 507 2102 primurn
535 2019 702 2102 judicium.
