3734 5796
343 555 407 616 350
725 541 812 598 Anno
834 555 925 619 1441.
949 575 993 584 -
1010 556 1065 618 31.
1089 541 1219 604 octobris.

451 767 528 828 Item
564 768 657 850 jurati
690 769 956 852 adjudicaverunt
986 791 1115 833 causam
1148 772 1264 834 domus
1291 786 1322 834 et
1351 771 1443 835 fundi
1468 773 1611 834 condam

343 871 516 955 Ozmouog
541 875 624 937 inter
656 871 837 938 Johannem
868 897 1083 940 successorem
1113 877 1252 940 condam
1276 879 1431 941 Demetrii
1455 879 1551 960 jurati
1577 891 1612 940 et

342 979 477 1042 Elenam
503 981 646 1043 relictam
672 982 771 1065 ipsius
795 983 950 1046 Demetrii
976 984 1016 1045 ab
1039 1004 1103 1044 una
1120 997 1220 1066 parte,
1244 987 1284 1047 ab
1307 985 1407 1047 altera
1423 1005 1500 1047 vero
1516 998 1610 1067 parte
1652 1029 1655 1034 ι

342 1086 424 1147 inter
447 1087 651 1149 Anthonium
684 1087 786 1150 filium
811 1089 894 1150 Petri
925 1091 964 1152 de
989 1091 1129 1171 Nowgar
1153 1110 1259 1153 coram
1292 1091 1386 1152 nobis
1409 1090 1552 1153 habitam
1578 1102 1612 1150 et

342 1205 519 1253 vertentem
544 1213 583 1254 eo
610 1194 710 1255 modo
744 1193 978 1274 adjudicarunt,
1010 1209 1045 1257 ut
1075 1196 1216 1279 predicta
1241 1197 1343 1258 Elena
1374 1198 1484 1258 relicta
1508 1197 1610 1279 ipsius

343 1299 508 1378 Demetrii,
533 1319 664 1361 consors
687 1301 842 1382 legittima
875 1302 976 1384 ipsius
1008 1301 1164 1364 Johannis
1188 1302 1407 1365 Theuthonici
1438 1316 1607 1384 tamquam

342 1426 405 1467 una
431 1419 462 1468 et
486 1407 587 1488 prima
621 1408 839 1469 commissaria
870 1409 1051 1470 testamenti
1085 1409 1218 1491 predicti
1248 1409 1402 1471 Demetrii
1427 1397 1531 1470 mariti
1556 1409 1607 1470 sui

342 1515 437 1595 primi
455 1515 557 1594 magis
570 1528 600 1574 et
621 1515 800 1576 voluntaria
817 1534 923 1576 emere
945 1515 1120 1596 predictam
1146 1515 1281 1576 domum
1305 1528 1335 1577 et
1352 1514 1488 1577 fundum
1505 1516 1606 1597 ipsius

345 1620 484 1682 condam
502 1620 674 1702 Ozmonog
699 1640 795 1702 quam
820 1621 887 1703 ipse
905 1621 1088 1683 Demetrius
1112 1634 1362 1704 comparaverat,
1387 1635 1418 1683 et
1441 1621 1543 1704 ipsam
1560 1623 1609 1702 ju·

346 1727 445 1789 ridice
469 1727 609 1788 obtinuit
633 1741 664 1788 et
690 1727 833 1809 possedit
856 1747 953 1809 quam
970 1725 1112 1810 prefatus
1128 1727 1312 1789 Anthonius
1339 1728 1463 1790 vicinus
1487 1747 1524 1790 ex
1542 1747 1609 1809 quo

342 1835 442 1916 ipsam
467 1833 602 1895 domum
631 1847 662 1895 et
693 1832 830 1894 fundum
863 1833 1137 1895 concommissarii
1168 1833 1313 1895 eiusdem
1346 1834 1478 1896 domiue
1502 1833 1607 1895 Elene

341 1940 485 2022 predicto
509 1940 615 2000 vicino
651 1939 866 2001 vendiderunt
897 1959 955 2023 pro
987 1953 1073 2001 tanta
1097 1940 1233 2022 pecunia
1266 1960 1322 2002 seu
1347 1960 1379 2002 re
1404 1961 1462 2022 pro
1487 1953 1607 2021 quanta

343 2046 402 2108 fuit
424 2047 574 2122 vendita3
599 2045 728 2128 dequo
753 2043 873 2126 judicio
899 2047 965 2127 ipse
990 2046 1174 2108 Anthonius
1195 2046 1320 2107 vicinus
1343 2066 1408 2107 non
1434 2059 1606 2107 contentus

343 2153 518 2234 appellavit
549 2152 685 2213 eandem
719 2171 847 2213 causam
883 2152 915 2212 in
947 2153 1144 2234 presenciam
1171 2151 1345 2234 ,seniorum
1378 2151 1521 2233 judicum
1553 2171 1611 2232 per

342 2258 474 2320 eosdem
500 2257 751 2338 dijudicandam.

451 2401 529 2463 Item
554 2401 693 2462 Jacobus
715 2399 810 2482 judex
835 2413 945 2462 contra
970 2398 1148 2461 Johannem
1167 2397 1294 2461 fratrem
1319 2419 1413 2461 suurn
1437 2399 1542 2482 primo
1566 2399 1611 2460 ci·

342 2519 426 2568 tatus
451 2527 514 2568 non
540 2508 729 2589 comparuit.

451 2650 529 2712 ltem
547 2669 673 2711 causam
693 2669 789 2731 quam
809 2649 954 2711 Marinus
971 2648 1066 2730 judex
1080 2650 1111 2710 in
1125 2667 1261 2732 persona
1278 2648 1453 2710 liberorum
1471 2650 1611 2710 condam

346 2755 477 2817 Thome
502 2755 608 2818 Choni
641 2769 749 2817 contra
783 2753 960 2836 Georgium
994 2753 1119 2816 fabrum
1144 2753 1246 2816 filium
1271 2755 1432 2816 Francisci
1464 2753 1544 2816 fabri
1578 2755 1610 2815 in

345 2863 420 2924 sede
457 2875 562 2924 nostra
594 2863 759 2944 judiciaria
792 2862 824 2922 in
856 2859 940 2922 iacto
975 2862 1098 2923 culture
1130 2861 1223 2922 vinee
1255 2861 1398 2942 ipsorum
1430 2861 1607 2922 liberorum

343 2988 450 3032 coram
467 2968 577 3048 juratis
593 2969 694 3030 movit
711 2988 749 3030 eo
767 2967 876 3044 mod0,
895 2987 992 3049 quarn
1017 2967 1109 3046 jurati
1128 2967 1402 3048 adjudicaverunt,
1428 2966 1516 3049 quod
1541 2967 1609 3048 ipse

344 3075 503 3158 Georgius
521 3073 608 3136 iaber
625 3074 781 3156 quamdiu
795 3074 922 3135 vineam
940 3073 1158 3155 predictorum
1171 3073 1347 3134 liberorum
1360 3073 1461 3154 ipsius
1478 3071 1609 3135 Thome

345 3181 453 3244 Choni
485 3181 518 3241 in
551 3181 717 3263 pristinam
750 3181 868 3241 bonam
900 3179 997 3240 talem
1031 3178 1189 3241 culturam
1219 3198 1276 3261 per
1307 3179 1426 3239 bonam
1450 3177 1609 3239 culturam

344 3289 443 3370 ipsius
468 3287 616 3366 deducet,
640 3301 705 3348 tam
730 3286 786 3347 diu
817 3287 857 3347 de
889 3287 982 3347 vinea
1005 3305 1061 3346 sua
1093 3285 1222 3367 propria
1247 3284 1361 3346 Koczil
1384 3297 1496 3346 vocata
1522 3283 1607 3344 idem

344 3394 505 3475 Georgius
530 3392 618 3454 faber
650 3393 855 3454 medietatem
887 3391 982 3454 musti
1015 3391 1160 3474 predicto
1185 3391 1311 3452 Marino
1343 3389 1440 3472 judici
1473 3390 1610 3470 singulis

343 3501 434 3561 annis
460 3499 491 3560 in
510 3499 769 3560 vindemiacione
786 3517 919 3559 uvarum
938 3497 1012 3558 dare
1034 3511 1065 3558 et
1081 3496 1315 3558 amministrare
1332 3496 1446 3572 debet;
1465 3509 1609 3557 mustum

343 3620 448 3668 autem
476 3605 575 3688 ipsius
599 3605 692 3666 vinee
717 3605 876 3666 dictorum
908 3604 1084 3666 liberorum
1118 3603 1217 3686 ipsius
1242 3603 1380 3664 condam
1404 3601 1512 3664 Choni
1539 3601 1610 3684 ipse

344 3710 504 3792 Georgius
528 3708 617 3771 faber
640 3710 766 3771 interim
792 3730 849 3792 pro
874 3729 907 3771 se
930 3709 1044 3772 tollere
1076 3721 1107 3771 et
1131 3708 1272 3790 recipere
1296 3708 1412 3769 debeat
1434 3721 1553 3770 totum.

494 3945 589 4019 Faria
619 3951 725 4019 tercia
755 3949 788 4019 in
816 3947 934 4036 vigilia
962 3947 1041 4018 sesti
1071 3944 1222 4018 Omnium
1251 3952 1457 4017 sanctomn.

860 4117 924 4197 (31.
947 4119 1090 4193 octobris).

454 4277 532 4339 Item
558 4297 637 4338 uxor
662 4277 748 4337 Luce
765 4275 880 4337 sutoris
904 4275 980 4336 dicti
1005 4273 1127 4336 Orlaud
1146 4286 1255 4336 contra
1273 4271 1436 4354 Mathyam
1454 4290 1610 4353 generum

345 4383 488 4466 magistri
515 4382 668 4464 Stephani
694 4381 852 4442 Rakaricb
877 4381 981 4463 primo
1005 4381 1099 4442 citata
1127 4399 1192 4442 non
1217 4379 1405 4462 comparuit.

452 4526 528 4586 Item
554 4525 692 4585 lacobus
715 4522 810 4604 judex
834 4521 918 4585 filius
935 4522 1091 4584 Johannis
1111 4522 1211 4604 Bolye
1236 4534 1345 4582 contra
1363 4519 1544 4582 Johannem
1562 4519 1610 4602 ju·

344 4646 450 4694 ratum
477 4630 604 4691 fratrem
630 4649 723 4690 suum
749 4629 909 4690 carnalem
933 4628 1075 4690 secundo
1099 4629 1213 4689 citatus
1236 4646 1301 4688 non
1330 4625 1519 4708 comparuit.

451 4773 529 4834 item
554 4772 686 4833 domina
713 4771 813 4832 Elena
844 4770 954 4832 relicta
987 4769 1125 4832 condam
1150 4768 1304 4851 Stephani
1328 4767 1474 4829 Pundich
1499 4781 1610 4830 contra

346 4880 522 4960 Georgium
548 4877 686 4960 juratum
718 4891 863 4938 nostrum
896 4876 1088 4938 modernum
1120 4875 1281 4937 seecundo
1313 4875 1406 4937 citata
1431 4894 1495 4936 non
1521 4894 1610 4936 eom·

345 4999 460 5068 paruit.
