3734 5796
413 559 475 622 3²⁰
793 543 879 600 Anno
901 553 993 620 1439.
1017 573 1062 584 -
1077 554 1136 618 30.
1159 538 1291 602 octobn's.

520 754 599 816 Item
637 755 726 816 Vitus
757 753 897 816 carnifex
932 767 1041 816 contra
1074 753 1209 814 Elenam
1241 753 1385 816 relictam
1415 752 1527 814 iacobi
1560 752 1674 814 sutoris

410 862 515 943 primo
540 861 655 923 citatus
678 880 743 924 non
769 861 959 944 comparuit.

517 985 598 1046 Item
630 983 791 1066 Georgius
821 984 907 1048 filius
938 983 1024 1047 Galli
1055 997 1087 1047 et
1122 983 1283 1046 lohannes
1319 982 1402 1045 filius
1438 984 1607 1048 Michaelis
1641 1005 1676 1046 sc

412 1090 558 1152 Thomas
584 1089 770 1175 Grezynecz
794 1105 826 1154 et
849 1091 958 1154 relicta
983 1089 1112 1173 Mathye
1137 1091 1249 1172 Zupan
1274 1109 1347 1153 cum
1372 1089 1437 1152 filia
1461 1111 1529 1170 sua,
1565 1091 1675 1154 relicta

411 1196 561 1260 videlicet
577 1197 717 1278 Thome‚
736 1197 873 1280 quilibet
893 1216 1005 1260 eorum
1022 1197 1121 1259 tercio
1144 1215 1178 1258 se
1194 1173 1339 1279 personis
1358 1199 1554 1260 tenebuntur
1572 1197 1676 1280 jurare

411 1322 564 1386 supereo
588 1317 704 1366 octavo
727 1305 779 1365 dic
803 1323 899 1387 super
922 1323 1020 1383 aram,
1038 1303 1126 1385 quod
1143 1303 1203 1388 ipsi
1228 1323 1293 1366 non
1312 1303 1542 1366 subtraxissent
1563 1316 1674 1386 togam

412 1407 567 1470 iohannis
591 1409 834 1490 lwanchewich,
858 1429 916 1472 nec
940 1423 1014 1472 sunt
1036 1409 1156 1471 conscii
1182 1410 1281 1492 ipsius
1304 1410 1546 1472 subtraccionis.

519 1550 597 1613 Item
632 1551 764 1615 domina
789 1556 917 1634 Agycza
950 1552 1059 1614 relicta
1083 1550 1183 1614 Gross
1211 1551 1301 1614 Hans
1332 1551 1449 1632 jurabit
1473 1553 1541 1614 sola
1564 1571 1621 1615 sua
1647 1554 1678 1614 in

415 1675 553 1739 persona
587 1671 701 1722 octavo
734 1659 786 1722 die
809 1677 904 1740 super
934 1677 1020 1720 aram
1053 1670 1162 1720 contra
1187 1657 1302 1741 Elyam
1333 1657 1435 1721 lilium
1460 1657 1615 1720 Johsnnis
1640 1658 1679 1720 de

413 1763 522 1844 Plezo,
547 1778 583 1827 ut
606 1765 672 1848 ipsa
697 1766 729 1827 in
753 1765 844 1828 totali
868 1765 1000 1828 accione
1024 1764 1123 1847 ipsius
1140 1763 1241 1847 Elyee
1265 1764 1421 1826 innocens
1436 1763 1478 1826 sit
1500 1765 1628 1846 penitus
1650 1777 1680 1826 et

413 1887 554 1933 innoxia.

431 2121 528 2197 Ferla
555 2133 654 2198 sexta
684 2128 839 2216 proxima
868 2134 946 2217 post
974 2127 1096 2200 festum
1125 2134 1321 2200 sanctorum
1349 2127 1502 2217 Synonis
1533 2134 1567 2199 ct
1594 2127 1681 2219 Jnde

926 2251 1167 2342 apostolorum.

927 2421 994 2502 (30.
1018 2423 1161 2497 octobris).

522 2579 600 2642 ltem
638 2579 714 2662 quia
747 2579 857 2641 relicta
885 2579 1005 2642 Matbei
1039 2579 1160 2663 Supani
1200 2593 1231 2642 et
1269 2579 1379 2641 relicta
1410 2578 1539 2640 Thoms
1570 2577 1679 2659 generi

417 2684 562 2746 eiusdem
588 2685 696 2747 relicte
728 2685 827 2768 ipsius
852 2685 971 2747 Matlrei
996 2685 1117 2768 Supani
1148 2706 1185 2748 ac
1209 2685 1371 2748 lohannes
1401 2683 1486 2746 filius
1510 2683 1679 2746 Michaelis

415 2789 547 2853 filiaster
571 2811 647 2853 vero
672 2791 826 2874 Stephani
844 2790 901 2853 filii
927 2791 1010 2853 Petri
1028 2791 1104 2854 dicti
1122 2789 1245 2854 Oczeth
1270 2811 1409 2854 necnon
1435 2790 1583 2852 Thomas
1600 2788 1679 2852 Gre-

413 2917 532 2980 zynecz
557 2910 588 2959 et
620 2896 781 2978 Georgius
812 2896 896 2960 filius
928 2897 1014 2959 Galli
1047 2895 1142 2960 frater
1174 2897 1362 2978 Greguricz,
1394 2897 1532 2980 quilibet
1568 2915 1678 2958 eorum

412 3004 514 3066 tercio
538 3024 570 3065 se
595 3005 740 3086 personis
763 3004 824 3066 sibi
848 3004 1007 3066 similibus
1031 3004 1063 3066 in
1088 3005 1221 3068 ecclesia
1238 3005 1323 3068 besti
1348 3005 1447 3066 Marci
1473 3004 1685 3086 ewangeliste

415 3129 511 3192 super
535 3129 622 3172 aram
646 3125 753 3172 sancte
778 3109 891 3174 Crucis
915 3109 1011 3172 hodie
1034 3130 1091 3193 per
1115 3109 1393 3192 adjudicationem
1416 3109 1595 3193 juratorum
1619 3129 1678 3172 nu-

414 3217 552 3299 perrime
575 3231 689 3278 octavo
713 3217 766 3279 die
790 3214 917 3295 factam,
941 3229 1052 3279 contra
1076 3215 1256 3279 iohannem
1279 3215 1510 3279 lwanchewich
1536 3217 1568 3277 in
1595 3215 1675 3278 lacto

414 3336 488 3404 toge
512 3323 656 3384 eiusdem
681 3321 897 3404 juramentum
921 3341 1017 3405 super
1041 3340 1080 3385 eo
1104 3321 1334 3406 deposuerunt,
1359 3335 1394 3384 ut
1417 3321 1478 3404 ipsi
1502 3321 1677 3404 predictam

413 3413 522 3509 togaln
555 3428 653 3510 ipsius
682 3428 837 3490 Johanuis
869 3447 934 3490 non
966 3430 1191 3491 subtraxerunt
1221 3427 1277 3490 sed
1301 3428 1334 3490 in
1357 3427 1450 3490 totali
1483 3428 1615 3489 accione
1648 3439 1678 3488 et

414 3534 631 3615 acquisicione
656 3535 799 3596 eiusdem
825 3533 979 3596 Johannis
1003 3535 1191 3597 innoeentes
1215 3545 1344 3597 suntet
1368 3533 1528 3597 inmunes.

521 3657 600 3720 Item
624 3659 699 3740 quia
724 3658 856 3720 domina
889 3663 1018 3742 Agycza
1050 3659 1159 3721 relicta
1191 3658 1328 3721 condam
1354 3657 1442 3721 Groz
1468 3658 1559 3720 Hans
1583 3657 1679 3720 hodie

419 3785 476 3849 per
509 3764 785 3846 adjudicacionem
818 3763 994 3846 juratorum
1030 3765 1213 3846 nuperrime
1245 3779 1359 3827 octavo
1392 3764 1444 3826 die
1475 3783 1533 3847 per
1563 3763 1679 3844 juratos

415 3871 533 3934 laetam
559 3885 669 3933 contra
687 3871 801 3954 Elyarn
818 3869 920 3932 filium
938 3870 1094 3933 Johannis
1110 3871 1150 3934 de
1167 3871 1265 3933 Plezo
1290 3890 1385 3954 super
1404 3890 1443 3932 eo
1460 3869 1675 3951 juramentum

418 3976 577 4059 deposuit,
602 3989 636 4038 ut
661 3977 728 4058 ipsa
753 3977 783 4038 in
808 3976 898 4038 totali
923 3977 1053 4040 accione
1078 3991 1109 4040 et
1125 3978 1341 4059 acquisicione
1366 3977 1441 4040 dicti
1467 3977 1548 4060 Elye
1566 3975 1678 4038 actoris

414 4084 569 4145 innocens
593 4096 675 4145 esset
699 4084 826 4165 penitus
850 4095 881 4144 et
904 4083 1044 4148 innoxia.

524 4224 601 4286 ltem
631 4225 706 4307 quia
732 4224 830 4287 Lucia
855 4225 963 4286 relicta
995 4224 1132 4288 condam
1165 4225 1263 4288 Blasii
1295 4224 1423 4288 sartoris
1453 4223 1511 4286 filii
1537 4224 1677 4286 Barnabe

416 4329 473 4392 filii
508 4331 608 4408 Bank‚
640 4351 725 4392 nunc
759 4351 889 4393 consors
921 4331 1077 4412 legittima
1110 4331 1249 4394 Emerici
1283 4332 1431 4394 similiter
1461 4330 1592 4392 sartoris
1622 4327 1675 4390 filii

419 4439 515 4516 Luce,
537 4450 643 4498 nostra
660 4437 806 4498 similiter
830 4437 982 4516 concivis,
1007 4437 1039 4498 in
1056 4457 1113 4500 sua
1134 4452 1165 4500 et
1189 4441 1288 4520 probe
1314 4438 1422 4519 puelle
1441 4437 1607 4500 Dorothea
1623 4455 1676 4497 vo·

415 4557 483 4604 cate
507 4541 572 4604 filie
596 4543 728 4625 predicti
755 4543 852 4604 Blasii
876 4543 1005 4604 sartoris
1030 4541 1087 4604 filii
1113 4543 1211 4625 ipsius
1236 4544 1381 4606 Barnabe
1406 4542 1461 4606 filii
1488 4543 1564 4606 dicti
1591 4541 1676 4604 Banlt

415 4649 578 4733 personis;
612 4649 687 4711 item
720 4648 879 4730 Georgius
916 4648 1001 4710 filius
1037 4649 1174 4712 condam
1207 4649 1384 4733 Elyzsbeth
1414 4649 1560 4712 mulieris
1591 4648 1676 4711 aliter

418 4756 569 4819 Chernka
594 4770 703 4817 vocate
736 4755 800 4817 filie
833 4754 946 4838 prelati
972 4755 1116 4818 Barnabe
1149 4755 1205 4818 filii
1238 4755 1372 4837 predicti
1397 4755 1487 4818 Banlt
1511 4755 1545 4816 in
1569 4774 1622 4816 sua
1644 4765 1674 4813 et

418 4863 558 4925 Ladislai
583 4863 640 4924 filii
666 4883 701 4924 ac
725 4862 821 4925 Clare
847 4861 952 4944 puelle
983 4861 1048 4923 lilie
1073 4860 1193 4943 prefate
1222 4861 1398 4945 Elyzabetb
1423 4861 1568 4924 mulieris
1590 4859 1673 4922 aliter

417 4968 566 5033 Chernka
590 4983 702 5031 vocate
725 4969 880 5051 personis,
905 4988 941 5029 ac
958 4969 1059 5030 Elena
1083 4967 1199 5029 mulier
1215 4967 1280 5030 filia
1297 4967 1429 5052 predicti
1456 4969 1600 5030 barnabe
1615 4963 1667 5027 lilii
