3740 5810
419 571 477 632 126
769 571 971 646 Ann01430.
997 604 1037 614 -
1061 581 1108 645 17.
1131 570 1304 644 septembris.

414 796 597 843 nostrorum
622 781 804 844 concivium
828 782 1015 844 testimonio
1040 798 1147 842 coram
1170 781 1262 842 nobis
1287 781 1317 841 in
1343 780 1466 862 judicio
1490 781 1574 843 clare
1590 801 1680 843 com·

417 890 604 969 probarunt,
622 901 656 949 ut
672 887 750 948 dum
768 885 908 969 prefatus
924 886 1070 949 Thomas
1086 901 1174 949 sutor
1191 887 1223 948 in
1241 887 1389 948 extremis
1401 887 1466 948 vite
1482 907 1538 949 sue
1554 902 1681 969 tempo·

416 993 490 1054 ralis
513 994 699 1071 laborasset,
721 1005 797 1056 tunc
814 993 880 1075 ipse
905 993 1080 1074 quamdam
1097 993 1231 1054 domum
1248 1013 1339 1054 suam
1363 993 1461 1054 simul
1479 1013 1550 1055 cum
1577 992 1681 1054 fundo

415 1113 445 1160 et
468 1098 623 1160 hedificiis
640 1100 672 1160 iu
696 1100 767 1160 vico
785 1099 884 1181 ipsius
907 1099 1045 1161 civitatis
1061 1099 1209 1161 exteriori
1233 1113 1378 1160 sutorum
1402 1098 1556 1178 habitam,
1573 1099 1680 1181 ipsum

415 1206 589 1268 literatorie
614 1219 872 1282 concernentem,
887 1225 960 1266 cum
977 1205 1041 1266 suis
1065 1205 1270 1287 pertinenciis
1285 1205 1437 1288 predictis
1458 1206 1567 1266 Katrie
1586 1205 1682 1267 uxori

416 1324 447 1372 et
464 1311 603 1374 Martino
616 1310 682 1374 lilio
700 1311 765 1372 suis
778 1313 971 1374 verbotenus
987 1311 1157 1394 legavisset
1173 1324 1204 1372 et
1220 1311 1391 1374 dimisisset
1404 1324 1560 1394 perpetuo
1579 1312 1683 1394 possi-

415 1417 566 1496 dendam,
591 1417 665 1479 ideo
690 1437 749 1479 nos
781 1418 916 1480 eandem
942 1418 1076 1478 domum
1100 1437 1174 1480 cum
1205 1415 1306 1480 fundo
1331 1432 1362 1479 et
1392 1417 1560 1496 hedificiis,
1583 1436 1683 1478 cunc·

416 1523 521 1604 tisque
545 1523 611 1584 suis
634 1524 826 1586 utilitatibus
849 1537 880 1584 et
904 1524 1108 1606 pertinenciis
1141 1523 1299 1584 universis
1329 1525 1480 1606 predictis
1504 1524 1614 1586 Katrie
1648 1535 1684 1584 et

419 1630 571 1709 Martino,
595 1650 630 1692 ac
655 1650 711 1712 per
735 1649 789 1691 eos
810 1629 953 1712 ipsorum
985 1629 1158 1692 heredibus
1188 1631 1356 1691 statuimus
1389 1645 1544 1714 perpetuo
1576 1631 1680 1713 possi-

419 1737 558 1798 dendam
583 1749 614 1798 et
637 1737 945 1818 quomodocumque
969 1735 1130 1798 voluerint
1154 1736 1397 1818 disponendam.

524 1843 601 1904 ltem
627 1843 658 1904 in
684 1862 777 1903 causa
802 1843 883 1904 inter
900 1842 1119 1924 Stephlronem
1135 1841 1275 1923 juratum
1298 1857 1330 1905 et
1354 1844 1482 1906 Kunam
1509 1843 1682 1904 mulierem

415 1947 681 2010 thabernatricem
707 1947 826 2026 habita,
851 1949 918 2030 ipsa
942 1949 1037 2010 Kuna
1061 1961 1155 2010 testes
1178 1949 1356 2010 victimales
1380 1949 1476 2012 debet
1497 1950 1682 2031 producere

417 2056 457 2116 ad
481 2069 554 2116 octo
579 2055 647 2116 dies
671 2071 780 2116 contra
805 2055 910 2138 ipsum
935 2054 1166 2137 Stephkonem.

526 2161 603 2222 ltem
627 2161 703 2242 quia
728 2161 845 2222 Paulus
862 2160 982 2241 juratus
999 2161 1083 2222 filius
1108 2161 1261 2244 Stephani
1278 2161 1437 2223 sellatoris
1460 2160 1681 2242 juramentum

418 2267 479 2328 sibi
504 2266 723 2348 adjudicatum
747 2287 842 2348 super
865 2287 915 2346 eo,
936 2281 971 2328 ut
988 2267 1149 2328 Barnabas
1173 2266 1312 2350 frenipar
1329 2267 1437 2329 literas
1453 2287 1527 2329 suas
1550 2269 1684 2350 privile·

417 2374 518 2454 giales
541 2393 637 2456 super
661 2373 760 2434 domo
785 2393 841 2435 sua
866 2373 1026 2436 confectas
1048 2374 1108 2435 sibi
1138 2393 1196 2456 pro
1220 2373 1259 2435 lll
1284 2373 1414 2436 florenis
1437 2375 1506 2436 auri
1532 2375 1683 2456 inpigno-

420 2494 528 2558 rasset,
560 2480 696 2562 prestitit
728 2493 763 2540 ut
794 2480 916 2560 debuit,
945 2481 1019 2541 ideo
1051 2481 1116 2541 duo
1148 2479 1216 2542 flor.
1249 2480 1317 2542 auri
1350 2481 1389 2541 de
1421 2481 1565 2562 pecuniis
1597 2481 1684 2542 dicte

419 2587 535 2648 domus
558 2607 614 2647 sue
639 2605 694 2667 per
719 2586 823 2667 ipsum
840 2585 1018 2647 Barnabam
1036 2586 1098 2662 iam
1116 2585 1256 2665 vendite,
1273 2600 1347 2648 sunt
1371 2587 1430 2668 ipsi
1455 2587 1556 2648 Paulo
1573 2586 1682 2667 jurato

419 2693 494 2754 dare
524 2693 678 2775 deputati,
702 2706 797 2775 prout
820 2707 851 2754 et
874 2693 939 2754 dati
963 2707 1037 2754 sunt
1057 2713 1094 2754 ex
1126 2705 1231 2756 acerto
1257 2713 1294 2753 ex
1318 2693 1563 2756 adiudicacione
1597 2693 1685 2772 jura-

421 2813 539 2876 torum,
564 2799 618 2879 qui
644 2811 733 2858 erant
757 2799 851 2880 positi
877 2799 909 2859 in
932 2818 1046 2860 manus
1071 2797 1185 2878 judicis
1208 2799 1377 2880 prenotati.

527 2905 605 2965 ltem
630 2903 723 2986 jurati
740 2904 1014 2984 adjudicaverunt,
1033 2917 1066 2966 ut
1085 2905 1202 2966 Paulus
1218 2903 1302 2965 filius
1320 2903 1475 2966 Anthonii
1501 2904 1686 2966 Jerhowich

422 3009 519 3072 debet
542 3009 722 3072 satisfacere
739 3011 779 3072 ad
797 3011 977 3092 quindenas
993 3011 1165 3072 Valentino
1182 3010 1286 3092 jurato
1303 3009 1370 3072 filio
1395 3009 1460 3072 lwlr
1478 3011 1517 3072 de
1535 3011 1686 3092 quinque

422 3117 537 3178 marcis
561 3117 766 3178 denariorum
798 3119 927 3179 racione
958 3118 1172 3199 percussionis
1203 3137 1259 3200 per
1291 3117 1395 3199 ipsum
1428 3117 1563 3178 Paulum
1587 3137 1688 3201 super

419 3222 600 3304 predictum
624 3223 832 3285 Valentinum
857 3237 1047 3306 perpetrate.

481 3423 578 3497 Faria
606 3433 705 3498 sexta
733 3430 887 3516 proxima
916 3434 993 3498 ante
1022 3428 1146 3498 testam
1173 3427 1270 3498 beate
1297 3423 1478 3515 Elyzabeth
1506 3425 1615 3497 vidue.

913 3577 977 3659 (17.
1001 3577 1187 3660 membris).

525 3717 603 3779 Item
629 3719 797 3780 Marchech
822 3739 938 3801 parvus
962 3733 1072 3782 contra
1096 3719 1225 3781 Claram
1243 3719 1412 3780 mulierem
1437 3719 1542 3800 primo
1569 3718 1688 3780 citatus

422 3845 488 3886 non
517 3825 706 3906 comparuit.

526 3930 604 3992 ltem
620 3931 800 4014 Stephanus
812 3932 1055 3994 Skerthlrowich
1069 3945 1178 3994 contra
1193 3930 1371 4013 Georgium
1384 3931 1546 3992 literatum
1565 3928 1687 3992 Thuch

421 4049 570 4098 vocatum
595 4038 700 4119 primo
725 4039 838 4099 citatus
862 4058 927 4100 non
964 4038 1153 4119 comparuit.

527 4143 605 4205 ltem
630 4145 704 4226 quia
723 4145 842 4207 Paulus
859 4144 943 4206 filius
960 4145 1116 4208 Anthonii
1134 4143 1327 4206 Jerihowich
1346 4143 1386 4205 de
1404 4143 1551 4225 quinque
1568 4142 1688 4204 marcis

421 4250 626 4311 denariorum
651 4251 780 4312 racione
804 4252 1018 4332 percussionis
1050 4271 1106 4334 per
1138 4252 1241 4332 ipsum
1275 4249 1411 4312 Paulum
1444 4269 1540 4331 super
1564 4249 1687 4312 Valen-

421 4357 526 4418 tinum
550 4356 688 4437 juratum
712 4355 815 4417 filium
839 4357 903 4418 lwk
935 4371 1125 4440 perpetrate,
1158 4357 1334 4438 plenariam
1369 4355 1603 4437 persolucionis
1636 4357 1687 4417 in-

421 4463 533 4544 pendit
556 4461 823 4540 satisfaccionem,
848 4463 921 4524 ideo
946 4463 1012 4546 ipse
1039 4463 1228 4525 Valentinus
1252 4461 1373 4543 juratus
1398 4461 1521 4524 dictum
1546 4462 1687 4524 Paulum

421 4569 548 4629 racione
575 4567 715 4650 ipsarum
740 4570 884 4650 quinque
909 4589 1088 4630 marcarum
1112 4568 1252 4630 reddidit
1277 4567 1475 4650 expeditum.

528 4674 606 4736 ltem
632 4675 756 4736 Blasius
782 4676 906 4737 institor
930 4674 1015 4737 filius
1039 4674 1167 4736 Thome
1199 4688 1309 4736 contra
1333 4675 1463 4734 Petrum
1488 4673 1683 4736 Crowacum

422 4779 563 4842 secundo
588 4781 701 4842 citatus
726 4801 790 4842 non
817 4782 1005 4863 comparuit.

527 4887 603 4948 ltem
630 4888 706 4969 quia
730 4907 809 4948 uxor
835 4887 964 4970 Matbey
988 4887 1154 4966 carnificis,
1186 4887 1344 4970 sutoris(!)
1377 4887 1592 4969 juramentum
1623 4888 1686 4948 sibi

420 4992 637 5075 adjudicatum
670 4995 853 5076 nuperrime
884 4995 1019 5076 prestitit
1052 5008 1085 5056 ut
1110 4994 1240 5074 debuit,
1272 4994 1347 5056 ideo
1372 4995 1473 5076 ipsam
1507 4993 1684 5075 superinde

421 5098 620 5199 rec,didimus
644 5100 814 5182 expiatam.
