3734 5796
410 758 595 819 communia
620 777 674 818 εει]
700 756 740 817 ad
765 757 1028 817 communitatem
1055 768 1195 815 nostram
1216 754 1397 835 spectantia
1420 753 1553 830 habens,
1570 773 1671 834 usque

410 863 449 924 ad
484 864 624 946 primum
660 862 815 945 judicium
847 862 991 943 proxime
1028 859 1199 922 affuturum
1237 873 1377 920 nostram
1409 860 1441 920 in
1474 861 1674 942 presenciam

410 989 614 1032 communem
629 968 779 1030 videlicet
788 967 912 1049 judicis,
921 967 1097 1050 juratorum
1112 981 1143 1028 et
1156 980 1343 1028 cunctorum
1353 966 1484 1043 civium,
1501 966 1671 1046 tociusque

410 1076 650 1138 communitatis
667 1075 803 1136 civitatis
820 1087 984 1157 prenotate
1008 1094 1073 1135 non
1091 1073 1316 1156 apportaverit‚
1340 1072 1499 1153 nobisque
1516 1091 1582 1133 non
1599 1091 1669 1154 pre·

410 1183 581 1246 sentaverit
605 1203 660 1244 seu
693 1202 758 1244 non
790 1181 941 1260 attulerit,
973 1195 1004 1241 et
1027 1181 1157 1242 tandem
1190 1181 1271 1241 circa
1296 1180 1402 1261 ipsum
1434 1193 1489 1240 aut
1513 1179 1545 1239 in
1571 1178 1672 1239 domo

411 1311 466 1352 sua
493 1291 620 1352 invente
645 1303 676 1350 et
700 1301 845 1372 repperta
867 1287 995 1366 fuerint,
1019 1287 1091 1348 talis
1114 1287 1201 1365 civis,
1218 1286 1335 1368 hospes
1358 1301 1389 1347 et
1412 1285 1573 1347 habitator
1596 1285 1672 1345 civi-

411 1397 483 1458 tatis
506 1396 648 1478 predicte
672 1396 891 1475 cuiuscunque
923 1394 1124 1455 condicionis
1153 1394 1202 1471 sit,
1227 1393 1309 1453 circa
1341 1409 1438 1473 quem
1462 1391 1544 1452 tales
1568 1391 1674 1472 copie,

411 1502 590 1584 privilegia,
615 1500 683 1581 jura
707 1514 738 1562 et
754 1501 889 1562 literalia
907 1500 1116 1561 instrumenta
1134 1499 1330 1576 communia,
1355 1496 1476 1559 lactum
1493 1495 1674 1558 communi·

411 1610 485 1670 tatis
498 1621 552 1670 aut
566 1609 745 1670 libertatem
760 1619 901 1668 nostram
915 1625 1121 1667 communem
1134 1605 1313 1686 tangentia,
1326 1617 1399 1685 post
1412 1604 1517 1684 ipsum
1534 1603 1674 1684 primum

412 1713 566 1796 judicium
594 1715 722 1775 inventa
748 1727 778 1774 et
802 1726 947 1794 repperta
966 1710 1094 1790 fuerint,
1119 1731 1178 1774 nec
1201 1712 1233 1772 in
1250 1729 1387 1793 persona
1403 1729 1460 1771 seu
1485 1708 1599 1790 capite,
1616 1727 1674 1768 nec

412 1821 444 1882 in
469 1823 564 1882 rebus
588 1821 646 1882 erit
680 1839 738 1881 nec
767 1820 880 1880 debeat
908 1839 976 1880 esse
1008 1819 1099 1896 liber,
1123 1819 1178 1878 sed
1210 1818 1369 1898 incapite
1403 1837 1459 1878 seu
1483 1835 1620 1898 persona
1645 1827 1676 1875 et

412 1930 508 1990 rebus
531 1947 570 1988 ex
594 1927 723 1987 decreto
746 1925 850 1986 tocius
873 1924 1112 1986 communitatis
1144 1924 1322 1986 remanebit
1346 1921 1671 1984 irremissionabiliter

413 2033 668 2115 condempnatus
693 2031 784 2092 nullo
808 2031 867 2092 sibi
894 2031 1020 2113 penitus
1048 2030 1191 2092 remedio
1215 2029 1406 2110 suffragante
1432 2028 1464 2090 in
1489 2027 1548 2088 hac
1572 2041 1670 2109 parte.

516 2158 592 2218 ltem
617 2157 693 2238 quia
722 2155 902 2238 Stephanus
925 2154 1011 2216 filius
1036 2153 1185 2235 Gregorii
1210 2154 1250 2214 de
1274 2152 1438 2236 Czyglena
1472 2152 1504 2212 in
1530 2150 1617 2212 furtu
1643 2163 1672 2212 et

412 2265 633 2327 subtraccione
658 2262 824 2324 cuiusdam
848 2263 955 2324 tunice
979 2262 1077 2344 panni
1095 2261 1264 2322 corintiani
1288 2260 1383 2322 unius
1407 2259 1546 2322 Corintii
1573 2259 1672 2320 mani-

411 2370 490 2434 feste
514 2383 679 2452 reppertus
702 2382 759 2447 est,
783 2369 871 2450 quod
896 2369 996 2430 eciam
1022 2369 1110 2429 solus
1135 2367 1315 2449 Stephanus
1344 2365 1486 2448 prelatus
1510 2365 1673 2427 confessus

412 2493 458 2539 est
482 2497 590 2539 coram
615 2475 726 2558 populi
745 2475 951 2536 multitudine
968 2475 1123 2536 hodierna
1148 2475 1211 2553 die,
1235 2487 1266 2535 et
1287 2475 1362 2555 quia
1380 2473 1467 2534 idern
1492 2471 1672 2555 Stephanus

411 2604 511 2666 usque
536 2603 620 2644 nurse
651 2601 715 2642 non
749 2580 809 2642 luit
839 2582 987 2642 inventus
1017 2581 1072 2642 sed
1104 2581 1210 2642 solum
1242 2599 1301 2662 pro
1325 2579 1383 2640 bac
1414 2580 1494 2657 vice,
1530 2579 1668 2659 ideoque

411 2691 503 2771 jurati
528 2710 566 2751 eo
597 2688 696 2750 modo
728 2687 1002 2768 adjudicaverunt,
1033 2687 1121 2768 quod
1153 2707 1211 2766 pro
1236 2686 1337 2768 prima
1371 2685 1576 2746 corretcione
1609 2683 1671 2766 ipse

412 2795 592 2878 Stephanus
616 2795 711 2856 debet
735 2814 794 2875 pro
819 2795 888 2876 ipso
912 2813 970 2855 suo
994 2812 1124 2854 excessu
1148 2806 1179 2854 et
1201 2805 1289 2854 reatu
1314 2792 1418 2873 primo
1444 2793 1527 2852 circa
1552 2791 1671 2854 media·

410 2904 533 2963 acinum
559 2921 615 2962 seu
633 2901 780 2962 eculeum
804 2900 923 2960 catenis
947 2898 1033 2980 afligi
1058 2913 1089 2960 et
1109 2898 1310 2979 aliquamdiu
1327 2897 1448 2959 ibidem
1474 2899 1505 2958 in
1532 2897 1669 2958 dedecus

412 3029 506 3070 suum
530 3007 661 3069 affixum
686 3007 797 3084 teneri,
822 3020 853 3067 et
876 3006 1007 3067 tandem
1030 3005 1163 3087 turpiter
1188 3004 1309 3066 baculis
1333 3004 1372 3064 de
1397 3003 1525 3064 civitate
1551 3004 1670 3065 eteius

411 3115 571 3177 territorio
598 3114 693 3174 debet
717 3113 831 3194 expelli
851 3113 904 3191 ita,
931 3112 1018 3194 quod
1044 3112 1083 3172 de
1100 3123 1206 3173 cetero
1230 3122 1262 3171 et
1285 3130 1341 3192 per
1365 3109 1503 3192 amplius
1528 3110 1561 3170 in
1585 3109 1669 3170 tetri-

411 3223 530 3283 torium
555 3221 691 3282 civitatis
715 3220 855 3301 predicte
879 3239 935 3280 seu
960 3218 1120 3280 civitatem
1137 3236 1343 3299 nequaquam
1366 3229 1530 3298 presumat
1547 3216 1670 3290 intrare,

412 3327 516 3410 quisi
542 3327 581 3386 de
606 3339 711 3387 cetero
737 3339 768 3385 et
792 3345 847 3406 per
879 3325 1017 3406 amplius
1049 3324 1232 3385 incivitate
1264 3322 1405 3405 predicta
1438 3336 1469 3382 et
1492 3322 1563 3383 eius
1586 3321 1670 3382 terri-

410 3435 493 3496 torio
518 3433 735 3513 deprehensus
762 3430 867 3508 fuerit,
892 3431 976 3512 juxta
1001 3451 1056 3491 sua
1082 3429 1236 3490 demerita
1260 3447 1376 3510 penam
1401 3447 1499 3508 quam
1527 3428 1669 3488 demere·

412 3543 496 3603 bitur
521 3553 745 3621 consequetur.

517 3647 594 3707 ltem
620 3645 699 3705 Pero
725 3644 894 3706 Bnrberius
923 3655 1032 3704 contra
1066 3641 1263 3723 Stephanum
1295 3638 1466 3722 pellificem
1491 3639 1598 3721 primo
1631 3639 1670 3698 ci·

410 3766 492 3814 tatus
517 3772 581 3813 non
606 3750 795 3832 comparuit.

517 3859 594 3919 ltem
628 3857 789 3918 lohannes
811 3855 895 3916 lilius
923 3855 1006 3915 Petri
1031 3852 1151 3914 Dusich
1184 3852 1223 3914 de
1248 3853 1459 3934 Ztonyewecz
1493 3850 1611 3929 jurabit
1634 3871 1668 3910 ex

410 3964 655 4046 adjudicatione
673 3963 849 4042 juratorum
867 3961 1022 4042 vigesimo
1044 3960 1158 4042 quinto
1174 3979 1207 4019 se
1224 3959 1369 4040 personis
1385 3977 1481 4040 super
1504 3977 1544 4018 eo
1562 3969 1667 4018 contra

410 4073 573 4132 Vrbanum
600 4069 701 4130 filium
720 4068 852 4149 Georgii
878 4065 1095 4148 Czwethnych
1117 4066 1156 4127 de
1174 4066 1335 4126 Rakowcz
1359 4084 1455 4146 super
1479 4083 1529 4142 en,
1554 4077 1589 4124 ut
1605 4063 1668 4144 ipse

409 4178 544 4238 scienter
568 4196 632 4236 non
656 4176 759 4238 tenuit
783 4174 1003 4235 malefactores
1035 4173 1067 4233 in
1091 4171 1190 4233 domo
1215 4190 1271 4232 sua
1296 4189 1353 4232 nec
1378 4171 1446 4252 ipse
1470 4169 1562 4232 scivit
1584 4169 1668 4251 quod

410 4285 469 4365 ipsi
495 4283 627 4344 fuissent
652 4281 882 4358 malefactores,
900 4300 957 4340 nec
981 4279 1082 4340 eciam
1100 4279 1257 4362 particeps
1281 4275 1392 4338 fuisset
1408 4277 1537 4337 malicie
1556 4295 1664 4337 eorum

409 4393 441 4452 in
466 4391 532 4472 ipsa
558 4389 656 4450 domo
680 4408 735 4448 sua
761 4408 815 4469 per
840 4388 925 4470 ipsos
949 4385 1039 4464 facte,
1064 4399 1095 4446 et
1119 4385 1267 4466 deposito
1296 4383 1477 4465 juramento
1502 4383 1589 4444 idem
1616 4383 1665 4443 Jo-

409 4495 530 4556 hannes
561 4494 684 4576 prelato
709 4493 839 4554 Vrbano
871 4507 933 4553 tres
964 4491 1033 4553 fior.
1065 4492 1133 4552 auri
1160 4505 1191 4552 et
1217 4490 1379 4570 sexaginta
1413 4488 1564 4550 denarios
1595 4488 1668 4548 wie·

411 4623 536 4680 nenses,
561 4603 616 4682 qui
642 4603 681 4662 ab
706 4601 775 4682 ipso
810 4600 840 4660 in
874 4599 972 4659 domo
1006 4599 1103 4679 ipsius
1127 4597 1281 4658 lobannis
1314 4594 1444 4656 fuerunt
1474 4595 1590 4678 recepti
1614 4612 1667 4674 per

409 4710 495 4788 ipsos
528 4706 759 4784 malefactores,
791 4705 915 4766 solvere
948 4704 1123 4779 tenebitur;
1150 4704 1319 4785 ipsumque
1351 4700 1566 4782 juramentum
1600 4718 1665 4779 pre·

410 4813 492 4874 latus
528 4812 689 4874 lohannes
729 4826 842 4872 octavo
877 4811 928 4871 die
971 4810 1130 4870 tenebitur
1173 4828 1268 4890 super
1310 4827 1397 4870 aram
1433 4807 1594 4889 deponere
1637 4817 1666 4864 et

411 4934 561 5003 prestare.
