3852 5820
807 551 892 608 Anno
916 563 1007 626 1414.
1033 583 1073 592 —
1098 561 1146 608 11.
1169 549 1251 606 maii.

548 761 626 822 Item
653 759 829 842 Gregorius
853 763 1005 824 literatus.

547 867 627 929 Item
651 867 748 950 Elyas
771 881 881 930 sartor.

547 973 625 1036 Item
652 974 773 1036 Petrus.
926 955 929 960 ⁵
1175 973 1331 1055 Hungari.

547 1080 625 1142 Item
652 1081 796 1142 Pentera.
1077 1000 1090 1218 Ι

548 1186 625 1248 Item
652 1187 777 1248 Blasius
802 1187 930 1267 Purgar.

548 1397 625 1458 Item
650 1397 814 1480 Mylrlinus
838 1397 944 1477 judex.

547 1503 625 1565 Item
650 1503 761 1564 Petrus
786 1501 891 1583 judex.

546 1609 624 1670 Item
650 1608 834 1670 Anthonius
857 1609 954 1690 judex
1074 1637 1088 1854 Ι
1173 1607 1380 1672 Theutonici.

547 1714 623 1774 Item
650 1713 831 1796 Stephanus
854 1715 1003 1797 lapicida.

546 1819 624 1880 Item
650 1820 790 1882 Ioannes
815 1820 944 1882 Pehem.

496 2049 573 2110 Item
598 2047 695 2110 iidem
722 2047 815 2110 Chon
845 2047 951 2130 judex,
976 2049 1068 2130 jurati
1090 2064 1121 2112 et
1145 2049 1319 2112 consiliarii
1345 2049 1454 2111 omnia
1478 2060 1594 2110 statuta
1619 2061 1651 2108 et

387 2157 524 2234 decreta,
548 2169 612 2217 tarn
638 2155 669 2216 in
695 2155 835 2236 antiquis
852 2155 990 2216 laternis
1015 2167 1112 2238 quarn
1130 2157 1162 2217 in
1181 2157 1318 2239 presenti
1347 2157 1386 2217 ad
1412 2175 1525 2216 omnes
1542 2173 1651 2216 earum

386 2263 543 2324 clausulas
567 2275 722 2343 perpetuo
747 2260 977 2324 confirmarunt
1000 2263 1153 2324 valituras

571 2460 667 2534 FerIa
696 2471 792 2534 sexta
821 2467 972 2552 proxima
1002 2475 1079 2535 ante
1108 2465 1305 2536 dominicam
1335 2464 1462 2536 letare.

914 2613 981 2696 (16.
1004 2616 1128 2690 martii).

494 2755 573 2817 Item
598 2756 723 2817 Marcus
747 2755 886 2818 carnifex
910 2755 995 2818 filius
1016 2758 1140 2820 Nicolai
1166 2759 1197 2819 id
1216 2758 1356 2820 evidenti
1374 2771 1557 2820 nostrorum
1575 2777 1650 2819 con-

387 2861 506 2922 civium
538 2862 723 2923 testimonio
748 2862 779 2923 in
812 2863 887 2924 sede
912 2876 1017 2925 nostra
1047 2865 1165 2926 seriose
1197 2864 1434 2946 comprobavit,
1459 2864 1548 2946 quod
1572 2863 1648 2925 dum

387 2967 503 3050 Mykus
535 2965 674 3029 carnifex
708 2969 740 3028 in
772 2967 894 3030 ultimis
926 2967 1110 3050 laborasset,
1145 2983 1221 3032 tunc
1254 2972 1286 3032 in
1318 2971 1381 3032 vita
1407 2967 1539 3032 domine
1564 2970 1650 3032 llene

386 3075 543 3136 consortis
567 3093 633 3152 sue,
658 3074 863 3137 medietatem
888 3075 1004 3138 domus
1028 3096 1084 3137 sue
1106 3076 1211 3138 eidem
1230 3077 1339 3138 Marco
1364 3077 1532 3157 legavisset
1548 3090 1578 3137 et
1594 3095 1650 3137 sue

388 3180 539 3257 consortI,
564 3193 635 3262 post
660 3194 796 3242 mortem
821 3195 929 3243 autem
955 3183 1053 3265 ipsius
1077 3181 1162 3244 llene
1187 3193 1286 3244 totam
1315 3181 1448 3244 domum
1473 3183 1578 3243 eidem
1603 3202 1649 3244 re·

389 3284 534 3367 quuisset
557 3300 714 3368 perpetuo
738 3287 985 3368 possidendam
1003 3307 1099 3369 quam
1118 3288 1222 3350 eidem
1249 3289 1357 3350 Marco
1382 3289 1552 3350 statuimus
1575 3288 1649 3348 itre-

386 3391 573 3453 vocabilirer
597 3391 789 3453 habendam.

493 3497 570 3558 Item
596 3497 671 3578 quia
696 3497 753 3558 viri
780 3498 906 3580 providi
931 3499 1076 3560 Andreas
1092 3500 1213 3581 juratus
1230 3500 1313 3562 filius
1339 3501 1467 3562 Martini
1492 3515 1523 3563 er
1548 3498 1649 3562 Geor-

385 3601 457 3680 gius
489 3615 590 3663 sartor
621 3604 832 3664 commissarii
864 3604 948 3665 llene
985 3605 1093 3667 relicte
1128 3607 1242 3688 Mykus
1276 3605 1388 3668 decani
1421 3604 1453 3667 id
1487 3607 1650 3668 evidenter

387 3710 648 3789 comprobarunt,
685 3710 773 3791 quod
806 3711 881 3772 dum
916 3711 1018 3773 dIctus
1051 3713 1166 3794 Mykus
1198 3713 1330 3774 maritus
1364 3732 1440 3774 suus
1471 3713 1503 3773 ln
1529 3712 1650 3774 ultimis

387 3813 571 3892 laborasset,
588 3829 663 3876 tunc
680 3816 845 3896 quoddam
863 3815 960 3878 fenile
978 3835 1070 3879 suum
1089 3817 1193 3879 eidern
1220 3818 1303 3879 llene
1322 3818 1462 3880 consorti
1487 3837 1544 3879 sue
1562 3819 1649 3898 lega·

383 3919 488 3999 visset,
507 3940 603 4002 quam
614 3919 645 4003 (l)
664 3921 729 4001 ipsa
748 3921 834 3982 llena
851 3942 907 4004 per
930 3943 1006 3984 suos
1022 3924 1259 3985 commissarIos
1284 3924 1445 4005 predictos
1464 3924 1649 3984 vendicioni

388 4045 547 4107 exponere
571 4027 833 4089 testamentaliter
857 4029 1028 4108 commisit,
1060 4044 1155 4110 prout
1180 4030 1210 4090 in
1244 4030 1359 4092 eodem
1384 4041 1576 4092 testamento
1604 4030 1647 4089 vi-

385 4130 490 4192 dimus
514 4133 683 4211 continerI,
708 4132 782 4194 ideo
806 4133 912 4194 eidem
937 4134 1127 4216 reliquimus
1153 4135 1335 4197 vendicioni
1361 4136 1601 4217 exponendum.

386 4347 480 4420 Feria
510 4359 606 4420 sexta
636 4353 787 4439 proxima
825 4361 901 4442 post
930 4355 1053 4426 testum
1086 4355 1299 4444 lpartcionir
1337 4355 1426 4425 beati
1464 4355 1646 4444 Mychaelis

915 4478 1118 4566 archangeli.

930 4633 989 4702 (rr.
1014 4629 1106 4707 mair).

490 4763 567 4825 Item
593 4765 666 4846 quia
683 4766 817 4848 Mykusa
839 4766 923 4829 filius
945 4770 1080 4830 condam
1103 4770 1249 4830 Damiani
1276 4769 1308 4830 id
1333 4770 1497 4832 evidenter
1522 4783 1644 4831 nostro·

384 4891 453 4932 rum
481 4872 661 4932 concivium
687 4873 872 4934 testimonio
890 4876 1123 4955 comprobavit,
1148 4876 1235 4956 quod
1254 4876 1330 4936 dum
1356 4876 1490 4957 provida
1514 4877 1645 4937 domina

385 4977 480 5038 luana
498 4992 621 5056 vocata,
640 4993 740 5038 mater
756 4999 823 5057 sua,
842 4979 871 5039 in
891 4979 1040 5041 humanis
1056 4980 1240 5060 laborasset,
1256 4996 1332 5044 tunc
1349 4983 1535 5064 porcionem
1553 5002 1644 5044 suam
