3876 5798
649 571 738 632 Anno
761 585 851 650 1445.
878 607 917 616 -
942 591 977 652 9.
1002 575 1171 636 novembris.
1481 593 1545 656 427

283 680 340 686 -—
1181 683 1334 689 ——
1341 683 1521 690 -——-—-—.-.-

308 791 404 864 Feria
433 801 532 864 sexta
560 794 713 882 proxima
742 799 818 882 post
846 793 968 864 festum
997 795 1170 864 beatorum
1200 794 1353 882 symonis
1381 807 1414 868 et
1441 797 1528 887 Juts

791 917 1032 1006 apostolorum.

791 1069 858 1149 (29.
883 1071 1025 1144 octobris).

385 1211 463 1271 ltem
489 1212 591 1272 Janko
610 1209 695 1272 filius
718 1209 873 1272 lobannis
891 1211 991 1293 Bolye
1009 1225 1118 1272 contra
1136 1212 1280 1274 relictam
1306 1213 1460 1274 Anthonii
1479 1234 1543 1275 car-

280 1316 383 1379 nificis
407 1317 463 1378 filii
489 1317 644 1378 lohannis
669 1317 770 1399 Bolye
794 1317 899 1399 primo
924 1318 1037 1379 citatus
1065 1337 1130 1380 non
1155 1320 1345 1400 comparuit.

305 1499 309 1506 Ι
388 1423 465 1485 ltem
479 1423 591 1484 Petrus
615 1423 740 1505 Ztoyko
765 1437 873 1485 contra
892 1423 1125 1505 Margaretham
1151 1425 1229 1486 alias
1245 1425 1401 1487 nutricem
1427 1426 1544 1488 Valen-

277 1530 335 1590 tini
360 1529 452 1610 jurati
478 1530 583 1611 primo
611 1531 725 1592 citatus
749 1549 814 1591 non
839 1531 1019 1612 comparuit

386 1636 464 1698 Item
490 1635 642 1698 Clemens
666 1635 796 1714 juratus,
827 1634 978 1718 frenipar,
1010 1649 1118 1698 contra
1146 1636 1334 1698 Michaelem
1359 1637 1543 1720 selliparem

278 1742 385 1824 primo
409 1741 531 1822 judicio
556 1743 701 1824 proxime
724 1757 859 1803 venturo
883 1743 1044 1803 tenebitur
1067 1743 1272 1823 respondere.

387 1847 465 1908 ltem
495 1847 677 1908 Demetrius
701 1868 789 1910 rasor
809 1861 919 1910 contra
937 1848 1101 1931 Mathyam
1118 1848 1291 1929 agricolam
1318 1849 1349 1910 in
1374 1851 1479 1932 primo
1496 1850 1543 1931 ju-

278 1953 363 2015 dicio
388 1954 534 2037 proxime
558 1966 693 2016 venturo
717 1956 878 2016 tenebitur
901 1954 1105 2036 respondere.

386 2060 464 2122 ltem
490 2061 608 2124 Paulus
636 2059 874 2144 Sulkowycbyn
907 2076 1016 2122 contra
1042 2061 1252 2124 benedictum
1277 2059 1412 2145 Agnych
1438 2063 1543 2146 primo

278 2168 391 2230 citatus
415 2187 481 2230 non
505 2168 695 2250 comparuit.

387 2274 464 2336 ltcm
502 2275 689 2336 Franciscus
724 2272 864 2357 frenipar
906 2290 1017 2336 contra
1052 2274 1266 2336 Laurencium
1304 2276 1542 2340 candelatorem

277 2380 382 2460 primo
407 2381 521 2442 citatus
545 2400 610 2442 non
634 2381 824 2462 comparuit.

384 2485 460 2547 ltem
487 2487 681 2548 Benedictus
705 2486 800 2564 judex
825 2498 933 2548 contra
953 2485 1088 2547 Paulum
1112 2487 1312 2550 Ztanltonem
1336 2487 1541 2568 jobagionem

276 2610 370 2652 suum
395 2592 435 2653 ad
461 2592 601 2673 primum
625 2591 782 2672 judicium
800 2592 943 2674 proxime
965 2611 1135 2654 occurrens
1151 2593 1312 2653 tenebitur
1336 2594 1541 2676 respondere.

384 2697 462 2760 ltem
489 2698 649 2779 Georgius
672 2712 883 2786 campanator
910 2713 1019 2760 contra
1045 2698 1224 2760 Fabianum
1256 2713 1408 2762 sartorem
1436 2700 1541 2780 primo

278 2804 391 2866 citatus
415 2823 480 2865 non
506 2805 696 2886 comparuit.

382 2910 460 2971 ltem
486 2910 560 2992 quia
588 2910 688 2971 Elena
713 2909 804 2972 aliter
829 2911 975 2992 Kusycza
1000 2925 1111 2972 vocata
1144 2924 1253 2972 contra
1281 2909 1459 2990 Georgium
1485 2911 1541 2971 cli-

276 3031 381 3078 entem
406 3035 622 3078 successorem
648 3015 730 3078 Petri
758 3015 933 3100 Herwatyn
953 3018 1101 3080 terciario
1126 3037 1190 3078 non
1216 3016 1409 3097 comparuit,
1433 3036 1538 3098 neque

277 3122 363 3183 venit
386 3142 490 3204 neque
515 3123 616 3184 eciam
640 3106 866 3204 aliquem'pro
890 3143 922 3184 se
946 3125 1045 3184 nostri
1071 3124 1102 3184 in
1128 3123 1326 3204 presenciam
1351 3122 1447 3200 misit,
1465 3122 1539 3184 ideo

277 3227 343 3308 ipsa
369 3227 470 3289 Elena
488 3230 635 3311 Kusycza
661 3242 695 3290 ut
711 3230 801 3308 strix,
820 3248 945 3290 causam
968 3249 1058 3290 suam
1076 3248 1173 3310 quam
1191 3242 1299 3290 contra
1317 3229 1420 3310 ipsum
1441 3227 1541 3290 Geor·

275 3332 365 3412 gium
389 3333 538 3395 clientem
563 3349 707 3397 moverat
731 3348 763 3398 et
785 3355 964 3417 proponere
991 3335 1127 3397 babebat
1159 3354 1267 3396 coram
1292 3336 1396 3413 nobis,
1422 3354 1479 3416 pro
1506 3355 1538 3396 se

276 3440 403 3521 penitus
427 3441 543 3502 amisit.

382 3545 459 3609 ltem
477 3547 590 3608 eadem
608 3547 709 3610 Elena
728 3549 873 3630 Kusycza
891 3561 999 3610 contra
1017 3547 1176 3629 prefatum
1197 3547 1373 3628 Georgium
1391 3549 1539 3610 clientem

276 3672 313 3712 ex
337 3655 565 3716 commissione
600 3653 732 3735 Georgii
765 3654 858 3736 jurati
890 3654 987 3716 hodie
1012 3655 1042 3715 in
1069 3655 1173 3736 primo
1205 3653 1325 3734 judicio
1356 3673 1541 3736 comparere

277 3757 387 3821 debuit
412 3773 573 3822 ettamen
598 3779 662 3822 non
689 3761 878 3842 comparuit.

317 3979 411 4056 Faria
441 3986 547 4056 tercia
575 3986 730 4074 proxima
757 3991 835 4056 ante
863 3983 985 4055 festum
1013 3982 1102 4053 beati
1132 3981 1269 4053 Martini
1298 3984 1442 4072 episcopi
1473 3990 1505 4053 et

799 4107 1013 4180 contessoris.

776 4267 822 4336 (9.
854 4262 1035 4336 novembris).

382 4402 461 4464 ltem
487 4401 581 4480 judex
606 4415 637 4464 et
662 4402 755 4474 iurati
791 4401 937 4463 moderni
970 4421 1097 4462 causam
1124 4401 1205 4462 inter
1237 4400 1404 4461 Nicolaum
1437 4400 1537 4460 filium

278 4509 372 4585 Petri,
397 4507 536 4588 judicem
561 4507 639 4568 alias
663 4521 693 4570 et
709 4509 875 4570 concivem
902 4521 1058 4586 nostrum,
1083 4521 1113 4567 ct
1138 4507 1219 4568 inter
1237 4507 1419 4568 Emericum
1436 4505 1538 4567 lilium

277 4613 434 4675 Francisci
459 4613 565 4674 claudi
590 4629 624 4674 ut
648 4614 679 4675 in
705 4634 831 4675 causam
857 4627 1037 4692 attractum,
1063 4613 1276 4694 pereundam
1303 4612 1472 4674 Nicolaum
1490 4611 1535 4692 ju·

276 4720 379 4781 dicem
404 4733 525 4780 motam
550 4732 581 4781 et
611 4719 753 4782 habitam
784 4721 887 4781 sicet
920 4719 1035 4781 eodem
1067 4719 1167 4780 modo
1199 4717 1472 4800 adjudicaverunt,
1504 4731 1538 4779 ut

277 4827 343 4907 ipse
370 4825 523 4886 Nicolaus
551 4825 645 4906 judex
678 4845 776 4907 penes
807 4825 1050 4907 proposiciones
1081 4845 1164 4901 suas,
1187 4844 1267 4905 quas
1299 4838 1408 4886 contra
1433 4825 1537 4905 ipsum

278 4931 462 4992 Emericum
488 4951 526 4992 eo
551 4930 650 4992 modo
674 4934 886 5014 proponebat,
907 4931 1057 4992 videlicet
1074 4930 1161 5012 quod
1188 4931 1254 5011 ipse
1279 4930 1444 4992 Emericus
1467 4949 1537 5011 pre·

276 5038 361 5103 dicto
388 5037 521 5104 Nicolao
545 5037 642 5120 judici
677 5037 853 5123 dampnum
886 5036 1012 5104 fecisset
1037 5039 1067 5102 in
1100 5037 1190 5104 XXX
1215 5036 1265 5099 vel
1298 5036 1444 5122 pluribus
1467 5036 1535 5100 flor.
