3796 5812
832 1493 1302 1618 ADDENDA.

1053 1911 1092 1983 Α.

358 2072 360 2077 ’
436 2058 609 2123 (Quamquam
622 2074 704 2109 annus
723 2060 816 2110 horum
829 2061 1032 2124 fragmentorum
1044 2061 1169 2110 librorum
1190 2061 1349 2110 citationum
1368 2067 1395 2110 et
1407 2060 1600 2110 Sententiarum
1620 2060 1705 2110 desti·

471 2149 526 2197 nari
544 2163 596 2198 non
616 2155 710 2213 potest,
735 2156 820 2198 tamen
839 2165 869 2197 ea
893 2149 996 2198 meculo
1015 2150 1087 2198 XIV
1109 2155 1220 2199 exeunte
1237 2164 1295 2198 esse
1321 2150 1468 2215 conscripta
1485 2148 1668 2214 intelligitur.)

1055 2345 1087 2410 1.

546 2504 622 2565 ltern
649 2524 742 2564 causa
774 2504 939 2566 Benedicti
972 2503 1083 2566 famuli
1109 2506 1241 2566 loannis
1266 2505 1397 2588 Gracyu
1420 2506 1526 2567 taliter
1550 2520 1596 2567 est
1619 2505 1707 2587 judi-

439 2623 517 2686 cata,
541 2609 629 2691 quod
656 2610 816 2671 Fabianus
833 2610 962 2691 jobagio
979 2611 1085 2671 Endre
1104 2609 1208 2672 fratris
1229 2611 1350 2688 vicarii,
1374 2630 1432 2694 pro
1449 2613 1582 2674 vulnere
1601 2614 1708 2694 ipsius

441 2715 618 2792 Benedicti,
643 2716 748 2776 eidem
774 2735 875 2796 usque
907 2717 1087 2798 quindenas
1118 2717 1220 2778 solvet
1245 2737 1342 2778 unam
1374 2738 1514 2780 marcam
1539 2735 1571 2781 et
1594 2719 1707 2781 villico

442 2837 569 2882 centum
596 2819 788 2903 denarios.*)

546 2927 622 2988 Item
648 2927 754 3010 Mafya
780 2947 838 3009 pro
862 2928 1022 3010 vituperio
1040 2929 1201 3011 Ztoyuulk
1222 2930 1328 2991 eidem
1350 2930 1429 2991 duas
1453 2951 1574 2992 rnarcas
1598 2944 1630 2991 et
1647 2931 1708 2992 vil-

440 3033 502 3094 lico
527 3047 655 3095 centurn
680 3034 829 3096 denarios
852 3053 954 3116 usque
979 3035 1158 3116 quindenas
1182 3036 1294 3098 solvet.

547 3141 625 3201 Item
645 3141 837 3203 Benedictus
854 3141 993 3203 carnifex
1007 3143 1094 3203 solus
1111 3157 1225 3204 octavo
1243 3143 1295 3205 die
1311 3163 1406 3224 super
1423 3162 1472 3220 e0,
1490 3143 1578 3224 quod
1596 3143 1706 3223 ipsum

440 3247 549 3307 Bartol
574 3246 713 3308 carnifex
739 3268 841 3329 usque
866 3248 1055 3310 effusionem
1087 3250 1251 3330 sanguinis
1282 3249 1488 3331 percussisset
1509 3250 1709 3330 voluntarie,

440 3352 570 3433 jurabit.

548 3459 625 3522 Item
652 3461 735 3520 lwan
768 3461 807 3521 de
840 3460 987 3523 Grachan
1020 3459 1149 3542 iobagio
1182 3461 1281 3522 Marci
1312 3462 1414 3523 tercio
1447 3481 1480 3523 se
1513 3475 1628 3524 octavo
1654 3464 1709 3526 die

440 3585 535 3647 super
566 3586 616 3644 eo,
648 3567 735 3647 quod
769 3569 835 3648 ipse
868 3567 1032 3628 dominatu
1066 3582 1199 3628 matrem
1233 3567 1330 3629 Blasii
1361 3567 1418 3629 filii
1451 3567 1708 3631 chhecheuich

443 3693 508 3734 non
533 3671 736 3752 interfecerit,
761 3674 885 3754 jurabit.

549 3781 625 3840 ltern
652 3780 736 3840 idern
762 3779 1115 3860 lwanquatuordecim
1134 3800 1247 3862 pensas
1272 3780 1481 3842 denariorum
1506 3781 1557 3842 vel
1584 3781 1709 3844 medie·

440 3900 538 3948 tatem
563 3886 656 3946 vinee
682 3886 740 3967 ipsi
767 3886 871 3946 Blasio
896 3905 996 3966 usque
1021 3885 1200 3966 quindenas
1224 3886 1336 3948 solvet.

551 3993 629 4053 Item
655 4012 748 4053 causa
774 3991 928 4052 iohannis
945 3989 1091 4072 pellificis
1115 4005 1223 4054 contra
1242 3993 1372 4074 Reynar
1396 3993 1435 4054 ad
1452 4007 1601 4056 octavum
1619 3993 1708 4056 diem

442 4119 480 4159 eo
505 4099 603 4160 modo
627 4113 673 4159 est
697 4113 877 4180 prorogata,
902 4098 989 4180 quod
1015 4098 1073 4176 illi,
1104 4097 1159 4178 qui
1185 4099 1266 4160 inter
1298 4119 1353 4161 eos
1377 4113 1565 4182 computum
1590 4120 1708 4183 posue·

443 4219 526 4282 runt,
552 4205 622 4264 illas
646 4205 831 4285 quindecim
849 4225 970 4266 marcas
995 4205 1199 4266 denariorum
1219 4206 1346 4266 racione
1363 4225 1499 4286 quarum
1517 4206 1705 4287 quindecim

443 4329 621 4370 marcarum
646 4311 840 4372 interdictas
864 4324 967 4392 partes
985 4311 1022 4372 lis
1047 4312 1126 4374 verti
1152 4312 1292 4374 noscitur
1311 4313 1559 4376 nominaverunt
1583 4314 1635 4374 vel
1653 4333 1707 4393 ne,

443 4415 544 4478 facere
575 4416 701 4478 debent.

550 4525 630 4585 ltern
654 4524 852 4604 Dragozlaus
875 4524 1012 4584 condam
1030 4523 1151 4605 juratus
1175 4538 1284 4586 contra
1303 4526 1470 4587 Matenum
1494 4525 1634 4606 juratum
1653 4544 1707 4587 oc·

442 4645 516 4692 tavo
542 4632 593 4692 die
619 4631 789 4712 assumpsit
813 4631 1018 4712 respondere.

550 4737 628 4799 Item
654 4737 846 4798 Benedictus
875 4737 1000 4797 Mezara
1034 4751 1142 4798 contra
1168 4739 1336 4800 Marenunt
1362 4739 1499 4820 juratum
1533 4738 1638 4820 primo
1662 4738 1707 4799 ci·

443 4855 527 4903 tatus
550 4862 616 4903 non
646 4843 835 4924 comparuit.

559 5032 584 5103 ⁸)
609 5037 759 5101 Fragmenti
778 5035 856 5087 huius
875 5043 901 5087 et
919 5037 990 5086 exesi
1008 5052 1038 5086 ac
1056 5051 1102 5103 per
1120 5035 1234 5087 medium
1251 5035 1327 5087 scissi
1344 5052 1404 5102 pars
1418 5035 1526 5086 inferior
1544 5035 1628 5088 deest.
