3740 5810
797 543 884 602 Anno
905 555 997 619 1422.
1021 575 1064 585 —-
1087 555 1138 604 22.
1154 540 1313 618 januarii.

531 755 610 817 Item
625 754 770 816 Andreas
786 755 935 818 Swechar
952 767 1060 817 contra
1080 754 1271 816 Mauricium
1292 753 1395 816 filium
1412 753 1567 816 Anthonii
1585 753 1687 835 primo

426 862 540 924 citatus
563 881 629 924 non
653 863 843 945 comparuit.

533 967 611 1028 Item
636 987 730 1028 causa
755 967 838 1030 iuter
850 969 1015 1030 Vrbanum
1033 967 1253 1049 Crapcheuich
1272 980 1304 1029 et
1320 966 1538 1050 Zydowchich
1562 977 1687 1047 recepta

426 1074 534 1138 estad
558 1093 671 1156 pacem
696 1074 736 1135 ad
761 1075 901 1156 primum
926 1073 1092 1156 judicium.

533 1199 611 1260 Item
636 1219 729 1260 causa
754 1199 836 1260 inter
860 1200 1035 1261 Martinam
1067 1197 1169 1262 filium
1194 1198 1324 1260 Martini
1349 1211 1379 1260 et
1403 1196 1582 1278 Georgium
1607 1195 1688 1258 Gra·

426 1305 535 1368 barich
559 1319 685 1386 recepta
710 1305 820 1366 estad
844 1324 956 1387 pacem
980 1305 1020 1366 ad
1045 1305 1186 1387 primum
1210 1303 1377 1386 judicium.

531 1413 609 1475 Item
627 1411 787 1492 Georgius
812 1409 1010 1492 Oprasnicha
1036 1410 1132 1472 debet
1163 1429 1349 1493 comparere
1372 1410 1413 1472 ad
1438 1410 1580 1492 prImum
1604 1407 1686 1492 judi-

426 1521 511 1581 cium
533 1539 592 1602 pro
618 1538 711 1580 causa
737 1517 946 1599 interipsum
972 1531 1003 1579 et
1027 1518 1094 1578 Juri
1115 1517 1287 1599 gibbosum
1311 1517 1420 1580 habita
1442 1535 1501 1598 pro
1526 1514 1688 1577 filiosuo.

531 1643 609 1704 Item
633 1647 761 1723 Agnesa
786 1641 894 1703 relicta
919 1642 1056 1703 condam
1082 1642 1235 1724 Stephani
1260 1639 1364 1702 fratris
1396 1639 1530 1723 Musych
1555 1638 1587 1700 id
1612 1658 1687 1699 cum

424 1749 594 1813 sufficienti
611 1763 641 1809 et
657 1748 797 1810 evidenti
821 1761 1005 1810 nostrorum
1021 1748 1203 1810 concivium
1219 1747 1405 1810 testimonio
1430 1747 1514 1808 cIare
1538 1763 1688 1828 compro·

425 1858 512 1920 bavit
535 1874 643 1918 coram
661 1855 765 1934 nobis,
788 1854 877 1935 quod
895 1855 972 1915 dum
990 1854 1074 1916 idem
1101 1854 1281 1936 Stephanus
1297 1855 1345 1916 vIr
1361 1873 1436 1916 suus
1452 1873 1562 1915 versus
1580 1865 1687 1934 partes

425 1963 565 2026 marinas
596 1981 654 2044 pro
679 1960 897 2022 mercImoniis
929 1962 1077 2022 recedere
1109 1961 1280 2040 voluisset,
1311 1973 1388 2023 tunc
1419 1960 1565 2022 universa
1598 1962 1685 2020 bona

424 2090 479 2131 sua
505 2069 638 2130 mobilia
662 2081 693 2128 et
717 2067 897 2128 immobilia
922 2087 1111 2150 supeream
1136 2081 1166 2129 et
1189 2066 1292 2129 filium
1312 2087 1406 2128 suum
1431 2066 1605 2128 dimisisset
1630 2065 1688 2142 sic,

425 2176 514 2258 quod
541 2175 715 2236 inteream
742 2186 773 2234 et
794 2171 896 2234 filium
922 2193 1047 2255 semper
1079 2174 1110 2235 In
1142 2175 1400 2254 supervIventem
1429 2171 1689 2235 condescendere

424 2282 588 2358 deberent,
623 2280 677 2341 sed
703 2279 780 2360 quia
811 2277 896 2340 filius
930 2300 1006 2340 suus
1040 2279 1103 2360 jam
1137 2280 1228 2359 obiit,
1263 2279 1337 2342 ideo
1372 2299 1469 2362 super
1503 2299 1573 2340 eam
1611 2297 1689 2339 con-

425 2387 670 2450 descenderunt.

530 2493 608 2555 Item
633 2492 770 2554 Michael
788 2493 912 2575 pridem
937 2511 1032 2574 preco
1058 2491 1154 2553 hodie
1171 2492 1211 2554 ad
1229 2507 1301 2554 octo
1320 2493 1387 2554 dies
1410 2491 1573 2553 solitarius
1590 2491 1690 2553 debet

424 2598 638 2682 juramentum
665 2612 803 2680 prestare
820 2613 929 2660 contra
955 2598 1131 2678 Georgium
1155 2599 1273 2660 WoIek
1290 2601 1345 2678 sic,
1370 2599 1458 2680 quod
1475 2599 1534 2660 sibi
1560 2599 1688 2659 nullum

424 2705 601 2788 dampnum
619 2703 754 2783 fecisset,
778 2705 833 2766 tali
851 2724 924 2766 cum
953 2704 1155 2782 condicione,
1179 2707 1267 2786 quod
1292 2705 1375 2768 side
1399 2718 1504 2766 cetero
1523 2705 1555 2764 in
1576 2703 1688 2785 aliquo

426 2811 585 2874 maleficio
610 2811 827 2894 deprehensus
855 2810 961 2889 suerit,
993 2823 1108 2872 extunc
1141 2813 1261 2892 absque
1294 2811 1383 2872 omni
1408 2809 1529 2891 judicio
1554 2829 1688 2892 suspen·

425 2921 513 2982 dium
539 2917 603 3002 pati
629 2917 754 2979 debeat.

529 3041 607 3103 Item
632 3039 753 3122 judices
777 3054 808 3102 et
831 3039 925 3121 jurati
950 3039 1183 3119 adjudicarunt,
1208 3039 1296 3122 quod
1321 3038 1497 3123 Goychech
1522 3039 1620 3101 hodie
1646 3039 1688 3100 ad

424 3147 610 3228 quindecim
636 3147 704 3208 dies
728 3146 824 3207 debet
855 3147 1036 3228 persolvere
1065 3146 1208 3227 quinque
1241 3145 1310 3208 flor.
1343 3159 1374 3208 et
1394 3145 1514 3207 XXXII
1538 3145 1690 3206 denarios

424 3253 551 3313 Adamo
575 3273 633 3334 pro
662 3272 711 3330 e0,
743 3253 819 3333 quia
851 3253 918 3334 Ipse
942 3252 1046 3313 Adam
1079 3269 1137 3334 pro
1169 3251 1284 3314 eodem
1318 3250 1491 3334 Goychech
1526 3249 1689 3332 Gregorio

421 3358 547 3440 pridem
564 3358 668 3441 jurato
692 3357 915 3440 persolvisset3
939 3377 998 3439 pro
1016 3358 1073 3419 illo
1095 3369 1203 3420 autem
1227 3377 1301 3419 vase
1325 3357 1391 3419 vini
1416 3357 1505 3439 quod
1529 3357 1628 3420 exivit
1654 3358 1687 3419 in

423 3465 554 3526 cellario
578 3485 636 3526 suo
660 3465 720 3526 sibi
752 3463 912 3542 satisfecit,
945 3464 1034 3545 quod
1066 3483 1139 3524 cum
1168 3461 1337 3525 sufficienti
1368 3477 1551 3525 nostrorum
1576 3463 1689 3524 conci·

422 3571 511 3632 vium
536 3571 759 3653 comprobavit
782 3589 890 3632 coram
920 3570 1031 3644 nobis3
1064 3569 1193 3651 dequo
1227 3570 1292 3652 ipse
1318 3569 1493 3653 Goychech
1517 3589 1583 3632 non
1609 3590 1688 3632 con·

420 3691 527 3740 tentus
550 3677 703 3760 protraxit
727 3697 835 3738 coram
859 3677 1040 3738 senioribus
1064 3675 1234 3758 judicibus.

528 3800 605 3861 Item
630 3801 705 3882 quia
730 3799 876 3862 Thomas
898 3819 997 3880 gener
1022 3799 1178 3861 Lodouici
1208 3818 1282 3861 curn
1305 3799 1470 3882 fidedigno
1494 3800 1688 3864 testImonio

423 3907 655 3988 comprobavit,
680 3906 767 3987 quod
792 3907 885 3967 dacus
907 3907 1093 3968 kiuternIsta
1118 3906 1258 3968 eundem
1274 3907 1463 3986 verberavit,
1489 3907 1563 3969 ideo
1588 3907 1685 3988 jurati

422 4013 655 4092 adiudIcarunt,
681 4025 716 4073 ut
739 4013 825 4073 idem
850 4013 943 4074 Jacus
966 4013 1027 4094 ipsi
1044 4012 1172 4074 Thome
1198 4012 1279 4074 Infra
1296 4013 1484 4095 quindecim
1509 4015 1577 4076 dies
1602 4014 1688 4077 duo·

421 4133 530 4180 centos
554 4131 585 4180 et
609 4117 842 4200 quInquagInta
866 4119 1014 4180 denarios
1037 4119 1218 4200 persolvere
1243 4119 1367 4183 debeat.

467 4355 563 4429 Feria
591 4366 690 4428 sexta
718 4361 872 4446 proxima
905 4366 983 4430 ante
1011 4359 1133 4431 festum
1162 4357 1395 4431 Conversionis
1424 4359 1514 4430 beati
1542 4358 1640 4430 Pauli

976 4482 1132 4572 apostoli.

921 4649 986 4731 (22.
1002 4653 1163 4730 januaria).

528 4792 604 4854 Item
624 4791 716 4873 jurati
734 4791 967 4873 adjudicarunt,
985 4792 1072 4873 quod
1091 4794 1253 4855 Rarnahas
1269 4806 1370 4855 sartor
1386 4807 1495 4855 contra
1514 4794 1685 4858 dominam
1751 4803 1759 4819 '

422 4912 605 4961 consortem
639 4898 781 4980 magistri
813 4899 947 4960 Fabiani
979 4899 1066 4960 solus
1097 4899 1324 4981 (juramentum
1362 4913 1502 4983 prestare
1537 4902 1684 4985 tenetur)

421 5005 510 5089 quod
535 5005 636 5088 Ipsam
661 5025 725 5067 non
750 5005 969 5088 vituperasset,
994 5018 1024 5066 et
1048 5004 1109 5068 hoc
1132 5021 1246 5069 octavo
1271 5007 1334 5070 die.
