3740 5810
568 545 654 602 Anno
675 558 767 622 1423.
793 578 833 588 —
851 558 909 620 30.
931 544 1044 617 aprilis.
1382 561 1441 622 ¹¹9

173 764 270 838 Feria
301 775 402 838 sexta
430 767 584 856 proxima
612 773 690 836 ante
719 765 841 836 festum
868 765 1041 835 beatorum
1072 763 1215 853 Philippi
1245 771 1277 834 et
1306 763 1423 853 Jacobi

377 887 382 898 '
686 889 926 978 apostolorum.

697 1059 761 1137 (30.
785 1059 919 1136 aprilis).

293 1221 371 1283 Item
405 1222 566 1283 Barnabas
598 1219 682 1282 filius
713 1219 841 1281 Andree
881 1219 958 1282 civis
986 1219 1121 1282 civitatis
1158 1220 1439 1302 Montisgrecensis

174 1347 247 1388 curn
275 1326 446 1389 sufficienti
471 1341 502 1390 et
518 1327 659 1390 evidenti
680 1341 864 1388 nostrorum
880 1325 1062 1387 concivium
1078 1326 1264 1388 testimonio
1290 1345 1437 1410 compro-

174 1435 261 1494 bavit
289 1453 396 1495 coram
426 1434 529 1512 nobis,
562 1433 651 1515 quod
684 1434 786 1495 Lucas
818 1433 1020 1495 barbitonsor
1051 1431 1136 1494 filius
1169 1431 1270 1510 Pauli,
1296 1432 1373 1494 dum
1406 1433 1438 1494 in

175 1539 327 1601 humanis
350 1540 476 1621 egisset,
501 1540 675 1622 quemdam
700 1538 837 1601 fundum
866 1557 1003 1599 vacuum
1036 1539 1067 1599 in
1092 1539 1163 1600 vico
1187 1537 1438 1619 lucifigulorum‚

174 1647 256 1707 inter
294 1645 412 1708 fundos
446 1661 477 1708 et
512 1645 627 1707 domos
659 1645 802 1707 eiusdem
836 1645 980 1706 Barnabe
1013 1657 1045 1706 et
1077 1644 1181 1705 Sabke
1212 1644 1277 1705 filie
1309 1644 1440 1706 domine

174 1752 378 1834 Margarethe
415 1752 580 1831 habiturn,
617 1752 707 1814 alteri
744 1749 944 1833 Margaretbe
978 1749 1044 1812 filie
1083 1751 1194 1812 iacobi
1229 1751 1440 1833 perpetuavit,

174 1873 370 1940 mortuaque
402 1859 516 1920 eadem
548 1859 749 1940 Margaretha
783 1859 814 1920 in
846 1858 985 1919 eundem
1018 1857 1199 1920 Barnabam
1224 1857 1291 1939 ipse
1321 1855 1440 1918 fundus

173 1985 230 2047 per
257 1966 402 2027 iwanum
427 1966 584 2027 decanum
608 1977 766 2043 sutorum,
791 1965 1046 2026 commissarium
1071 1964 1214 2024 eiusdem
1229 1963 1440 2044 Margarethe,

173 2084 220 2132 est
244 2071 339 2134 datus
363 2085 394 2133 et
417 2085 632 2154 perpetuatus,
657 2071 731 2133 ideo
755 2071 895 2133 eundern
920 2070 978 2154 ipsi
1012 2071 1157 2132 Barnabe
1181 2069 1351 2131 statuimus
1367 2089 1439 2152 per·

174 2191 274 2260 petuo
298 2177 542 2259 possidendum.

283 2301 360 2364 Item
386 2302 548 2363 Barnabas
577 2315 678 2363 sartor
709 2316 818 2364 contra
852 2301 1029 2382 Georgium
1054 2315 1208 2362 sartorem
1241 2299 1368 2382 pridem
1392 2299 1441 2382 ju·

178 2420 282 2469 ratum
308 2407 412 2489 primo
441 2407 554 2469 citatus
578 2428 643 2470 non
668 2408 859 2490 comparuit.

284 2513 361 2574 item
379 2512 563 2575 Anthonius
578 2533 677 2594 gener
702 2513 875 2594 Ozmonog
892 2527 1002 2576 contra
1020 2513 1117 2575 Paule
1134 2509 1316 2573 carnificem
1334 2512 1440 2594 primo

175 2621 290 2682 citatus
314 2639 379 2681 non
404 2620 594 2702 comparuit.

282 2727 362 2788 Item
395 2727 479 2788 Rosa
511 2745 590 2788 uxor
623 2725 752 2788 Thorne
776 2727 858 2788 servi
891 2725 1028 2788 condam
1061 2726 1157 2788 iwani
1182 2739 1290 2788 contra
1316 2725 1440 2788 Antho-

174 2833 266 2895 nium
290 2847 446 2895 sartorem
469 2833 574 2916 primo
599 2833 692 2894 citata
718 2852 783 2894 non
808 2833 997 2916 comparuit.

285 2957 364 3019 item
389 2957 635 3020 Bartholomeus
666 2957 751 3020 filius
783 2958 868 3019 lwan
893 2959 971 3020 civis
1002 2973 1111 3020 contra
1137 2959 1311 3020 Martinum
1336 2957 1438 3022 filium

176 3063 409 3125 Plemenschak
433 3062 578 3126 similiter
602 3064 704 3125 civem
729 3063 872 3126 secundo
896 3065 1009 3127 citatus
1032 3084 1098 3126 non
1123 3065 1312 3146 comparuit.

284 3171 361 3232 Item
398 3170 565 3232 Farkasius
595 3171 643 3230 vir
673 3170 781 3232 relicte
812 3170 949 3232 condam
982 3171 1179 3252 Sigismundi
1204 3171 1298 3252 jurati
1330 3185 1441 3234 contra

177 3277 334 3339 Jacobum
350 3276 497 3339 Horuath
514 3277 707 3338 modernum
724 3276 861 3356 juratum
879 3277 1022 3339 secundo
1040 3277 1153 3338 citatus
1167 3296 1231 3338 non
1249 3279 1440 3360 comparuit.

283 3383 361 3446 Item
395 3383 513 3444 Paulus
544 3382 742 3444 Zidouchich
774 3383 898 3466 pridem
930 3382 1051 3464 juratus
1083 3395 1191 3444 contra
1225 3383 1440 3447 Laurencium

176 3490 302 3571 pridem
328 3503 359 3551 et
383 3489 575 3550 modernum
600 3488 738 3572 juratum
764 3489 905 3551 secundo
934 3490 1047 3551 citatus
1071 3508 1136 3550 non
1162 3491 1350 3571 comparuit.

283 3596 364 3658 item
399 3595 539 3657 Michael
571 3596 704 3657 claudus
736 3610 845 3658 contra
875 3597 1055 3659 Johannem
1086 3609 1239 3658 sartorem
1264 3599 1370 3679 primo
1398 3599 1441 3660 ci·

175 3716 259 3766 tatus
284 3722 351 3764 non
376 3702 564 3784 comparuit.

282 3809 362 3871 Item
387 3809 505 3870 Paulus
529 3809 659 3892 Babych
684 3823 791 3870 contra
816 3809 1018 3870 Anthonium
1037 3808 1205 3872 Chernecb
1230 3810 1372 3872 secundo
1398 3812 1441 3872 ci-

175 3929 258 3977 tatus
283 3935 349 3976 non
375 3915 565 3998 comparuit.

284 4023 363 4084 Item
396 4022 557 4084 Fabianus
588 4022 730 4083 literatus
761 4035 871 4084 contra
905 4022 1082 4084 Barnabam
1112 4036 1266 4084 sartorem
1299 4021 1441 4084 secundo

176 4131 292 4192 citatus
315 4149 381 4190 non
406 4129 596 4210 comparuit.

284 4235 363 4297 ltern
388 4235 528 4296 decanus
559 4234 728 4296 Marchech
761 4251 869 4297 contra
903 4237 1121 4316 Augustinum
1153 4237 1262 4299 Cusne
1298 4237 1441 4299 secundo

177 4341 292 4404 citatus
315 4361 381 4402 non
406 4341 595 4422 comparuit.

284 4446 362 4508 Item
380 4446 511 4529 Gyurak
529 4446 669 4508 carnifex
692 4459 723 4508 et
740 4447 893 4509 Clemens
910 4448 1043 4510 Cramar
1060 4462 1170 4510 contra
1194 4449 1329 4510 Paulum
1350 4449 1441 4510 Hun-

179 4572 291 4634 garum
315 4553 457 4614 secundo
482 4553 595 4617 citatus
619 4573 684 4615 non
709 4555 898 4636 comparuit.

287 4677 366 4738 Item
383 4677 459 4758 quia
484 4677 628 4739 Thomas
646 4677 808 4761 Ochwyrk
825 4679 1072 4760 cognominatus
1088 4677 1172 4740 filius
1189 4679 1315 4740 Nicolai
1333 4691 1442 4739 noster

185 4889 404 4970 comprobavit
427 4909 534 4951 coram
559 4889 663 4968 nobis,
696 4891 784 4972 quod
810 4892 934 4953 Blasius
956 4891 1089 4972 Zegrich
1112 4891 1224 4971 dictus,
1250 4893 1442 4972 consangui-

185 5011 259 5056 neus
282 4995 437 5076 eiusdem,
462 4995 540 5058 dum
557 4996 696 5076 vixisset,
722 4997 884 5080 quandam
902 4999 1014 5062 silvam
1032 5018 1121 5064 suam
1147 4999 1178 5062 in
1204 4999 1364 5065 vicinitate
1389 4999 1440 5060 sil-
