3740 5810
451 587 510 647 1'50
830 570 1025 645 Ann01432.
1049 601 1089 612 —
1114 565 1165 629 18.
1181 571 1333 644 januarii.

518 784 613 860 Faria
643 789 750 860 tercia
777 792 931 878 proxima
959 796 1037 878 post
1065 789 1187 860 leolum
1215 787 1477 880 Epiphaninrum
1505 791 1643 864 Domini.

864 938 911 1020 (8.
935 941 1083 1019 januarii
1102 962 1173 1004 ann.
1197 945 1301 1021 1432).

556 1082 632 1145 Item
659 1083 733 1164 quia
752 1081 912 1162 Georgius
929 1081 1076 1164 Aythych
1094 1081 1235 1143 concivis
1259 1097 1365 1144 noster
1389 1083 1565 1164 quemdam
1590 1104 1702 1165 equum

451 1191 536 1273 apud
553 1191 666 1272 Mykse
691 1188 917 1251 Corintianum
938 1187 1040 1250 filium
1059 1189 1172 1271 Maryn
1201 1189 1233 1250 in
1252 1189 1429 1251 Blasichew
1445 1204 1703 1267 commorantem,

449 1298 632 1360 incivitate
665 1296 806 1379 predicta
830 1310 1013 1378 reppertum
1038 1316 1096 1378 pro
1127 1296 1250 1378 justicie
1280 1297 1519 1378 complemento
1551 1297 1703 1374 arestavit,

450 1407 555 1487 ipsum
581 1421 700 1484 equum
724 1421 818 1463 suum
843 1403 1055 1484 comprobare
1083 1402 1235 1481 volendo,
1267 1402 1406 1485 ideoque
1431 1403 1523 1484 jurati
1546 1402 1701 1482 adjudica·

449 1523 574 1588 verunt,
598 1509 686 1590 quod
711 1509 778 1592 ipse
803 1508 964 1590 Georgius
987 1509 1085 1570 tercio
1114 1529 1146 1570 se
1170 1510 1315 1591 personis
1347 1511 1406 1572 sibi
1431 1511 1589 1572 similibus
1610 1531 1701 1594 super

449 1618 554 1700 ipsum
572 1635 693 1698 equum
711 1635 805 1698 super
829 1635 868 1677 eo
893 1614 1024 1677 deberet
1047 1615 1162 1697 jurare,
1179 1629 1214 1678 ut
1237 1616 1304 1698 ipse
1328 1635 1430 1698 equus
1454 1617 1552 1699 ipsius
1576 1615 1702 1697 Georgii

448 1724 488 1786 sit
512 1722 661 1806 proprius
693 1735 724 1785 et
751 1741 861 1798 verus;
887 1735 918 1782 et
949 1722 1025 1803 quia
1057 1721 1142 1782 idem
1176 1721 1335 1804 Georgius
1367 1723 1471 1806 ipsum
1496 1723 1702 1804 juramentum

448 1850 543 1913 super
566 1831 635 1912 ipso
660 1848 745 1910 equo
769 1828 905 1910 prestitit
934 1841 968 1889 ut
992 1828 1112 1907 debuit,
1144 1848 1181 1890 ex
1207 1847 1310 1912 eoque
1342 1830 1446 1911 ipsum
1478 1850 1596 1912 equum
1621 1830 1701 1891 idem

452 1934 613 2016 Georgius
636 1934 776 1996 obtinuit
799 1934 922 2016 justicia
947 1935 1140 2014 requirente.

522 2133 618 2210 Faria
646 2142 744 2208 sexta
771 2139 926 2226 proxima
954 2143 1031 2224 post
1059 2136 1180 2207 festum
1208 2134 1469 2226 Epiphaniarum
1498 2137 1634 2208 Domini.

958 2282 1016 2349 (11.
1033 2272 1194 2349 Jhnuarit).

555 2394 634 2456 ltem
666 2394 760 2476 jurati
791 2393 1065 2476 adjudicaverunt,
1098 2407 1132 2454 ut
1159 2393 1270 2454 Petrus
1300 2393 1420 2472 juratus
1452 2393 1554 2456 dictus
1584 2393 1697 2474 Zablya

450 2500 546 2562 debet
568 2499 673 2580 jurare
705 2514 818 2562 octavo
851 2501 902 2562 die
936 2499 1122 2561 terciusmet
1152 2519 1247 2580 super
1271 2519 1309 2560 eo
1333 2519 1428 2582 super
1459 2520 1556 2579 aram,
1580 2513 1611 2560 ut
1636 2499 1698 2580 ipse

450 2605 549 2668 nichil
565 2607 637 2689 plus
663 2607 782 2689 recepit
805 2608 844 2669 de
869 2621 1001 2688 argento
1026 2619 1057 2666 et
1081 2605 1120 2666 de
1144 2606 1239 2666 rebus
1263 2605 1417 2667 lobannis
1441 2606 1618 2668 stacionarii
1643 2605 1699 2665 nisi

450 2713 530 2776 illud
554 2715 642 2796 quod
666 2715 769 2795 ipsum
794 2712 970 2774 secundum
995 2726 1140 2774 tenorem
1171 2712 1350 2773 testamenti
1383 2712 1527 2774 eiusdem
1551 2711 1694 2774 lobannis

451 2821 671 2883 concernebat.

557 2925 635 2987 ltem
660 2925 775 3004 jurabit
798 2938 913 2986 octavo
938 2924 990 2984 die
1023 2924 1204 3007 Stephanus
1228 2925 1373 2987 Pundich
1406 2939 1515 2987 contra
1540 2925 1698 2986 dominum

452 3031 631 3094 Fabianum
655 3031 829 3114 plebanum
854 3031 892 3092 de
918 3031 1039 3092 Kasina
1062 3051 1157 3112 super
1180 3051 1268 3092 aram
1300 3051 1394 3113 super
1418 3051 1457 3092 eo
1481 3032 1646 3106 solitarius,
1668 3043 1699 3090 ut

452 3138 575 3220 ipsein
599 3140 693 3199 rebus
717 3137 841 3200 domini
874 3138 1008 3198 Fabiani
1040 3137 1174 3220 predicti
1198 3137 1284 3220 apud
1315 3138 1454 3199 eundem
1487 3139 1520 3199 in
1544 3155 1698 3199 conserva·

452 3244 544 3306 cione
568 3243 684 3304 habitis
708 3257 738 3304 et
762 3244 909 3326 repositis
933 3243 1058 3305 nullum
1083 3245 1211 3325 penitus
1236 3243 1412 3326 dampnum
1439 3245 1545 3306 eidem
1569 3243 1647 3304 iecit.

505 3443 601 3516 laria
630 3452 727 3516 sexta
755 3447 911 3534 proxima
938 3455 1015 3534 post
1043 3445 1164 3516 iestum
1193 3445 1284 3516 beati
1317 3443 1477 3516 Anthonii
1506 3447 1651 3517 monachi

942 3575 975 3640 et
1003 3569 1218 3642 confessoris.

938 3719 1003 3796 (18.
1029 3724 1196 3798 januaria).

561 3860 639 3920 ltem
664 3859 737 3940 quia
763 3860 912 3940 magister
937 3861 1116 3942 Stephanus
1148 3861 1251 3922 dictus
1276 3861 1420 3922 Pundich
1445 3877 1547 3924 sartor
1570 3875 1600 3923 et
1622 3877 1697 3922 rasor

451 3985 631 4049 pannorum
664 3965 879 4045 juramentum
911 3967 970 4027 sibi
1002 3967 1145 4028 solitario
1184 3980 1294 4029 contra
1329 3967 1498 4029 dominum
1531 3969 1696 4030 Fabianum

451 4073 624 4156 plebanum
650 4073 690 4132 de
715 4073 842 4154 Kasyna
868 4072 1067 4155 perjuratus
1095 4072 1313 4152 adjudicatum
1345 4093 1442 4156 super
1465 4095 1552 4136 aram
1577 4073 1697 4156 prestitit

452 4194 488 4240 ut
512 4178 633 4256 debuit,
658 4178 732 4239 ideo
757 4179 861 4259 ipsum
884 4179 1070 4259 magistrum
1090 4178 1287 4260 Stephanum
1312 4179 1467 4263 Pundych
1493 4182 1524 4242 iu
1542 4179 1622 4242 lacto
1637 4197 1696 4262 pre·

452 4285 526 4346 dicti
558 4283 727 4366 juramenti
760 4284 800 4344 ad
832 4285 1018 4346 instanciam
1056 4285 1131 4345 dicti
1165 4283 1287 4346 domini
1324 4286 1459 4348 Fabiani
1492 4287 1696 4348 commisimus

451 4390 646 4473 expeditum.

557 4495 636 4557 ltem
662 4496 735 4577 quia
769 4497 879 4558 Petrus
910 4497 1035 4578 pridem
1067 4497 1188 4577 iuratus
1211 4498 1313 4559 dictus
1346 4498 1467 4581 Zablya
1491 4499 1694 4580 juramentum

453 4602 514 4664 sibi
547 4602 715 4664 terciomet
745 4619 852 4664 contra
885 4623 1017 4664 uxorem
1048 4604 1186 4664 condam
1219 4603 1372 4664 iohannis
1403 4606 1593 4684 stacionarii,
1623 4620 1695 4665 nunc

452 4723 556 4770 autem
592 4728 725 4770 uxorem
757 4708 946 4789 legittimam
981 4710 1061 4792 Elye
1092 4711 1232 4787 sartoris,
1263 4729 1320 4791 per
1351 4709 1470 4790 juratos
1493 4711 1693 4792 adjudicatum

451 4815 537 4897 juxta
571 4815 707 4878 eandem
738 4814 1014 4895 adjudicacionem
1046 4815 1222 4896 juratorum
1254 4835 1349 4898 super
1381 4835 1468 4877 aram
1511 4816 1640 4899 prestitit
1667 4825 1694 4872 ut

453 4921 575 5000 debuit,
600 4922 738 5002 ideoque
764 4922 868 5003 ipsum
893 4921 1020 4984 Petrum
1046 4922 1183 5003 juratum
1209 4921 1241 4983 in
1274 4921 1357 4984 lacto
1382 4922 1516 5003 predicti
1540 4916 1692 5006 juramenti

451 5028 491 5092 ad
516 5028 705 5092 instanciam
730 5028 828 5112 ipsius
854 5029 951 5092 Elene
977 5029 1196 5094 commisimus
1220 5027 1288 5095 iore
1312 5028 1508 5115 expeditum.
