3734 5796
413 537 476 599 290
776 521 862 578 Anno
885 517 978 596 1438.
1003 553 1048 564 —
1064 531 1098 595 5.
1122 521 1294 595 septembris.

412 742 489 790 tunc
516 729 582 811 ipse
600 729 749 790 Vrbanus
765 749 999 811 recognoscens
1015 751 1048 792 se
1066 745 1096 791 et
1113 751 1185 791 suas
1202 730 1344 792 malicias
1361 749 1397 792 ac
1414 729 1496 793 furta
1522 745 1554 793 et
1571 731 1678 812 culpas

413 835 541 918 publice
567 849 597 896 et
621 855 729 897 coram
754 836 901 918 pluribus
925 837 1011 915 viris,
1034 837 1186 898 videlicet
1211 834 1359 898 Ladislao
1384 836 1561 915 Zalowich,
1588 837 1677 898 Petro

414 941 602 1022 Vagowich,
627 942 722 1004 Petro
747 943 833 1025 Sayn
857 963 894 1004 ac
918 942 1048 1004 Thoma
1066 941 1243 1025 Kopozych
1265 961 1300 1004 ac
1317 942 1388 1003 aliis
1412 962 1510 1023 quam
1533 943 1677 1025 pluribus

415 1047 579 1110 nobilibus
603 1061 634 1110 et
658 1061 723 1110 tota
749 1050 861 1132 populi
889 1049 1097 1112 multitudine
1129 1049 1208 1110 dixit
1230 1049 1359 1131 publice
1391 1049 1453 1110 alta
1477 1069 1569 1128 voce,
1594 1048 1678 1131 quod

416 1155 482 1234 ipse
507 1152 618 1216 fuisset
641 1155 748 1217 socius
772 1169 802 1218 et
825 1157 983 1238 particeps
1007 1156 1106 1238 ipsius
1123 1155 1198 1218 furti
1223 1171 1254 1217 ct
1278 1176 1378 1218 unum
1403 1156 1472 1218 flor.
1498 1157 1537 1218 de
1563 1157 1676 1219 eodem

415 1261 568 1342 percepit,
594 1260 733 1344 ideoque
760 1262 864 1344 ipsum
892 1261 1034 1344 prefatus
1058 1261 1205 1324 Thomas
1235 1263 1401 1344 suspendit
1425 1263 1532 1324 debite
1557 1262 1678 1344 justicia

415 1381 609 1447 requirente.

468 1584 567 1659 lesia
593 1595 691 1660 sexta
721 1590 875 1678 proxima
904 1595 982 1660 ante
1010 1589 1132 1662 festum
1163 1589 1363 1661 Nativitatis
1400 1589 1497 1661 beate
1526 1590 1630 1660 llarie

971 1715 1126 1802 virginis.

913 1866 957 1941 (5.
988 1866 1172 1940 septembris).

524 2003 602 2068 ltem
640 2004 830 2066 Dominicus
866 2003 986 2086 juratus
1022 2019 1131 2067 contra
1165 2005 1369 2068 Clementem
1403 2025 1559 2087 generum
1590 2025 1679 2068 suum

418 2112 523 2193 primo
548 2112 661 2172 citatus
686 2130 751 2172 non
776 2111 966 2192 comparuit.

523 2217 600 2279 Item
619 2217 803 2279 Demetrius
826 2216 948 2300 juratus
972 2231 1081 2279 contra
1103 2218 1296 2280 Michaelem
1320 2216 1514 2301 ireniparem
1539 2219 1678 2281 secundo

419 2323 533 2385 citatus
557 2343 622 2384 non
647 2324 837 2405 comparuit.

527 2429 604 2491 ltem
631 2431 705 2512 quia
732 2429 850 2490 nobilis
882 2429 1007 2510 juvenis
1031 2429 1193 2491 lohannes
1224 2429 1310 2492 filius
1335 2430 1519 2492 Mathltonis
1550 2428 1607 2490 filii
1632 2430 1680 2490 Jo-

423 2535 538 2596 hsnnis
563 2535 602 2596 de
621 2534 779 2615 Machow,
804 2535 835 2596 id
853 2555 909 2618 per
926 2535 1037 2598 efficax
1053 2537 1274 2598 testimonium
1292 2550 1430 2617 quatuor
1446 2535 1680 2616 fidedignorum

423 2655 454 2704 et
479 2642 671 2703 idoneorum
698 2642 838 2702 virorum
863 2643 967 2724 primo
993 2655 1023 2704 et
1047 2642 1265 2724 principaliter
1293 2642 1526 2723 comprobavit,
1551 2657 1585 2703 ut
1609 2641 1681 2701 dum

422 2746 565 2828 prefatus
590 2747 721 2809 Mathko
745 2761 835 2829 pater
859 2768 934 2808 suus
958 2749 989 2808 in
1022 2748 1171 2809 extremis
1202 2749 1266 2810 vite
1290 2768 1347 2810 sne
1378 2748 1567 2829 temporalis
1597 2747 1681 2808 labo-

423 2868 531 2933 rasset,
555 2867 631 2916 tunc
655 2855 722 2935 ipse
742 2853 875 2915 totalem
892 2873 981 2915 snam
1001 2854 1135 2916 domum
1152 2867 1312 2915 muratam
1331 2873 1405 2916 cum
1422 2852 1525 2914 fundo
1550 2869 1581 2914 et
1597 2852 1681 2914 hedi-

421 2959 502 3022 ficiis
526 2961 557 3022 in
582 2961 709 3022 civitate
725 2960 867 3043 predicta
889 2959 1041 3038 habitam,
1066 2961 1171 3042 ipsum
1188 2961 1366 3042 empcionis
1390 2960 1486 3023 titulo
1510 2959 1680 3021 literatorie

424 3083 682 3146 concernentem,
708 3087 780 3129 cum
804 3068 869 3128 suis
893 3068 1004 3128 usibus
1028 3081 1058 3128 ct
1082 3068 1286 3149 pertinenciis
1319 3068 1477 3128 universis
1500 3067 1603 3128 nobili
1630 3065 1683 3125 do·

423 3175 509 3236 mine
535 3173 713 3256 Elyzabeth
737 3187 860 3252 vocate,
884 3172 948 3234 filie
966 3172 1102 3235 condam
1120 3173 1206 3235 lwan
1231 3174 1270 3234 de
1287 3174 1511 3255 Brezowycza,
1538 3187 1683 3254 protunc

423 3281 565 3342 consorti
589 3300 645 3340 sue
669 3280 825 3360 legittime
850 3279 1020 3360 legavisset
1048 3279 1114 3360 jure
1148 3279 1334 3361 perhennali
1360 3279 1606 3361 possidendam
1629 3297 1681 3338 no-

423 3391 510 3450 mina
527 3401 635 3449 autem
652 3387 796 3469 ipsorum
811 3400 949 3468 quatuor
962 3385 1199 3466 fidedignorum
1216 3386 1359 3448 virorum
1372 3399 1446 3447 sunt
1462 3385 1539 3446 bec:
1559 3384 1681 3465 Mathey

422 3495 507 3556 filius
525 3494 672 3574 Gregorii
694 3493 734 3555 de
752 3494 956 3574 Beretynecz‚
976 3493 1128 3553 Nicolaus
1144 3491 1228 3554 filius
1249 3491 1378 3555 Thome
1397 3492 1437 3552 de
1458 3491 1584 3570 eadem,
1601 3491 1678 3552 Mar·

422 3602 509 3663 tinus
532 3599 617 3661 filius
640 3599 765 3660 Nicolai
791 3599 830 3658 de
855 3599 980 3677 eadem,
1007 3599 1162 3660 Martinus
1186 3598 1271 3660 filius
1295 3597 1473 3661 Clementis
1498 3598 1538 3658 de
1564 3597 1682 3660 eadem.

425 3710 503 3771 ltem
529 3707 614 3770 idem
640 3707 802 3768 lohannes
826 3705 910 3766 filius
932 3705 1031 3787 ipsius
1055 3705 1239 3766 Mathkonis
1255 3724 1311 3787 per
1335 3703 1445 3766 efficax
1470 3717 1502 3767 et
1525 3703 1682 3765 sufficiens

424 3815 646 3878 testimonium
671 3813 807 3874 aliorum
833 3826 971 3892 quatuor
995 3801 1233 3892 fidedignorum
1262 3824 1293 3873 et
1317 3811 1510 3872 idoneorum
1535 3811 1684 3886 virorum,

424 3922 574 3982 videlicet
606 3919 724 3981 Mathei
749 3918 805 3980 filii
832 3917 965 3998 Georgii
1001 3917 1041 3978 de
1069 3917 1211 3998 predicta
1243 3917 1461 3999 Berethynecz
1485 3929 1517 3978 et
1542 3917 1682 3977 Barnabe

425 4029 482 4090 filii
507 4027 635 4089 Andree
660 4027 699 4087 de
724 4026 898 4087 Martinecz
926 4045 962 4086 ac
995 4025 1123 4086 Thome
1155 4024 1212 4086 filii
1237 4023 1368 4106 Mathey
1399 4022 1439 4084 de
1465 4023 1580 4084 eadem
1605 4023 1684 4084 Mar·

425 4136 529 4196 tinecz
554 4154 612 4194 nec
637 4153 702 4194 non
729 4132 818 4192 Pauli
844 4130 899 4192 filii
920 4130 1073 4212 Stephani
1098 4131 1137 4190 de
1155 4131 1268 4192 eadem
1294 4129 1479 4208 Martinecz‚
1496 4127 1687 4190 sufficienter

426 4243 485 4303 sub
509 4241 690 4321 juramento
715 4253 746 4300 et
770 4239 852 4299 clare
870 4257 977 4298 coram
1003 4237 1096 4298 nobis
1120 4237 1151 4297 in
1173 4236 1294 4319 judicio
1310 4235 1544 4317 comprobavit,
1563 4249 1598 4296 ut
1616 4235 1687 4296 dum

427 4347 569 4429 predicta
594 4346 727 4407 domina
752 4343 929 4426 Elyzabeth
947 4343 1094 4404 similiter
1114 4343 1146 4404 in
1165 4341 1314 4404 extremis
1337 4341 1401 4402 vite
1426 4361 1481 4403 sue
1506 4339 1688 4423 temporalis

427 4453 612 4530 laborasset,
636 4465 712 4513 tunc
737 4452 804 4532 ipsa
821 4449 976 4532 prefatam
1002 4449 1136 4510 domum
1154 4461 1312 4510 muratam
1330 4462 1361 4509 et
1382 4446 1518 4509 fundum
1544 4467 1581 4508 ac
1605 4446 1688 4508 bedi-

427 4559 497 4621 ficia
523 4559 622 4640 ipsius
647 4557 831 4618 Mathkonis
855 4557 915 4617 sibi
940 4576 997 4637 per
1021 4555 1160 4617 eundem
1179 4555 1389 4618 Mstbkonem
1413 4554 1513 4616 modo
1536 4553 1687 4636 premisso

429 4666 566 4746 legatam
592 4684 664 4725 cum
690 4665 842 4724 omnibus
866 4664 931 4724 suis
954 4663 1145 4724 utilitatibus
1166 4676 1197 4724 et
1220 4662 1425 4744 pertinenciis
1450 4661 1608 4724 universis
1624 4680 1688 4742 pre·

429 4770 494 4832 sato
519 4770 657 4831 lohanni
684 4768 750 4830 filio
779 4789 837 4830 suo
870 4783 901 4830 et
933 4769 1054 4829 nemini
1088 4768 1178 4829 alteri
1204 4768 1372 4849 legavisset
1404 4765 1471 4848 jure
1504 4765 1686 4848 perhennali

429 4877 667 4958 possidendam,
702 4877 840 4957 ideoque
872 4896 932 4936 nos
963 4876 1098 4935 eandem
1130 4874 1264 4936 domum
1301 4887 1458 4936 muratam
1491 4874 1589 4934 simul
1620 4889 1685 4933 cum

429 4982 530 5043 fundo
556 4997 586 5042 et
611 4982 767 5043 hedificiis
799 4982 934 5062 aliisque
967 4982 1088 5043 cunctis
1112 4982 1177 5042 suis
1209 4981 1400 5042 utilitatibus
1432 4993 1462 5040 et
1487 4978 1687 5061 pertinenciis
