3852 5820
602 564 689 622 Anno
710 577 800 640 1412.
824 598 868 607 -
891 579 921 626 2.
945 565 1146 640 semptembris.
1479 583 1495 645 3

342 775 420 838 Item
444 775 597 837 Nicolsus
629 775 785 860 Lypouch
817 789 926 838 contra
958 775 1127 838 dominum
1162 774 1362 857 Stephanum
1395 793 1496 838 sacer-

241 882 345 944 dotem
370 881 475 964 primo
507 880 620 943 citatus
643 902 707 945 non
733 882 923 964 comparuit.

344 1007 422 1068 Item
447 1005 653 1068 Sebastianus
677 1003 852 1090 Zedynych
876 1019 987 1068 contra
1016 1003 1139 1088 Gsspar
1164 1004 1283 1069 Cosme
1307 1017 1422 1068 octavo
1446 1005 1499 1067 die

237 1112 427 1196 respondere
455 1111 560 1174 debet.

340 1219 419 1282 Item
442 1219 528 1281 idem
554 1219 760 1282 Sebastianus
784 1231 894 1282 contra
928 1217 1052 1302 Gaspar
1081 1218 1216 1302 Myklini
1242 1231 1357 1280 octavo
1381 1217 1433 1279 die
1451 1238 1498 1279 re·

238 1326 417 1409 spondebit.

344 1431 422 1494 Item
455 1451 548 1492 causa
581 1431 713 1492 Ioannis
743 1429 858 1513 judicis
890 1431 978 1494 Bozo
1010 1443 1040 1492 et
1066 1430 1188 1514 Supani
1219 1431 1252 1493 in
1284 1429 1367 1493 Iacto
1400 1431 1496 1492 Inter·

239 1535 390 1598 Ieccionis
413 1535 580 1599 cuiusdam
604 1536 736 1620 pecudis
760 1536 837 1598 dicti
862 1536 994 1599 Ioannis
1017 1537 1057 1598 ad
1082 1549 1155 1599 octo
1179 1536 1248 1599 dies
1264 1549 1311 1599 est
1326 1549 1497 1626 prorogata

236 1643 275 1706 ad
302 1643 520 1706 concordiam.

342 1767 420 1829 Item
445 1787 539 1830 causa
564 1765 714 1850 Gregorii
743 1767 836 1851 jurati
868 1767 925 1831 filii
956 1767 1121 1830 Benedicti
1146 1781 1177 1830 et
1202 1765 1289 1830 Galli
1313 1765 1420 1828 claudi
1458 1765 1499 1827 ad

237 1873 377 1955 prImum
402 1873 557 1955 judicium
581 1893 640 1956 pro
664 1874 835 1938 concordia
860 1889 907 1937 est
930 1887 1111 1957 prorogata.

343 1997 421 2059 Item
454 1997 592 2060 Iacobus
622 1997 770 2063 Horuath
802 2013 911 2062 contra
944 1997 1119 2060 Gemazam
1153 1996 1258 2080 primo
1286 1996 1400 2060 ciratus
1433 2015 1500 2058 non

237 2103 425 2186 comparuit.

342 2226 420 2288 Item
444 2247 538 2290 causa
561 2226 627 2291 filie
650 2227 785 2310 provide
809 2227 941 2290 domitae
970 2227 1170 2310 Margarethe
1194 2227 1350 2290 consortis
1377 2226 1499 2290 Mathei

241 2345 271 2393 et
295 2332 396 2395 EIene
419 2333 590 2396 servitricis
615 2333 766 2417 Symonis
790 2333 946 2398 carnificis
969 2334 1010 2396 ad
1038 2347 1188 2397 octavum
1212 2333 1299 2397 diem
1324 2334 1364 2396 nd
1388 2347 1523 2418 pacem·

243 2451 288 2500 est
310 2451 492 2521 prorogata.

346 2561 425 2624 Item
448 2563 498 2624 vir
526 2563 681 2645 providus
713 2562 860 2646 Mychael
891 2563 987 2646 judex
1011 2561 1096 2626 filius
1129 2563 1281 2647 Symonis
1305 2561 1382 2626 feria
1414 2575 1501 2625 sexta

238 2667 269 2728 In
296 2667 407 2750 vigilia
431 2665 502 2730 festi
527 2669 610 2731 beati
635 2669 719 2751 regis
736 2669 888 2753 Stephani
913 2669 946 2731 in
972 2668 1056 2732 facto
1073 2669 1241 2732 cuiusdam
1266 2667 1379 2732 floreni
1404 2681 1500 2751 prout

238 2773 268 2835 ei
293 2773 511 2856 adjudicatum
535 2773 595 2836 fuit
619 2787 650 2836 et
673 2787 708 2836 ut
732 2774 852 2854 debuit,
884 2794 979 2837 suum
1011 2775 1070 2837 rite
1094 2774 1244 2857 deposuit
1274 2773 1501 2856 juramentum.

343 2897 421 2959 Item
445 2916 578 2960 consors
600 2897 684 2960 Petri
717 2897 945 2982 MerychychIn
976 2899 1076 2961 tercio
1102 2919 1135 2960 se
1160 2911 1274 2960 octavo
1306 2897 1359 2960 die
1383 2897 1501 2980 jurabit

239 3022 407 3085 supereo,
431 3003 520 3086 quod
544 3003 612 3086 ipss
637 3001 676 3066 de
700 3004 818 3066 scrinio
840 3004 942 3066 Eleae
966 3003 1089 3086 ahquid
1112 3023 1178 3066 non
1202 3005 1332 3086 recepit.

346 3126 424 3190 Item
448 3146 529 3190 uxor
559 3127 723 3190 Dominici
754 3127 870 3190 eodem
902 3128 1001 3194 modo
1029 3128 1128 3190 tercio
1158 3148 1191 3190 se
1214 3129 1359 3212 personis
1383 3141 1499 3191 octavo

239 3230 291 3294 die
314 3230 442 3313 jurabit,
466 3245 502 3294 ut
525 3232 565 3295 de
590 3232 706 3296 eodem
730 3233 848 3296 scrinio
872 3233 971 3296 nichil
995 3234 1124 3316 recepit.

344 3357 422 3419 Item
446 3357 540 3440 jurati
565 3357 747 3440 judicarunt
764 3377 892 3420 causam
916 3357 999 3420 inter
1014 3358 1158 3420 relictam
1185 3357 1358 3440 Ozmonog
1382 3371 1413 3419 et
1436 3360 1501 3418 An·

236 3463 386 3526 thonium
411 3483 567 3546 generum
591 3484 697 3544 suum,
721 3464 797 3546 quia
827 3464 914 3526 idem
939 3464 1123 3527 Anthonius
1156 3464 1322 3527 evidenter
1353 3483 1501 3547 compro-

238 3569 326 3631 bavit
350 3569 438 3651 quod
474 3571 542 3653 ipsa
566 3571 627 3632 sibi
651 3570 857 3633 medietatem
881 3571 1028 3632 omnium
1054 3572 1215 3632 bonorum
1239 3571 1314 3632 dare
1339 3589 1412 3632 cum
1437 3568 1501 3632 filia

238 3675 471 3757 assumpsisset,
494 3676 569 3739 ideo
594 3675 707 3739 eadem
732 3676 841 3738 relicta
866 3675 943 3738 Iuan
978 3675 1152 3758 Ozmonog
1175 3676 1270 3758 plene
1295 3675 1502 3738 medietatem

239 3781 315 3843 dare
340 3780 446 3845 debet.

344 3904 423 3967 Item
440 3906 580 3969 Ioannes
604 3925 738 3988 arcupar
762 3917 872 3968 contra
890 3905 1026 3968 Jancech
1045 3925 1235 3990 arcuparum
1261 3917 1349 3968 sexto
1374 3923 1408 3966 se
1433 3924 1503 3986 per·

238 4010 326 4073 sonis
361 4025 476 4074 octavo
511 4011 563 4074 die
598 4011 716 4094 jurabit
746 4010 835 4093 quod
872 4011 1011 4073 eundem
1044 4009 1180 4074 Jancech
1214 4030 1279 4072 non
1311 4009 1504 4092 vituperavit

240 4137 346 4200 neque
370 4116 474 4180 furem
498 4119 688 4182 nominavit.

344 4242 422 4305 Item
446 4243 561 4306 iterum
587 4241 725 4305 Jancech
749 4255 860 4304 contra
883 4241 988 4323 ipsum
1013 4241 1171 4303 Ioannem
1188 4239 1335 4302 similiter
1358 4253 1447 4302 sexto
1470 4258 1503 4302 se
1592 4299 1594 4304 .

239 4349 384 4432 personis
408 4361 523 4411 octavo
547 4347 600 4411 dIe
623 4346 740 4429 jurabit
764 4347 848 4412 Iacto
872 4349 905 4410 in
928 4347 1115 4431 prescripto.

346 4472 426 4534 Item
449 4471 604 4534 Nicolaus
630 4469 797 4534 familiaris
829 4471 961 4534 Ioannis
985 4483 1099 4532 octavo
1131 4469 1184 4533 die
1209 4467 1351 4532 secundo
1375 4489 1408 4530 se
1432 4487 1502 4550 per-

240 4577 327 4640 sonis
350 4577 520 4660 jurabit..
544 4597 640 4660 super
663 4596 713 4657 eo,
738 4577 827 4660 quod
860 4577 1027 4640 Emericus
1050 4575 1186 4640 filius..
1211 4595 1307 4659 super
1331 4594 1404 4638 eum
1429 4573 1504 4638 fecit

239 4684 404 4766 sanguinis
427 4683 628 4746 effusionem.

347 4807 427 4869 Item
451 4805 598 4868 Thomas
622 4806 796 4888 Hungarus
818 4805 903 4868 fiIIua
926 4805 1054 4867 Andree
1083 4803 1278 4866 duodecimo
1303 4823 1336 4865 se
1360 4803 1505 4885 personis

242 4924 355 4973 octavo
379 4911 433 4973 die
456 4911 573 4992 jurabit
596 4930 691 4994 super
715 4931 765 4990 eo,
787 4911 875 4994 quod
901 4912 968 4994 Ipse
985 4911 1160 4992 quamdam
1184 4909 1355 4997 mulierem
1380 4909 1504 4989 Marga-

241 5016 362 5079 retham
386 5018 554 5080 verberare
577 5037 651 5080 curn
675 5036 732 5080 sua
755 5015 875 5080 famula
900 5036 966 5079 non
990 5015 1181 5079 mandasset.

1397 5114 1412 5146 1
