3876 5798
445 534 511 594 420
857 513 945 572 Anno
963 523 1057 589 1445.
1081 545 1122 554 -
1145 525 1176 589 4.
1193 512 1290 587 junii.

553 727 631 790 ltem
657 724 832 807 Gregorius
859 723 944 786 filius
977 722 1102 784 Nicolai
1134 723 1294 784 habitator
1325 722 1408 784 dicte
1434 720 1569 783 civitatis
1599 734 1711 782 contra

447 833 613 897 dominam
639 831 846 894 Katherinam
872 830 1014 892 relictam
1031 828 1169 890 condam
1193 828 1264 890 Ade
1288 827 1327 890 de
1346 826 1553 910 Glawnycza,
1578 827 1710 888 racione

449 938 616 1003 cuiusdam
641 937 733 1000 bovis
757 936 900 1018 litigiosi,
931 955 1029 1017 quem
1059 935 1126 1018 ipsa
1151 934 1284 998 domina
1309 934 1483 996 Katherina
1516 953 1611 1016 super
1643 933 1713 1016 ipso

448 1044 608 1127 Gregorio
632 1042 757 1126 justicia
781 1043 942 1105 mediante
963 1043 1216 1125 prosequebatur
1240 1061 1346 1104 coram
1365 1041 1470 1121 nohis,
1494 1041 1598 1122 jurare
1623 1053 1712 1102 tene-

450 1153 536 1214 bitur
567 1165 681 1213 octavo
713 1149 765 1212 die
801 1169 896 1232 super
926 1168 1013 1211 aram
1044 1168 1139 1231 super
1176 1149 1272 1210 tantis
1304 1147 1449 1231 pecuniis
1480 1147 1608 1229 quantis
1643 1147 1710 1228 ipse

450 1255 626 1338 Gregorius
649 1255 847 1338 comparavit
874 1255 966 1317 illum
989 1257 1105 1317 bovem
1130 1275 1223 1316 suum
1248 1275 1345 1337 quem
1371 1255 1437 1336 ipse
1461 1254 1627 1315 Anthonio
1645 1273 1711 1314 car-

449 1362 546 1442 nifici,
571 1362 711 1440 decano,
742 1359 810 1423 filio
841 1360 996 1424 Johannis
1027 1361 1152 1424 concivi
1186 1375 1295 1422 nostro
1327 1361 1359 1422 in
1391 1361 1617 1422 concambium
1652 1380 1711 1442 pro

448 1469 531 1531 hove
561 1469 661 1550 ipsius
691 1467 847 1530 Anthonii
879 1467 1035 1530 carnificis
1066 1487 1139 1530 cum
1179 1467 1400 1530 additamento
1428 1467 1524 1529 unius
1556 1467 1715 1528 viacionis

449 1595 558 1638 versus
575 1574 700 1636 Novam
725 1573 887 1636 civitatem
904 1572 997 1653 facte,
1021 1575 1183 1656 sexaginta
1208 1575 1357 1636 denarios
1380 1575 1537 1653 estimate,
1562 1573 1715 1649 dederat;

450 1695 481 1743 et
505 1681 545 1744 de
568 1680 631 1742 hoc
654 1679 774 1761 judicio
798 1679 866 1762 ipsa
891 1680 1021 1742 domina
1050 1681 1224 1742 Katherina
1257 1701 1313 1743 seu
1338 1693 1524 1763 procurator
1548 1700 1623 1743 suus
1648 1699 1715 1742 non

450 1787 605 1867 contenti,
636 1785 879 1869 appellaverunt
910 1787 1011 1870 ipsam
1036 1807 1163 1849 causam
1196 1787 1228 1849 in
1253 1787 1451 1870 presenciam
1476 1787 1639 1848 seniorum
1665 1786 1715 1867 ju·

451 1894 560 1958 dicum
584 1913 642 1976 pro
666 1893 799 1954 meliore
824 1893 923 1974 ipsius
947 1911 1040 1954 cause
1065 1893 1313 1958 deliberacione.

555 1999 632 2062 ltem
658 1999 777 2062 Mathai
803 2013 892 2061 sutor
915 2013 1024 2062 contra
1050 1999 1313 2062 Bartholomeum
1338 1999 1514 2080 agricolam
1539 2000 1644 2082 primo
1672 1999 1716 2060 ci-

453 2119 536 2169 tatus
559 2125 625 2168 non
649 2105 839 2188 comparuit.

558 2213 638 2276 ltem
664 2211 850 2274 Franciscus
874 2209 1014 2294 irenipar
1037 2225 1146 2274 contra
1172 2211 1381 2274 benedictum
1407 2225 1438 2273 et
1461 2210 1593 2275 Gallum
1618 2209 1716 2272 freni·

454 2339 547 2403 pares
571 2319 676 2402 primo
707 2319 821 2380 citatus
844 2337 909 2380 non
938 2318 1128 2400 comparuit.

561 2425 639 2487 ltem
664 2425 844 2507 Stephanus
875 2437 963 2486 sutor
986 2443 1084 2504 gener
1108 2423 1273 2487 Chernecz
1304 2439 1414 2487 contra
1446 2424 1630 2486 Ladislaum
1664 2444 1717 2485 su·

453 2544 556 2594 torem
580 2530 835 2615 Fudrichewych
858 2529 1000 2592 secundo
1024 2531 1138 2592 citatus
1161 2551 1226 2594 non
1255 2532 1444 2613 comparuit.

996 2710 1038 2786 (5.
1054 2709 1160 2786 junir').

560 2852 638 2915 ltem
662 2852 795 2913 sabbato
820 2851 965 2933 sequenti
982 2852 1124 2914 seniores
1140 2849 1262 2933 judices
1286 2871 1413 2914 causam
1431 2851 1597 2914 cuiusdam
1623 2853 1719 2914 bovis

452 2959 583 3041 litigiosi
609 2960 691 3021 inter
715 2957 880 3018 dominam
907 2957 1115 3019 Katherinam
1140 2958 1283 3020 relictam
1308 2958 1378 3020 Ade
1396 2957 1436 3020 de
1460 2957 1656 3041 Glawnycza
1683 2973 1719 3021 ut

452 3066 613 3144 actricem,
637 3077 668 3126 et
692 3065 774 3126 inter
798 3061 991 3144 Gregorium
1016 3063 1119 3126 filium
1139 3064 1265 3126 Nicolai
1291 3063 1504 3127 habitatorem
1528 3064 1611 3127 dicte
1635 3064 1715 3126 civi·

453 3173 526 3234 tatis
550 3185 584 3233 ut
609 3172 641 3232 in
665 3189 794 3232 causam
820 3183 999 3248 attractum,
1033 3189 1142 3232 coram
1174 3169 1284 3251 juratis
1307 3171 1382 3232 anni
1415 3171 1570 3253 presentis
1594 3183 1718 3233 motam

454 3291 485 3341 et
509 3277 724 3360 adjudicatam
741 3289 772 3337 et
794 3276 925 3338 tandem
950 3277 990 3337 de
1006 3274 1128 3358 judicio
1145 3276 1287 3358 ipsorum
1305 3275 1481 3357 juratorum
1506 3297 1562 3359 per
1580 3277 1720 3338 eandem

454 3383 619 3446 dominam
646 3381 854 3444 Katherinam
879 3402 944 3444 non
970 3394 1153 3444 contentam
1179 3383 1209 3444 in
1231 3383 1430 3464 presenciam
1455 3384 1643 3446 eorumdem
1670 3405 1720 3445 se·

454 3489 584 3552 niorum
609 3488 751 3570 judicum
776 3507 833 3570 pro
858 3489 984 3551 meliori
1010 3489 1108 3571 ipsius
1131 3508 1225 3551 cause
1250 3490 1488 3552 deliberacione
1513 3490 1721 3572 appellatam,

454 3597 498 3658 sic
523 3611 554 3658 et
578 3596 693 3658 eodem
718 3595 817 3657 modo
841 3596 1105 3677 adjudicaverunt
1128 3597 1220 3658 sicuti
1253 3597 1312 3679 ipsi
1338 3596 1431 3679 jurati
1463 3597 1563 3679 ipsam
1589 3617 1719 3658 causam

454 3701 723 3782 dijudicaverunt,
747 3701 851 3784 ipsum
876 3701 1031 3783 judicium
1056 3701 1233 3782 juratorum
1261 3703 1387 3784 penitus
1411 3701 1637 3764 confirmantes
1662 3703 1720 3764 tali

454 3807 565 3888 modu,
589 3821 624 3869 ut
647 3807 722 3889 quia
740 3807 807 3890 ipse
824 3807 910 3869 idem
927 3806 1104 3889 Gregorius
1128 3827 1201 3870 cum
1218 3807 1388 3870 sufficienti
1404 3809 1591 3871 testimonio
1610 3828 1719 3870 coram

455 3912 565 3994 juratis
595 3913 680 3976 clare
711 3913 951 3995 comprobavit,
981 3914 1069 3996 quod
1101 3915 1167 3996 ipse
1199 3913 1357 3998 prefatum
1389 3916 1506 3977 hovem
1538 3915 1716 3998 litigiosum

457 4039 552 4102 super
575 4020 675 4082 alium
693 4021 809 4080 bovem
832 4039 926 4081 suum
943 4021 1109 4102 proprium
1131 4035 1163 4083 et
1185 4041 1281 4103 super
1297 4041 1394 4083 unam
1412 4022 1591 4084 viacionem
1609 4042 1722 4084 versus

456 4127 580 4188 Novam
607 4126 767 4187 civitatem
791 4127 954 4208 sexaginta
978 4127 1126 4189 denarios
1157 4129 1347 4208 estimatam,
1386 4149 1442 4211 per
1466 4130 1570 4210 ipsum
1596 4128 1721 4210 Grego-

459 4233 541 4294 rium
576 4231 690 4294 factam
723 4246 754 4295 et
784 4233 989 4315 completam,
1020 4235 1060 4295 ab
1092 4233 1258 4296 Anthonio
1286 4234 1433 4297 carnifice
1464 4234 1532 4297 filio
1564 4235 1722 4298 lobannis

458 4357 566 4400 coram
591 4337 761 4420 fidedignis
777 4339 921 4421 personis
945 4338 1112 4401 manifeste
1130 4341 1391 4402 concambialiter
1407 4341 1519 4404 hahuit
1543 4355 1574 4404 et
1590 4343 1721 4424 recepit,

457 4443 530 4507 ideo
552 4445 617 4528 ipse
636 4443 812 4526 Gregorius
837 4445 868 4506 in
886 4465 1015 4507 causam
1031 4459 1182 4508 attractus
1207 4467 1306 4528 penes
1323 4448 1423 4529 ipsam
1442 4447 1720 4529 adjudicationem

457 4550 634 4632 juratorum
671 4564 785 4613 octavo
817 4551 867 4612 die
896 4553 1036 4634 predicte
1069 4551 1145 4613 lerie
1177 4567 1262 4615 sexte
1287 4553 1431 4636 proxime
1464 4567 1535 4636 post
1571 4567 1720 4616 octavam

458 4656 614 4740 Corporis
638 4657 761 4718 domini
786 4658 884 4718 nostri
910 4658 1001 4719 lhesu
1018 4658 1136 4721 Christi
1160 4661 1321 4721 tenebitur
1337 4679 1432 4742 super
1455 4659 1551 4722 tantis
1575 4661 1721 4742 pecuniis

457 4783 517 4846 pro
542 4765 670 4845 quantis
693 4764 838 4846 pecuniis
859 4765 925 4846 ipse
950 4763 1125 4846 Gregorius
1141 4765 1262 4827 dictum
1287 4786 1380 4827 suurn
1405 4767 1521 4828 bovem
1553 4767 1721 4848 proprium

458 4871 665 4952 comparavit,
690 4883 721 4932 et
739 4870 816 4932 dum
840 4870 1001 4951 juraverit,
1017 4885 1094 4932 tunc
1111 4873 1178 4953 ipsa
1199 4871 1330 4933 domina
1349 4872 1521 4934 Katherina
1539 4872 1564 4933 si
1582 4872 1723 4934 voluerit

458 4976 575 5039 habere
592 4976 707 5038 hovem
733 4976 823 5038 illum
842 4977 1017 5058 litigiosum
1040 4992 1071 5039 et
1094 4991 1196 5039 tantas
1224 4979 1387 5060 pecunias,
1411 4991 1546 5060 quantas
1570 4979 1723 5060 pecunias
