3678 5800
491 743 589 820 Feria
617 757 715 820 sexta
744 751 898 838 proxima
927 757 1004 820 ante
1041 749 1164 822 festum
1197 752 1286 822 beati
1315 749 1486 824 Benedicti
1514 754 1649 824 abbatis

931 881 965 944 et
993 873 1207 946 confessorIs.

961 1029 1027 1104 (19.
1051 1027 1175 1104 martii).

546 1165 624 1226 Item
650 1165 832 1248 Stephanus
855 1178 945 1228 sutor
969 1165 1072 1228 dictus
1097 1166 1205 1249 Senyu
1234 1179 1343 1228 contra
1375 1164 1535 1228 Briccium
1559 1164 1696 1246 judicem

437 1271 579 1333 secundo
604 1272 717 1333 citatus
742 1291 806 1334 non
832 1272 1022 1355 comparuit.
1348 1263 1351 1269 ⁸

541 1375 620 1439 Item
644 1377 807 1440 Fabianus
831 1377 1027 1442 Gornichich
1058 1391 1169 1441 contra
1197 1378 1361 1441 Thomam
1377 1379 1536 1442 cultorem
1559 1382 1699 1443 secundo

437 1485 550 1546 citatus
577 1495 643 1546 non
668 1485 857 1567 comparuit.

543 1591 620 1652 Item
646 1591 757 1653 Petrus
781 1604 894 1670 sartor,
926 1591 1057 1673 juratus,
1090 1605 1198 1653 contra
1230 1611 1362 1660 uxorem
1389 1593 1517 1654 Martini
1552 1593 1697 1656 Plemeu·

436 1697 669 1780 schyakowych
694 1699 837 1760 secundo
861 1699 974 1760 citatus
996 1718 1061 1760 nou
1094 1699 1283 1780 comparuit.
1365 1761 1372 1768 ,

545 1803 623 1866 Item
640 1803 733 1885 jurati
751 1804 1016 1887 adjudicaverunt
1039 1805 1071 1866 in
1089 1824 1183 1866 causa
1204 1802 1279 1866 furti
1297 1805 1379 1866 inter
1395 1805 1564 1866 Erasmum
1591 1805 1696 1887 Reyn·

439 1910 555 1989 burger
588 1909 628 1971 de
660 1911 719 1972 sub
751 1911 927 1993 Reynburg
959 1923 993 1973 ut
1023 1924 1174 1988 actorem,
1206 1925 1237 1971 et
1269 1910 1350 1972 inter
1383 1909 1561 1992 Georgium
1598 1909 1697 1972 filium

437 2014 576 2076 Emerici
600 2015 640 2078 de
665 2015 770 2079 Crisio
796 2017 886 2078 utin
914 2035 1043 2078 causam
1064 2029 1243 2092 attractum,
1275 2015 1383 2078 habita
1408 2034 1515 2078 coram
1549 2017 1644 2077 nobis
1671 2029 1699 2078 et

436 2122 573 2200 actitata,
599 2123 653 2184 tali
679 2123 797 2184 modo:
823 2137 857 2184 ut
880 2124 956 2204 quia
987 2123 1055 2206 ipse
1081 2121 1240 2204 Georgius
1263 2123 1351 2184 solus
1382 2120 1483 2183 fassus
1506 2135 1554 2184 est
1577 2125 1695 2203 absque

437 2221 610 2307 tormento,
635 2229 722 2310 quod
749 2229 816 2311 ipse
848 2230 1001 2306 tunicam,
1034 2229 1203 2311 capucium
1235 2242 1266 2289 et
1289 2229 1408 2310 caligas
1441 2229 1541 2310 ipsius
1573 2229 1692 2289 Erasmi

436 2335 570 2397 domum
596 2335 695 2418 ipsius
713 2334 947 2417 confringendo
965 2349 996 2398 et
1013 2337 1153 2398 tunicam
1171 2335 1339 2397 corintiani
1357 2335 1455 2418 panni
1477 2349 1508 2396 et
1524 2335 1690 2396 biccellum

436 2441 602 2503 cuiusdam
627 2443 709 2503 servi
742 2443 841 2524 ipsius
866 2443 989 2504 Eraemi
1020 2443 1237 2521 subtraxisset,
1261 2442 1336 2504 ideo
1366 2443 1433 2524 ipse
1458 2442 1611 2503 Erasmus
1634 2454 1690 2503 ter-

435 2548 571 2610 ciusmet
594 2568 680 2609 nunc
703 2569 799 2630 super
823 2562 917 2630 caput
941 2549 1041 2630 ipsius
1065 2547 1197 2629 Georgii
1226 2549 1307 2610 circa
1331 2549 1480 2610 aculeum
1504 2548 1626 2629 alligati
1650 2547 1692 2630 ju·

436 2673 503 2714 rare
530 2653 626 2715 debet
649 2673 744 2736 super
769 2674 818 2733 eo,
850 2668 886 2716 ut
915 2655 982 2736 ipse
1015 2653 1174 2736 Georgius
1196 2667 1242 2716 est
1272 2674 1366 2716 verus
1397 2653 1547 2716 fur-suus
1572 2667 1688 2735 et'pre·

435 2760 535 2822 dictas
561 2781 609 2822 res
634 2763 673 2822 ab
701 2761 815 2823 eodem
840 2761 974 2822 Erasmo
1007 2762 1212 2822 subtraxisset
1242 2775 1274 2822 et
1298 2781 1315 2822 a
1342 2780 1435 2822 servo
1457 2779 1518 2821 suo
1543 2759 1689 2841 predicto,

435 2881 466 2930 et
489 2869 564 2929 dum
592 2868 742 2946 juraverit
765 2887 860 2950 super
884 2888 969 2947 eum,
992 2881 1068 2929 tunc
1091 2867 1286 2950 suspendere
1309 2867 1405 2928 debet
1426 2867 1567 2929 eundem
1593 2865 1685 2927 Geor·

434 2974 533 3055 gium.
560 2975 600 3036 Et
624 2975 699 3056 quia
724 2994 819 3056 super
843 2974 982 3036 eundern
1007 2965 1185 3055 Georgium
1215 2975 1280 3056 ipse
1303 2973 1466 3035 Erasimus
1490 2993 1547 3056 per
1570 2971 1683 3052 adjudi-

435 3081 600 3141 cacionem
634 3082 776 3162 ipsorum
807 3079 982 3160 juratorum
1014 3079 1131 3160 juravit
1162 3091 1196 3140 ut
1228 3079 1349 3158 debuit,
1382 3078 1522 3160 ideoque
1554 3077 1681 3138 eundem

435 3185 613 3268 Georgium
638 3187 697 3268 ipsi
722 3187 868 3248 Erasimo
892 3187 1082 3248 tradidimus
1110 3185 1255 3268 patibulo
1277 3184 1559 3268 suspendendum
1583 3183 1681 3264 quiet

434 3292 599 3374 suspendit
623 3311 681 3374 pro
705 3292 849 3374 predicto
873 3291 958 3354 furtu
983 3291 1051 3373 jure
1076 3307 1107 3353 et
1123 3291 1194 3370 lege
1218 3311 1254 3352 ac
1278 3291 1402 3372 justicia
1427 3290 1563 3352 civitatis
1586 3285 1682 3350 nostre

435 3399 628 3480 requirente.

541 3505 618 3566 Item
635 3506 714 3566 Pero
738 3519 847 3567 contra
872 3505 1083 3567 Benedictum
1107 3518 1272 3583 sartorem,
1289 3503 1439 3586 juratum,
1457 3503 1562 3584 primo
1587 3503 1685 3564 citatus

435 3631 500 3673 non
526 3613 716 3694 comparuit.

565 3794 661 3868 Perta
689 3805 787 3868 serta
817 3799 972 3885 proxima
1000 3805 1079 3888 post
1108 3806 1264 3868 octavam
1293 3797 1400 3868 Pasce
1427 3796 1567 3868 Domini.

966 3951 1010 4027 (9.
1034 3949 1168 4026 apriles).

544 4093 723 4175 Itemquia
748 4093 948 4174 Margaretha
973 4091 1090 4153 mulier
1113 4091 1223 4153 relicta
1256 4089 1394 4152 condam
1420 4085 1593 4151 Sebastiani
1613 4081 1682 4142 dicti

435 4201 571 4284 Ztoyko,
596 4189 736 4262 concivis
760 4215 877 4278 nostra,
904 4199 935 4260 id
960 4218 1034 4260 cum
1067 4195 1237 4258 sufficienti
1263 4211 1294 4258 et
1324 4192 1490 4277 fidedigno
1515 4205 1679 4256 nostrorum

435 4307 616 4368 concivium
641 4306 824 4366 testimonio
847 4306 879 4366 in
904 4305 979 4367 sede
1001 4317 1108 4366 nostra
1125 4302 1291 4381 judiciaria
1316 4301 1399 4364 clare
1416 4313 1448 4363 et
1471 4300 1583 4362 seriose
1597 4311 1678 4356 com-

435 4413 583 4495 probavit
606 4431 714 4472 coram
740 4412 843 4489 nobis,
867 4421 902 4471 ut
925 4411 1002 4472 dum
1026 4407 1167 4492 prefatus
1195 4408 1401 4470 Sebastianus
1434 4408 1557 4489 Ztoyko
1577 4404 1603 4464 in
1626 4417 1674 4460 ex-

434 4519 544 4582 tremis
569 4519 632 4578 vite
656 4537 712 4578 sue
735 4516 922 4598 temporalis
946 4515 1130 4592 laborasset,
1156 4529 1231 4576 tunc
1264 4514 1332 4596 ipse
1356 4513 1558 4575 medietatem
1583 4505 1678 4567 cuius·

435 4627 509 4686 darn
536 4624 652 4684 domus
676 4625 707 4683 in
733 4624 857 4684 civitate
882 4623 1024 4706 predicta
1049 4623 1130 4682 inter
1161 4620 1280 4683 fundos
1304 4633 1334 4682 et
1366 4621 1483 4681 domos
1508 4611 1607 4680 Briccii
1632 4610 1675 4691 ju-

436 4732 515 4792 dicis
539 4729 595 4790 filii
618 4729 783 4791 Benedicti
809 4731 848 4790 ab
881 4749 943 4791 una
968 4742 998 4790 et
1031 4743 1118 4809 parte
1146 4729 1186 4789 ab
1219 4727 1317 4802 altera
1349 4727 1523 4788 liberorum
1554 4717 1676 4784 condam

436 4837 546 4897 relicte
565 4834 808 4918 Lyppowschak
827 4835 951 4895 Nicolai
970 4848 1001 4895 et
1018 4833 1156 4894 Emerici
1185 4831 1376 4894 Romethich
1402 4831 1489 4908 dicti,
1513 4837 1678 4890 nostrorum

436 4942 618 5003 concivium
644 4941 763 5019 habite,
791 4961 888 5002 unam
913 4941 1064 5002 videlicet
1085 4952 1231 5020 quartam
1249 4938 1335 5000 curie
1359 4937 1392 4998 iu
1409 4957 1442 4998 se
1466 4935 1680 5000 continentem,

436 5049 624 5131 porcionem
649 5047 769 5110 scilicet
793 5067 895 5127 suam,
919 5047 1060 5129 predicte
1084 5044 1284 5126 Margarethe
1308 5043 1436 5105 mulieri
1461 5049 1518 5126 pro
1541 5053 1612 5103 tunc
1633 5048 1682 5092 θῦε
