3852 5820
405 542 447 603 34
817 527 902 582 Anno
925 523 1016 600 1416.
1040 557 1080 566 -
1099 537 1134 598 5.
1150 525 1243 598 junii.

509 733 586 795 ltem
611 752 705 794 causa
730 733 859 794 Martini
877 733 1071 815 Plemenych
1096 747 1127 794 et
1143 733 1273 794 alterius
1291 732 1417 793 Martini
1436 732 1468 793 iu
1492 730 1576 794 lacto
1593 751 1665 794 ver-

403 839 482 901 berii
506 838 546 900 ad
571 839 710 921 primum
735 837 889 918 judicium
914 858 971 912 per
995 840 1113 920 probos
1136 839 1176 898 ad
1201 857 1314 919 pacem
1338 851 1385 900 est
1407 851 1588 920 prorogata.

511 946 588 1007 Item
614 944 806 1006 Benedictus
824 945 981 1025 Magucen
1005 959 1115 1006 contra
1140 944 1351 1007 Jacomellum
1374 944 1516 1006 secundo
1549 943 1665 1006 citatus

403 1070 468 1113 non
493 1052 682 1133 comparuit.

509 1157 586 1218 Item
613 1157 760 1240 Mychael
786 1159 938 1242 Kunsych
964 1159 995 1219 in
1020 1157 1162 1220 secundo
1190 1157 1328 1218 termino
1353 1156 1392 1218 ad
1417 1156 1555 1238 primum
1582 1155 1665 1234 judi·

403 1263 488 1324 cium
505 1263 640 1324 literalis
665 1264 886 1343 instrumenta,
910 1265 935 1325 si
960 1284 1022 1346 qua
1049 1264 1155 1342 habet,
1170 1261 1288 1324 lactum
1313 1262 1430 1324 domus
1453 1274 1484 1324 et
1507 1275 1662 1324 terrarum

401 1369 569 1450 tangentia
594 1384 703 1431 contra
728 1370 887 1452 Agatham
912 1371 1074 1433 tenebitur
1099 1369 1257 1430 exhibere.

508 1475 586 1537 Item
611 1475 703 1556 jurati
728 1475 910 1556 judicarunt
943 1475 1061 1538 lactum
1087 1474 1372 1558 possessionarium
1404 1473 1541 1535 condam
1562 1472 1663 1533 Bene-

403 1581 478 1643 dicti
504 1581 641 1663 Drugas,
674 1583 750 1663 quia
782 1583 848 1664 ipse
880 1583 1073 1644 Benedictus
1104 1583 1313 1663 interemptus
1344 1593 1375 1642 et
1406 1579 1571 1640 intestatus
1595 1576 1664 1640 lore

403 1687 552 1748 decessus
577 1687 756 1766 videbatur,
789 1707 847 1769 pro
872 1707 911 1750 eo
943 1709 980 1749 ex
1012 1688 1212 1770 privilegiata
1235 1687 1330 1748 huius
1362 1685 1497 1748 civitatis
1521 1684 1666 1746 libertate

402 1793 518 1855 totales
551 1793 651 1875 ipsius
683 1793 848 1856 Benedicti
881 1795 1099 1877 possessiones
1131 1794 1162 1854 in
1193 1791 1316 1875 prefate
1347 1791 1482 1853 civitatis
1505 1789 1666 1851 territorio

403 1899 581 1977 existentes,
606 1913 761 1981 tanquam
791 1901 939 1978 intestati,
968 1900 1068 1961 Elene
1100 1899 1239 1961 consorti
1264 1918 1320 1960 sue
1343 1898 1389 1959 uti
1421 1897 1525 1979 primo
1550 1895 1661 1958 heredi

403 2018 576 2068 statuentes
608 2007 855 2083 commiserunt;
888 2007 1020 2089 ipsaque
1041 2006 1142 2068 Elena
1175 2024 1275 2066 unum
1308 2004 1462 2066 idoneum
1486 2003 1665 2080 homiuem,

403 2113 453 2174 vel
477 2112 545 2174 sola
570 2113 601 2173 in
627 2131 774 2194 persona,
798 2132 856 2194 pro
888 2113 995 2174 anima
1019 2113 1119 2194 ipsius
1143 2112 1308 2174 Benedicti
1341 2111 1479 2172 Romam
1504 2109 1662 2171 destinare

402 2218 580 2294 tenebitur;
613 2220 730 2300 quibus
754 2219 916 2300 premissis
945 2218 1128 2281 Demetrius
1162 2217 1283 2299 juratus
1314 2231 1348 2278 ut
1379 2231 1565 2299 procurator
1596 2235 1662 2276 non

403 2339 573 2387 contentus
597 2325 636 2385 ad
661 2326 812 2406 antiquos
836 2324 956 2405 judices
980 2324 1162 2407 appellavit.

510 2431 586 2492 Item
612 2429 704 2512 jurati
730 2430 911 2512 judicarunt
934 2449 1060 2492 causam
1080 2429 1161 2491 inter
1182 2427 1374 2510 Gregorium
1398 2427 1537 2508 juratum
1561 2424 1664 2488 filium

404 2536 568 2597 Benedicti
601 2549 631 2598 et
661 2537 860 2598 Demetrium
892 2535 1030 2616 juratum
1055 2537 1129 2614 Res,
1160 2536 1205 2596 uti
1238 2547 1477 2616 procuratorem
1508 2552 1601 2594 suum
1628 2533 1660 2593 in

403 2640 486 2702 lacto
518 2642 737 2724 percepcionis
767 2643 863 2702 trium
896 2641 1103 2716 florenorum,
1133 2661 1215 2724 quos
1245 2660 1301 2723 per
1332 2640 1438 2722 ipsum
1463 2639 1661 2701 Demetrium

403 2767 504 2829 usque
529 2749 671 2808 triduum
696 2747 782 2826 dare,
805 2748 929 2809 solvere
953 2763 985 2811 et
1000 2747 1134 2810 reddere
1159 2747 1388 2808 commiserunt
1405 2746 1464 2827 ipsi
1490 2743 1659 2826 Gregorio.

509 2853 586 2914 ltem
613 2853 768 2915 Martinus
785 2853 923 2935 lapicida
940 2867 1049 2916 contra
1068 2853 1240 2915 Martinum
1259 2851 1348 2933 dulgi
1367 2852 1398 2913 in
1422 2851 1533 2912 decem
1550 2851 1664 2912 marcis

369 2985 374 2992 ·
404 2959 611 3020 denariorum
636 2957 717 3020 loret
749 2959 914 3021 convictus
946 2979 997 3038 eo,
1030 2959 1117 3041 quod
1149 2959 1291 3021 sedatam
1324 2977 1452 3019 causam
1474 2956 1610 3017 elevavit
1633 2969 1665 3018 et

403 3066 560 3128 excitavit.

508 3171 586 3232 ltem
611 3191 704 3232 causa
737 3171 868 3233 Joannis
899 3171 1014 3252 judicis
1047 3171 1134 3233 Bozo
1167 3184 1198 3232 et
1222 3169 1311 3231 Pauli
1344 3168 1437 3250 jurati
1463 3167 1521 3229 filii
1547 3166 1663 3250 Gyuan

403 3277 530 3338 racione
563 3275 798 3339 interleccionis
829 3277 995 3339 cuiusdam
1029 3277 1162 3359 scrophe
1194 3276 1234 3338 ad
1264 3275 1404 3358 primum
1436 3274 1592 3356 judicium
1616 3286 1664 3334 est

404 3397 584 3464 prorogata.

510 3488 588 3550 Item
613 3489 687 3570 quia
712 3488 841 3550 volente
866 3488 957 3550 Ihesu
991 3488 1119 3551 Christo
1145 3488 1268 3550 Blasius
1299 3487 1383 3549 filius
1406 3487 1591 3566 Alexandri,
1616 3485 1662 3568 ju·

402 3609 488 3655 ratus
512 3607 619 3656 noster
643 3595 817 3656 modernus
841 3594 881 3655 ad
913 3595 1057 3676 linguam
1082 3595 1332 3675 hungaricalem,
1365 3594 1513 3675 migravit
1537 3595 1575 3654 ab
1601 3592 1662 3654 hoc

403 3701 512 3762 seculo
539 3701 612 3762 ideo
641 3701 681 3762 ad
713 3702 848 3762 eandem
880 3701 1023 3782 linguam
1056 3699 1298 3782 hungaricalem
1331 3700 1403 3761 loco
1435 3700 1535 3782 ipsuis
1565 3699 1662 3760 Blasii

404 3807 532 3868 Petrum
560 3806 751 3888 Hungarum
775 3805 877 3868 filium
904 3806 1033 3888 Mathey
1065 3807 1097 3868 in
1122 3826 1236 3868 verum
1268 3805 1407 3888 juratum
1432 3805 1581 3867 duximus
1605 3805 1664 3866 eli·

362 3919 364 3926 '
402 3912 556 3992 gendum.

601 4081 747 4152 sabbato
776 4082 926 4170 sequenti
957 4087 1035 4150 ante
1063 4081 1184 4152 festum
1214 4081 1461 4152 Penthecostes.

507 4231 585 4292 Item
609 4231 732 4312 antiqui
756 4230 877 4312 judices
895 4232 949 4292 ubi
974 4251 1031 4314 pro
1056 4230 1204 4292 faciendo
1222 4231 1423 4294 moderativo
1447 4231 1567 4312 judicio
1585 4251 1662 4292 con·

402 4333 559 4414 sederant,
585 4356 711 4398 causam
736 4336 837 4398 Elene
862 4337 969 4399 relicte
987 4337 1066 4399 olim
1092 4337 1256 4400 Benedicti
1276 4338 1399 4420 Drugas
1416 4350 1450 4400 ut
1475 4338 1659 4419 interempti

403 4454 434 4502 et
457 4441 605 4520 intestati,
630 4443 760 4521 decessi,
785 4442 825 4503 ad
849 4463 960 4504 omnes
984 4459 1120 4525 punctos
1144 4457 1174 4506 et
1195 4442 1346 4505 articulos
1370 4445 1402 4505 in
1427 4442 1510 4506 lacto
1537 4463 1660 4526 posses·

402 4547 541 4624 sionum,
566 4548 610 4608 uti
637 4547 730 4628 jurati
747 4548 939 4630 judicarunt,
956 4549 1186 4612 confirmarunt
1201 4550 1390 4626 valituram;
1408 4550 1537 4631 insuper
1562 4549 1660 4612 deum

403 4650 555 4712 habentes
579 4674 633 4736 pre
658 4655 770 4734 oculis,
795 4655 1033 4716 considerantes
1049 4655 1204 4733 animose,
1227 4668 1262 4716 ut
1283 4655 1350 4737 ipsa
1375 4655 1476 4716 Eleua
1501 4655 1541 4716 ad
1565 4675 1662 4717 unam

401 4773 520 4820 vestem
548 4760 579 4820 in
604 4761 713 4821 valore
737 4761 832 4822 unius
856 4760 969 4822 floreni
997 4761 1089 4822 Petro
1119 4759 1358 4841 consanguineo
1391 4761 1533 4822 annotati
1561 4761 1663 4824 Bene·

402 4864 477 4925 dicti
503 4865 628 4946 Drugas
661 4886 718 4948 pro
750 4867 857 4927 anima
891 4867 990 4948 ipsius
1019 4867 1182 4928 Benedicti
1216 4867 1292 4929 dare
1323 4879 1468 4928 teneatur
1492 4867 1531 4928 de
1557 4887 1663 4949 panno

402 4971 591 5049 karintiano,
615 4971 714 5032 dictas
737 4973 954 5053 possessiones
977 4972 1082 5034 eidem
1106 4985 1279 5034 statuentes
1302 4986 1469 5055 perpetuo.
