3740 5810
587 539 673 598 Anno
696 552 791 615 1420.
819 571 859 582 -
884 535 935 600 16.
958 541 1099 614 anagasti.
1427 561 1464 620 91

202 748 241 809 ad
276 749 382 830 ipsum
415 749 586 812 devolutus
617 763 715 828 esset,
749 750 821 812 ideo
854 752 958 833 ipsum
995 749 1132 812 fundum
1163 750 1269 812 eidem
1300 750 1470 812 statuimus

204 853 446 935 possidendum.

309 959 388 1022 ltem
420 961 505 1022 lwan
531 975 562 1022 et
586 961 716 1044 Mathey
740 977 876 1024 sartores
905 961 1075 1025 Nicolaum
1102 961 1291 1042 Bogdanich
1317 961 1348 1022 in
1374 981 1468 1022 causa

201 1063 285 1125 inter
306 1065 479 1146 ipsosalias
493 1077 577 1127 mota
594 1066 823 1128 commiserunt
833 1067 1019 1150 expeditum
1033 1080 1064 1128 et
1078 1067 1225 1148 quietum
1242 1084 1277 1126 ac
1291 1065 1468 1128 inmunem.

309 1189 387 1250 ltem
413 1190 570 1251 Martinus
595 1188 734 1252 carnifex
758 1205 867 1253 contra
893 1191 1070 1273 Georgium
1100 1189 1305 1273 Pechethuylr
1323 1189 1466 1252 secundo

204 1294 321 1356 citatus
344 1315 408 1357 non
434 1297 625 1378 comparuit.

311 1404 389 1465 ltem
414 1403 508 1485 jurati
539 1403 772 1486 adjudicarunt,
805 1404 893 1486 quod
925 1405 1001 1486 quia
1033 1405 1111 1466 alias
1143 1403 1303 1485 Georgius
1326 1403 1469 1466 literatus

204 1508 295 1570 Duch
320 1523 351 1571 et
374 1509 559 1571 Anthonius
582 1523 683 1571 sartor
706 1530 765 1592 pro
790 1511 889 1572 domo
914 1509 1047 1591 Georgii
1072 1510 1248 1594 Plaschych
1272 1523 1467 1571 conventum

205 1613 359 1694 lecerunt,
384 1615 458 1676 ideo
483 1616 603 1678 eisdem
629 1615 852 1697 adjudicarunt
869 1616 1096 1698 possidendam
1121 1636 1178 1697 pro
1203 1635 1351 1698 sumpma
1368 1615 1465 1698 precii

201 1739 260 1802 pro
277 1741 341 1802 qua
366 1722 620 1784 convencionem
644 1720 806 1800 lecerunt;
830 1723 870 1784 de
895 1741 961 1804 quo
985 1722 1147 1784 lohannes
1171 1723 1345 1784 modernus
1368 1721 1465 1804 judex

202 1846 265 1887 non
289 1839 460 1890 contentus
482 1828 576 1890 traxit
599 1827 639 1889 ad
662 1829 807 1891 seniores
830 1829 962 1910 judices.

310 1935 388 1997 ltem
414 1957 507 1998 cause
532 1936 664 1998 domine
688 1935 793 1999 Katbe
817 1948 943 2019 recepta
960 1952 1006 1999 est
1030 1936 1070 1998 ad
1093 1954 1205 2018 pacem
1229 1935 1269 1996 ad
1295 1947 1369 1996 octo
1387 1934 1465 1996 dies.

308 2042 387 2103 ltem
411 2041 505 2123 jurati
529 2041 763 2124 adjudicarunt,
788 2041 876 2123 quod
901 2043 976 2123 quia
994 2041 1187 2104 Benedictus
1210 2040 1332 2122 juratus
1355 2052 1464 2102 contra

201 2147 342 2228 judicem
366 2147 559 2210 modernum
576 2161 607 2209 et
631 2147 822 2210 Michaelem
839 2147 965 2230 pridem
982 2147 1122 2228 judicem
1147 2166 1213 2208 non
1238 2147 1336 2225 venit,
1354 2159 1466 2208 contra

202 2254 383 2335 quemlibet
407 2255 439 2316 in
464 2274 516 2316 sex
541 2255 647 2336 pensis
671 2254 835 2316 convictus
862 2253 1040 2317 haberetur.

312 2378 391 2440 ltem
416 2397 496 2440 uxor
520 2378 628 2440 Bartol
653 2391 684 2440 et
715 2397 824 2439 socrus
855 2379 924 2439 eius
955 2392 1068 2440 octavo
1093 2377 1145 2439 die
1176 2379 1370 2440 tenebuntur
1395 2398 1465 2460 pre-

201 2497 284 2544 stare
309 2483 526 2564 juramentum
550 2503 645 2565 super
669 2502 718 2562 eo,
743 2484 831 2565 quod
852 2485 919 2566 ipse
936 2485 1038 2546 minas
1063 2485 1305 2546 intoxicacionis
1330 2503 1394 2545 non
1420 2484 1465 2544 in-

201 2589 393 2671 posuissent,
417 2590 561 2672 quelibet
584 2603 672 2652 sexto
696 2610 738 2651 se.

309 2711 388 2774 ltem
420 2712 582 2774 lohannes
614 2711 744 2796 Mathey
775 2726 806 2774 et
838 2712 1000 2775 lohannes
1030 2712 1119 2776 faber
1158 2727 1267 2775 contra
1299 2713 1464 2774 dominam

201 2817 372 2880 Elizabeth
397 2818 474 2880 ieris
499 2820 595 2881 tercia
620 2839 704 2881 nunc
727 2820 873 2901 sequenti
892 2821 1086 2882 tenebuntur
1110 2820 1247 2902 quilibet
1271 2820 1370 2881 tercio
1394 2839 1464 2901 pre-

201 2937 282 2984 stare
306 2923 531 3006 juramentum.

203 3157 297 3232 Ferie
326 3169 425 3233 sexta
445 3149 601 3250 proxima
621 3170 697 3252 post
718 3163 840 3235 lestum
864 3161 1117 3252 Assumpcioeis
1136 3164 1280 3252 virginis
1309 3163 1464 3251 gloriose.

723 3329 789 3413 (16.
813 3335 954 3410 augusta).

308 3489 386 3550 ltem
409 3489 494 3551 lwan
518 3504 607 3552 sutor
638 3492 778 3553 decanus
810 3505 919 3552 contra
950 3491 1124 3552 Martinam
1147 3503 1290 3553 sutorem
1321 3492 1465 3554 secundo

203 3593 315 3655 citatus
340 3615 404 3656 non
430 3597 620 3678 comparuit.

306 3700 385 3762 Item
403 3721 495 3763 causa
520 3703 603 3765 inter
627 3704 704 3786 Jury
729 3717 759 3766 et
784 3705 929 3765 Marcum
950 3703 1113 3765 carnifices
1136 3717 1263 3786 recepta
1287 3703 1326 3765 ad
1351 3724 1463 3786 pacem

202 3807 311 3868 estad
337 3807 478 3889 primum
507 3807 673 3890 judicium.

308 3913 386 3974 ltem
410 3913 601 3976 Valentinus
625 3915 747 3996 pridem
766 3914 887 3996 juratus
909 3929 1017 3978 contra
1036 3915 1120 3976 lwan
1146 3914 1304 3977 decanum
1321 3915 1463 3978 secundo

202 4019 314 4079 citatus
336 4038 402 4080 non
427 4021 616 4102 comparuit.

307 4125 385 4186 ltem
410 4125 443 4186 in
467 4145 561 4187 causa
586 4127 668 4188 inter
684 4125 846 4188 Thomam
873 4141 903 4189 et
927 4127 1071 4188 relictam
1097 4127 1224 4188 Andree
1247 4127 1351 4208 jurati,
1376 4127 1462 4188 idem

201 4231 348 4292 Thomas
373 4232 405 4292 in
429 4232 534 4313 primo
558 4232 678 4313 judicio
712 4234 881 4314 assumpsit
912 4233 1088 4314 producere
1120 4247 1231 4295 testes:
1265 4232 1463 4315 Stephanum

201 4337 339 4417 juratum
365 4351 394 4398 et
419 4338 590 4400 Nicolaum
616 4338 783 4400 Petrenich
808 4351 922 4400 octavo
946 4339 997 4399 die
1022 4339 1086 4400 diei
1111 4340 1323 4421 presencium.

306 4461 384 4522 ltem
413 4460 493 4523 feria
523 4462 620 4522 tercia
652 4463 796 4543 proxima
828 4476 900 4544 post
924 4461 1039 4525 festum
1072 4463 1156 4524 beati
1182 4463 1292 4524 Jacobi
1324 4463 1462 4543 apostoli

201 4588 284 4628 nunc
311 4567 509 4648 preteritum,
531 4566 576 4628 hii
600 4568 695 4646 cives,
727 4569 863 4649 quilibet
895 4589 1005 4630 eorum
1034 4570 1133 4631 tercio
1157 4590 1189 4629 se
1215 4569 1347 4647 civibus,
1379 4567 1462 4649 jura·
1528 4582 1541 4608 ·

202 4687 305 4734 menta
332 4674 364 4734 in
381 4692 420 4734 eo
438 4673 653 4755 prestiterunt,
677 4673 764 4754 quod
786 4675 845 4756 ipsi
872 4676 902 4736 in
928 4674 1076 4758 dampnis
1092 4695 1148 4756 per
1172 4675 1261 4757 regni
1286 4674 1411 4736 nobiles
1428 4675 1461 4735 in

201 4779 299 4841 fluvio
325 4780 411 4841 Zaue
435 4779 526 4842 lactis
549 4779 580 4841 in
598 4781 716 4841 tenutis
740 4779 864 4842 domini
881 4781 1005 4842 Nicolai
1031 4783 1155 4843 abbatis
1172 4801 1236 4843 non
1254 4780 1462 4843 succidissent

201 4905 257 4947 nec
281 4885 369 4966 ligna
393 4885 480 4946 arida
506 4886 698 4968 recepissent
723 4905 782 4947 nec
805 4886 925 4948 succidi
954 4900 985 4948 et
1009 4887 1113 4969 recepi
1139 4885 1297 4966 fecissent,
1322 4887 1377 4948 sed
1402 4907 1462 4948 nec

203 4993 301 5054 boves
325 4993 366 5055 ab
384 4991 499 5054 eodem
516 4992 651 5056 domino
668 4993 805 5056 Nicolao
830 4994 944 5056 abbate
961 4993 1001 5054 ad
1018 4992 1249 5056 fideiussoriam
1275 4994 1463 5058 caucionem
