3876 5798
651 578 853 657 Ann01444.
877 612 921 622 -
945 593 992 639 11.
1016 581 1173 642 decmbn's.
1474 601 1540 665 407

275 787 360 851 affixi
385 809 421 852 ac
437 789 606 852 concavati
624 809 660 853 ac
676 788 814 851 vinculis
830 789 940 852 afflicti
965 803 996 852 et
1013 791 1185 873 mancipati
1202 789 1332 854 fuerunt
1360 805 1391 854 et
1407 793 1540 855 tandem

277 895 399 956 innoxii
432 895 552 958 inventi
586 895 767 975 extiterunt,
790 911 898 958 contra
931 896 1062 958 eosdem
1095 897 1258 980 Mathyam
1290 911 1320 960 et
1344 898 1536 960 Michaelem

276 1001 397 1082 juratos
414 1021 521 1063 coram
537 1000 643 1083 judice
660 1014 690 1064 et
706 1001 816 1084 juratis
839 1023 875 1064 ac
888 1002 1044 1065 universis
1060 1002 1240 1085 justiciariis
1270 1023 1362 1065 cause
1388 1003 1535 1066 eiusdem

277 1107 384 1170 denuo
409 1109 634 1191 proponebant
663 1108 722 1170 sibi
756 1109 831 1190 ipsis
855 1128 950 1192 super
981 1109 1048 1192 ipsa
1082 1129 1194 1172 eorum
1219 1110 1412 1173 innoxietate
1444 1110 1531 1192 justi·

277 1213 359 1275 ciam
384 1213 592 1295 postulantes,
617 1214 745 1276 easdem
779 1234 889 1277 causas
919 1235 992 1277 cum
1017 1216 1167 1277 omnibus
1198 1235 1307 1278 earum
1332 1217 1533 1299 processibus

278 1333 309 1382 et
340 1319 493 1400 articulis,
523 1339 602 1402 quas
633 1333 743 1382 contra
774 1321 906 1384 eosdem
939 1320 1102 1404 Mathyam
1138 1333 1169 1384 et
1200 1322 1389 1384 Michaelem
1414 1321 1535 1404 juratos

278 1445 386 1488 coram
411 1425 516 1506 judice
541 1439 572 1488 et
594 1425 704 1509 juratis
721 1426 856 1509 juridice
873 1427 1159 1510 prosequebantur,
1185 1448 1240 1510 per
1265 1429 1538 1511 composicionem

277 1546 308 1594 et
332 1531 575 1595 ordinacionem
607 1533 749 1616 plurium
781 1531 1018 1615 fidedignorum
1050 1534 1192 1596 virorum
1225 1535 1366 1616 ipsarum
1394 1535 1536 1617 parcium

277 1657 389 1721 pacem
414 1639 597 1701 amancium
620 1639 755 1701 omnino
786 1639 1005 1722 deposuerunt
1032 1652 1063 1702 et
1092 1641 1257 1723 sopierunt
1281 1661 1317 1702 ac
1348 1641 1532 1724 complana·

273 1759 388 1808 verunt
411 1757 442 1808 et
465 1745 596 1808 eosdem
613 1745 777 1829 Mathyam
795 1759 826 1808 et
846 1745 1037 1808 Michaelem
1053 1745 1173 1828 juratos
1196 1747 1324 1810 racione
1342 1747 1530 1811 earumdem

275 1871 442 1914 causarum
467 1866 498 1914 et
513 1871 721 1935 processuum
745 1872 781 1914 ac
797 1852 1003 1915 articulorum
1022 1853 1240 1935 predictorum
1264 1853 1390 1936 penitus
1415 1868 1446 1916 et
1461 1873 1530 1916 om·

273 1960 351 2022 nino
376 1960 503 2042 quietos
526 1973 558 2022 et
574 1958 739 2042 expeditos
763 1980 799 2022 ac
815 1958 965 2042 pacificos
988 1978 1024 2020 ac
1041 1959 1229 2022 omnimode
1246 1961 1410 2022 absolutos
1426 1961 1532 2022 reddi·

274 2066 390 2129 derunt
413 2067 541 2149 publice
565 2085 673 2128 coram
697 2066 791 2128 nobis
814 2066 845 2127 in
870 2064 944 2127 sede
969 2077 1075 2128 nostra
1099 2064 1266 2147 judiciaria
1290 2081 1466 2150 prenotata.

380 2173 458 2236 ltem
476 2173 588 2236 Petrus
603 2185 692 2236 sutor
708 2171 793 2236 filius
807 2172 932 2254 Rapule
948 2172 993 2234 sic
1010 2171 1092 2233 dicte
1111 2172 1254 2235 mulieris
1272 2187 1380 2235 contra
1398 2174 1534 2238 Elenam

277 2301 411 2344 uxorem
436 2280 565 2364 Mathye
590 2281 706 2343 sutoris
729 2281 812 2362 nigri
836 2279 941 2362 primo
969 2278 1082 2341 citatus
1106 2299 1170 2340 non
1194 2281 1384 2362 comparuit.

381 2387 458 2450 ltem
491 2386 636 2449 Thomas
667 2399 756 2448 sutor
787 2399 897 2448 contra
928 2383 1125 2446 Dorotheum
1157 2386 1354 2450 Kusichnam
1389 2386 1531 2450 secundo

275 2495 389 2556 citatus
412 2513 478 2556 non
503 2493 692 2577 comparuit.

380 2601 459 2664 Item
488 2601 568 2662 Pero
592 2599 713 2682 juratus
744 2611 854 2662 contra
879 2598 1041 2661 Thomam
1074 2597 1208 2662 Cheden
1239 2599 1382 2662 secundo
1418 2600 1532 2663 citatus

274 2727 338 2769 non
372 2707 561 2790 comparuit.

378 2815 455 2877 ltem
482 2814 557 2896 quia
583 2814 731 2897 Marycza
754 2812 820 2874 filia
851 2811 988 2874 condam
1015 2811 1166 2894 Stephani
1198 2811 1238 2873 de
1264 2811 1340 2873 Bela
1364 2811 1533 2895 dyabolica

272 2935 338 2984 arte
362 2921 511 3003 instigata
536 2921 709 3002 quamdam
734 2920 868 2981 domum
893 2919 992 2980 Marci
1016 2919 1125 3000 generi
1150 2917 1305 2980 lobannis
1329 2917 1439 2980 Croati
1454 2919 1531 2981 Dra-

270 3027 353 3110 gych
378 3028 464 3106 dicti,
483 3028 515 3090 in
541 3027 699 3089 territorio
716 3025 853 3089 civitatis
871 3025 1011 3107 predicte
1027 3025 1108 3086 circa
1127 3025 1255 3087 vineam
1273 3024 1415 3086 eiusdem
1434 3021 1533 3086 Marci

272 3133 425 3215 habitam,
449 3134 591 3216 quodam
617 3153 688 3196 sero
712 3131 862 3196 succendi
887 3144 918 3194 et
941 3131 1137 3193 concremari
1166 3151 1202 3192 ac
1225 3131 1257 3192 in
1282 3129 1425 3193 favillam
1450 3130 1533 3212 ignis

272 3242 413 3303 converti
439 3239 574 3320 fecisset,
597 3253 693 3323 prout
717 3239 830 3302 eadem
855 3239 1001 3321 Marycza
1026 3237 1142 3300 mulier
1166 3257 1273 3299 coram
1290 3237 1400 3320 juratis
1417 3238 1533 3300 nostris

272 3347 438 3410 modernis
463 3361 493 3410 et
518 3366 625 3409 coram
650 3361 765 3408 cuncto
789 3345 912 3428 populo
936 3344 1063 3426 publice
1092 3363 1189 3426 penes
1214 3343 1360 3406 eculeum
1386 3341 1529 3406 confessa

272 3467 372 3516 estet
397 3454 555 3516 attestavit
586 3473 621 3514 ac
653 3451 823 3514 affirmavit
853 3470 960 3514 coram
993 3451 1103 3528 nobis,
1137 3450 1276 3532 ideoque
1306 3470 1365 3512 nos
1396 3449 1532 3512 eandem

273 3560 444 3622 Mariczam
474 3559 642 3621 mulierem
659 3558 744 3640 juxta
762 3557 915 3620 demerita
939 3576 995 3618 sua
1021 3569 1186 3638 prenotata
1204 3569 1234 3618 et
1250 3556 1335 3638 juxta
1360 3557 1422 3618 alia
1437 3557 1528 3639 plura

271 3687 326 3729 sua
352 3650 507 3728 maleficis
540 3667 572 3727 in
605 3666 722 3748 quibus
754 3665 820 3748 ipsa
853 3665 981 3726 inventa
1012 3676 1068 3742 est,
1094 3663 1126 3725 in
1150 3663 1223 3726 loco
1257 3663 1529 3726 concremacionis

271 3772 490 3836 maleficorum
515 3771 613 3854 vulgo
632 3771 810 3855 Zredysche
835 3771 920 3832 dicto
937 3768 1071 3832 fecimus
1092 3771 1286 3832 concremari
1312 3769 1397 3850 juxta
1422 3771 1527 3852 legem

270 3892 301 3941 et
322 3879 503 3942 libertatem
528 3892 670 3940 nostram
694 3877 940 3960 privilegiatam.

349 4115 445 4190 Faria
474 4125 573 4191 sexta
601 4119 756 4208 proxima
784 4126 862 4189 ante
890 4116 1012 4188 festum
1049 4117 1145 4189 beate
1172 4115 1270 4190 Lucie
1297 4116 1451 4204 virginis.

757 4267 820 4350 (Η.
855 4271 1036 4343 decembris).

375 4413 453 4475 ltem
477 4432 606 4474 causam
631 4410 762 4474 Andree
786 4411 901 4474 sutoris
926 4424 957 4472 et
981 4408 1113 4492 Georgii
1137 4410 1266 4470 sartoris
1290 4409 1382 4490 probi
1408 4409 1467 4470 viri
1493 4429 1530 4470 ex

268 4533 357 4602 parte
382 4520 481 4602 ipsius
504 4519 632 4580 Andree
657 4518 775 4581 sutoris
795 4518 835 4579 ad
852 4518 991 4599 primum
1009 4517 1165 4598 judicium
1189 4517 1335 4598 proxime
1359 4535 1530 4578 occurrens

268 4625 309 4687 ad
333 4645 445 4708 pacem
470 4637 668 4707 receperunt.

375 4733 453 4795 Item
477 4731 628 4793 dominus
646 4728 805 4811 Georgius
829 4730 984 4812 presbiter
1000 4729 1103 4791 dictus
1127 4729 1303 4812 waarych
1321 4741 1430 4790 contra
1448 4729 1531 4790 Lau-

268 4839 411 4900 rencium
444 4838 564 4900 dictum
597 4835 748 4898 Zwechar
779 4836 883 4917 primo
913 4835 1128 4917 proclamatus
1160 4835 1286 4918 publice
1320 4834 1352 4896 in
1385 4833 1455 4896 loro
1487 4833 1526 4896 ad

268 4943 520 5027 comparendum
538 4962 645 5005 coram
666 4942 759 5004 nobis
784 4956 815 5004 et
831 4941 1032 5003 reddendum
1057 4943 1219 5004 racionem
1244 4941 1282 5002 de
1303 4940 1530 5003 vulneracione

268 5050 367 5134 ipsius
399 5050 567 5114 Laurencii
594 5069 651 5132 per
682 5049 787 5132 ipsum
820 5047 989 5110 dominum
1024 5046 1200 5131 Georgium
1226 5067 1320 5131 super
1352 5048 1420 5131 ipso
1447 5047 1530 5109 Lau·
