3734 5796
579 730 657 792 Item
687 729 764 812 quia
790 731 839 792 vir
870 731 1025 813 providus
1049 730 1240 794 Valentinus
1269 730 1353 792 filius
1377 730 1545 792 Michaelis
1576 732 1644 794 dicti
1664 731 1707 794 Sa·

471 837 582 899 ronich
607 837 732 920 pridem
757 836 879 917 juratus
903 837 1110 920 concivisque
1127 851 1245 914 noster,
1270 837 1302 898 id
1324 857 1397 900 cum
1414 837 1584 900 sufficienti
1607 837 1706 900 etfide·

470 944 570 1025 digno
588 957 770 1004 nostrorum
787 944 970 1006 concivium
987 944 1174 1006 testimonio
1199 945 1232 1006 in
1248 943 1324 1006 sede
1340 957 1449 1006 nostra
1466 943 1628 1024 judiciaria
1642 944 1707 1004 clare

470 1049 693 1132 comprobavit
716 1069 824 1112 coram
849 1050 953 1128 nobis,
978 1064 1013 1113 ut
1041 1051 1119 1112 dum
1142 1049 1277 1133 provida
1309 1051 1427 1113 mulier
1450 1050 1644 1133 Margaretha
1664 1069 1706 1110 vo

468 1171 549 1235 cata,
573 1156 680 1219 relicta
714 1156 851 1218 condam
877 1156 961 1219 Petri
994 1157 1070 1218 dicti
1094 1157 1326 1219 Plemenschak
1358 1157 1390 1218 in
1415 1158 1565 1218 extremis
1588 1157 1644 1218 vite
1663 1175 1705 1216 sue

468 1263 655 1346 temporalis
678 1262 864 1344 laborasset,
887 1275 963 1326 tunc
987 1264 1055 1346 ipsa
1078 1263 1285 1326 medietatem
1302 1263 1470 1325 cuiusdam
1495 1263 1618 1340 domus,
1632 1260 1705 1322 fundi

469 1383 502 1430 et
516 1367 742 1432 hedificiorum
759 1369 791 1430 in
817 1369 944 1432 civitate
961 1370 1103 1452 predicta
1120 1369 1239 1450 habite,
1260 1389 1324 1452 que
1341 1371 1440 1452 ipsius
1464 1369 1550 1432 Petri
1574 1367 1709 1452 prefuerat

470 1477 657 1556 literatoria,
690 1496 788 1539 unam
820 1476 972 1540 videlicet
1002 1490 1148 1559 quartam
1181 1477 1267 1539 curie
1292 1477 1324 1538 io
1356 1497 1389 1538 se
1421 1476 1642 1554 continentem,
1661 1474 1707 1536 sibi

468 1603 526 1666 per
550 1583 729 1665 predictum
754 1582 883 1644 Petrum
908 1581 1029 1665 prefate
1053 1582 1253 1664 Margarethe
1285 1583 1413 1644 mulieri
1446 1583 1539 1644 aliter
1563 1583 1643 1644 Mara
1662 1599 1705 1642 vo

469 1703 538 1752 cate
561 1689 824 1752 testamentafiter
848 1689 997 1771 legatam,
1021 1709 1095 1752 cum
1120 1690 1185 1752 suis
1216 1689 1420 1772 pertinenciis
1443 1688 1587 1770 predicto
1609 1687 1705 1748 Valen-

470 1797 539 1858 tino
576 1795 680 1876 jorato
713 1809 747 1858 ut
770 1794 858 1858 affini
890 1815 949 1857 suo
980 1797 1150 1877 legavisset
1181 1809 1211 1858 et
1244 1795 1416 1858 dimisisset
1445 1795 1514 1877 jure
1545 1793 1707 1877 perhennali

468 1902 696 1985 possidendam
731 1916 763 1964 et
795 1901 1103 1984 quomodocumque
1134 1903 1273 1964 voluerit
1304 1901 1558 1984 disponendam,
1589 1900 1705 1980 ideoque

468 2028 527 2070 nos
550 2009 686 2070 eandem
711 2009 915 2070 medietatem
940 2009 1023 2070 dicte
1048 2009 1174 2088 domus,
1202 2007 1294 2070 fundi
1319 2023 1351 2071 et
1375 2006 1605 2084 hedificiorom,
1627 2023 1706 2066 unam

468 2115 619 2178 videlicet
642 2127 789 2197 quartam
813 2117 900 2178 curie
924 2116 957 2176 in
981 2135 1015 2176 se
1032 2116 1262 2194 continentem,
1286 2115 1475 2198 porcionem
1492 2114 1610 2176 scilicet
1625 2112 1706 2194 ipsius

470 2220 670 2302 Margarethe
694 2241 750 2283 scu
768 2222 855 2283 Mare
879 2221 1025 2283 mulieris
1042 2222 1143 2302 ipsam
1167 2223 1323 2304 premisso
1339 2221 1555 2283 testamentali
1572 2219 1632 2300 jure
1648 2237 1708 2279 con·

470 2341 667 2406 cernentem,
691 2329 860 2390 statuimus
884 2341 915 2389 et
938 2328 1160 2390 commisimus
1191 2349 1228 2390 ex
1253 2327 1416 2410 premissis
1447 2327 1515 2409 jure
1547 2323 1708 2410 perhennali

468 2433 696 2516 possidendam
721 2447 752 2496 et
783 2433 1092 2516 quomodocumque
1125 2434 1262 2496 voluerit
1294 2433 1530 2516 disponendam
1560 2430 1707 2494 Valentino

420 2551 423 2558 '
469 2553 639 2622 prenotato
667 2538 782 2620 jurato.

578 2646 657 2708 Item
689 2645 835 2708 Thomas
851 2644 990 2708 carnifex
1006 2645 1091 2708 filius
1108 2647 1196 2709 Luce
1212 2659 1321 2709 contra
1339 2645 1452 2708 Friche
1469 2645 1603 2726 juratum
1618 2644 1705 2726 primo

467 2752 581 2814 citatus
605 2771 670 2814 non
696 2754 886 2835 comparuit.

576 2859 654 2922 ltem
685 2859 877 2921 Benedictus
909 2858 994 2921 filius
1017 2859 1184 2922 Michaelis
1212 2859 1391 2923 Sebastiani
1423 2872 1534 2922 contra
1566 2857 1707 2920 dominam

470 2965 605 3028 Elenam
630 2964 774 3026 relictam
800 2965 945 3027 Pundich
969 2966 1074 3048 primo
1099 2967 1212 3028 citatus
1237 2986 1301 3029 non
1326 2965 1517 3048 comparuit.

575 3072 653 3134 Item
677 3071 822 3133 Andreas
847 3071 935 3134 faber
959 3086 1069 3136 contra
1090 3091 1222 3136 uxorem
1247 3073 1331 3135 Petri
1355 3073 1471 3134 literati
1496 3071 1596 3153 primo
1611 3069 1708 3131 citatus

468 3197 534 3240 non
558 3179 748 3260 comparuit.

575 3285 653 3348 ltem
677 3285 824 3368 Mathyas
856 3285 996 3348 decanus
1027 3300 1172 3348 sutorum
1205 3299 1315 3349 contra
1348 3285 1526 3366 Georgium
1549 3285 1706 3366 selliparem

468 3391 573 3474 primo
598 3391 712 3453 citatus
736 3411 801 3453 non
826 3393 1015 3474 comparuit.

575 3498 654 3560 Item
686 3498 870 3560 Anthonius
900 3498 1041 3561 carnifex
1072 3498 1155 3562 filios
1187 3499 1344 3562 Joffanow
1378 3501 1491 3563 Briccii
1524 3514 1623 3564 contra
1646 3495 1706 3558 Cle·

468 3619 609 3667 mentem
635 3603 817 3667 carnificem
841 3605 947 3687 primo
972 3606 1085 3668 ciratus
1110 3625 1175 3666 non
1199 3607 1390 3688 comparuit.

574 3711 652 3774 Item
670 3711 744 3792 quia
762 3716 869 3792 Agnes
885 3712 995 3774 relicta
1012 3711 1150 3774 condam
1175 3711 1331 3774 Johannis
1348 3712 1502 3794 Konsych
1519 3706 1703 3774 cohabitatrix

469 3830 575 3878 nostra
600 3817 633 3878 id
658 3836 729 3878 curn
762 3817 933 3879 sufficienti
966 3832 997 3882 et
1028 3818 1193 3898 fidedigno
1225 3831 1410 3880 nostrorum
1442 3819 1614 3880 concivium
1635 3812 1705 3876 testi·

469 3924 580 3985 monio
604 3923 637 3984 in
669 3923 743 3984 sede
775 3938 882 3985 nostra
914 3924 1078 4006 judiciaria
1110 3925 1193 3986 clare
1221 3938 1253 3986 et
1283 3923 1479 3987 sufficienter
1510 3919 1704 4006 comprobavit

469 4048 576 4090 coram
609 4029 713 4108 nobis,
746 4031 913 4112 quomodo
949 4031 1095 4114 Mathyas
1125 4030 1210 4092 filius
1246 4029 1359 4113 prefati
1392 4030 1547 4094 Johsnnis
1576 4022 1704 4108 Kunsych

469 4134 599 4198 filiaster
624 4137 723 4218 ipsius
747 4137 881 4216 Agnetis
905 4137 1048 4198 mulieris
1081 4157 1241 4199 unacum
1274 4137 1340 4219 ipsa
1374 4157 1514 4200 noverca
1537 4157 1588 4200 sua
1613 4147 1703 4194 coram

468 4241 640 4322 fidedignis
671 4243 747 4303 viris
780 4244 942 4324 quandam
972 4244 1245 4326 composicionem
1274 4257 1305 4305 et
1336 4245 1543 4306 concordiam
1574 4240 1703 4311 fecissent,

470 4362 546 4410 tunc
564 4351 631 4430 ipse
649 4349 853 4412 medietatem
871 4351 1037 4412 cuiusdam
1056 4350 1181 4428 domus,
1203 4347 1295 4411 fundi
1313 4363 1343 4412 et
1359 4349 1589 4426 hedificiorum,
1602 4357 1702 4428 partem

470 4455 621 4516 videlicet
637 4455 859 4537 posteriorem,
884 4476 981 4517 unam
999 4470 1143 4538 quartam
1169 4455 1255 4517 curie
1272 4455 1304 4518 in
1320 4477 1355 4518 se
1379 4457 1602 4531 continentem,
1617 4452 1702 4533 ipsum

469 4562 590 4623 scilicet
608 4561 761 4622 Mathiam
780 4561 953 4624 literatorie
971 4575 1216 4623 concernentem
1234 4562 1293 4644 ipsi
1315 4563 1432 4643 Agneti
1451 4563 1576 4625 mulieri
1591 4571 1701 4620 noverca

467 4687 523 4728 sue
548 4667 719 4728 dimisisset
743 4681 774 4728 et
798 4669 986 4748 resignasset
1010 4668 1077 4749 jure
1106 4668 1294 4750 perhennali
1327 4669 1566 4751 possidendam,
1587 4664 1701 4741 ideoque

470 4797 529 4837 nos
554 4777 689 4836 eandem
715 4775 919 4837 medietatem
947 4776 1072 4853 domus,
1098 4795 1194 4836 unam
1220 4789 1255 4836 ut
1278 4776 1454 4857 predicitur
1478 4789 1612 4858 quartam
1633 4765 1701 4829 curie

469 4882 501 4942 in
526 4903 558 4942 se
583 4882 813 4960 continentem,
831 4902 903 4943 cum
926 4882 991 4942 suis
1015 4881 1205 4943 utilitatibus
1220 4895 1251 4942 et
1267 4882 1474 4964 pertinenciis
1490 4876 1632 4944 universis
1644 4889 1700 4956 pre·

469 4987 551 5049 dicte
576 4989 693 5069 Agneti
719 4989 845 5050 mulieri
870 5001 905 5049 ut
929 4988 992 5068 jam
1021 5001 1126 5049 nostre
1159 4987 1283 5050 concivi
1307 5009 1344 5050 ac
1367 5009 1425 5072 per
1449 5009 1519 5052 eam
1552 4985 1607 5050 suis
1628 4979 1699 5040 here·
