3734 5796
336 529 398 610 298
592 521 598 528 ’
700 534 787 592 Anno
810 529 903 610 1438.
930 567 969 576 -
995 530 1049 592 28.
1073 535 1243 594 novembris.

334 741 570 824 fidedignorum
597 759 628 807 et
651 747 828 826 proborum
853 745 994 806 virorum
1019 745 1060 806 ad
1091 745 1232 828 primum
1257 745 1413 826 judicium
1439 763 1498 826 pro
1523 763 1601 825 pace

335 847 439 911 fienda
464 849 614 913 duximus
637 851 887 934 prorogandam.

444 956 520 1018 Item
546 977 675 1019 causam
708 957 864 1020 iohannis
894 957 1010 1040 judicis
1039 973 1071 1020 et
1101 959 1212 1020 Jacobi
1238 957 1353 1038 judicis
1384 957 1462 1018 dicti
1488 958 1604 1039 Bolye·

337 1061 445 1143 thych,
467 1083 524 1144 per
547 1065 686 1126 eundem
720 1065 876 1126 Jacobum
909 1064 1049 1146 judicem
1078 1079 1187 1127 contra
1220 1065 1325 1147 ipsum
1350 1064 1531 1125 iohannem
1558 1063 1605 1145 ju·

339 1170 442 1232 dicem
462 1170 564 1232 filium
583 1171 663 1233 Pero
681 1191 787 1233 coram
812 1171 905 1232 nobis
922 1183 1043 1233 motam
1061 1172 1093 1233 in
1111 1170 1195 1233 facto
1212 1185 1369 1233 certarum
1395 1170 1606 1252 pecuniarum

336 1296 392 1358 per
409 1277 511 1358 ipsum
527 1279 683 1339 Jacobum
696 1278 837 1359 judicem
850 1298 957 1340 coram
976 1280 1069 1340 nobis
1086 1279 1336 1357 nominatarum,
1355 1297 1411 1360 pet
1428 1279 1603 1340 instantem

336 1383 530 1464 peticionem
548 1385 723 1466 proborum
749 1385 890 1446 virorum
915 1385 955 1446 ad
972 1386 1114 1468 primum
1135 1385 1290 1468 judicium
1309 1405 1367 1467 pro
1392 1383 1499 1446 fienda
1523 1404 1606 1466 pace

337 1489 487 1552 duximus
515 1491 764 1573 prorogandam.

447 1597 524 1659 Item
557 1598 633 1679 quia
664 1599 712 1658 vir
744 1597 898 1679 providus
930 1598 1120 1660 Dominicus
1164 1597 1303 1680 frenipar
1334 1597 1419 1659 filius
1451 1597 1606 1678 Stephani

336 1703 462 1784 pridem
488 1703 607 1780 juratus
631 1705 836 1786 concisisque
870 1719 987 1783 noster,
1026 1704 1057 1764 id
1084 1723 1157 1765 cum
1189 1702 1360 1766 sufficienti
1385 1717 1417 1766 et
1439 1702 1607 1784 fidediguo

337 1824 518 1871 nostrorum
544 1811 728 1871 concivium
752 1811 938 1872 testimonio
971 1811 1003 1871 in
1035 1809 1111 1872 sede
1137 1825 1243 1871 nostra
1275 1809 1443 1890 judiciaria
1467 1810 1552 1870 clare
1577 1823 1608 1870 et

336 1917 454 1978 seriose
479 1918 702 2000 comprobavit
726 1936 834 1978 coram
859 1918 962 1995 nobis,
996 1931 1031 1978 ut
1054 1917 1132 1978 dum
1166 1917 1300 1998 provida
1324 1915 1465 1977 condam
1490 1915 1608 1976 mulier

337 2022 513 2084 Katherine
537 2037 660 2101 vocata,
686 2023 796 2085 relicta
828 2023 964 2084 condam
992 2020 1125 2103 Georgii
1158 2022 1327 2101 scllatoris,
1359 2041 1470 2083 versus
1494 2021 1607 2082 limina

336 2130 503 2190 beatorum
529 2130 612 2191 Petri
637 2143 668 2192 et
693 2129 783 2191 Pauli
808 2129 1032 2210 apostolorum
1055 2148 1090 2190 ac
1123 2129 1155 2190 in
1181 2128 1435 2210 Aquisgranium
1460 2129 1494 2188 iu
1520 2127 1606 2188 Wah

338 2235 419 2296 circa
444 2235 611 2297 ecclesiam
630 2238 722 2297 beate
746 2236 879 2316 virginis
899 2235 1008 2312 Marie,
1034 2237 1113 2297 etin
1132 2234 1305 2298 Galliciam
1331 2236 1413 2296 circa
1439 2234 1605 2295 ecclesiam

338 2341 420 2402 beati
449 2342 559 2404 Jacobi
588 2343 725 2424 apostoli
758 2363 816 2424 pro
846 2342 953 2403 anima
985 2362 1040 2404 sua
1066 2355 1097 2403 et
1120 2362 1179 2424 pro
1211 2342 1319 2403 anima
1348 2341 1448 2423 ipsius
1474 2339 1607 2420 Georgii

337 2446 496 2508 sellatoris
519 2449 624 2510 mariti
656 2449 716 2528 sui,
748 2469 784 2510 ac
816 2469 874 2532 pro
906 2449 1076 2510 animabus
1108 2449 1247 2510 aliorum
1272 2461 1441 2529 parentum
1467 2467 1504 2508 ac
1537 2465 1607 2528 pre·

337 2552 540 2614 decessorum
566 2575 698 2616 suorum
731 2554 889 2637 proficisci
922 2555 1087 2633 voluisset,
1116 2568 1146 2616 et
1178 2554 1219 2616 de
1243 2553 1327 2616 facto
1360 2551 1503 2635 protecta
1529 2552 1608 2613 exti-

338 2657 438 2736 tisset,
462 2673 538 2720 tunc
564 2660 631 2742 ipsa
656 2661 820 2722 universas
844 2681 917 2722 suas
941 2662 1159 2743 possessiones
1185 2674 1216 2722 et
1239 2661 1410 2742 porciones
1434 2659 1608 2741 possessio-

339 2763 445 2825 narias
470 2765 501 2825 in
528 2765 610 2828 dicta
635 2767 762 2829 civitate
794 2781 824 2828 et
855 2768 1011 2829 suburbio
1035 2787 1071 2828 ac
1101 2767 1263 2828 territorio
1296 2767 1396 2848 ipsius
1420 2765 1546 2826 habitas
1576 2777 1608 2825 et

338 2871 517 2950 existentes,
543 2873 644 2954 ipsam
669 2874 802 2955 juridice
827 2886 1068 2953 concernentes,
1101 2873 1226 2956 prefato
1251 2873 1429 2935 Dominico
1454 2870 1606 2954 frenipari

337 2995 439 3056 usque
475 2978 515 3038 ad
548 2979 788 3042 revolutionem
820 2995 851 3042 et
883 2981 1120 3062 expirationem
1152 2981 1251 3042 trium
1283 2998 1444 3042 annorum
1479 2997 1606 3039 conser-

338 3083 475 3142 vandam
486 3084 657 3146 dimisisset
670 3100 701 3148 et
718 3087 907 3168 resignasset
920 3107 959 3148 eo
976 3087 1086 3165 modo,
1104 3101 1139 3148 ut
1155 3087 1179 3147 si
1199 3087 1266 3168 ipsa
1284 3086 1418 3147 domina
1433 3084 1606 3146 Katherine

338 3187 377 3247 de
402 3187 468 3268 ipsa
493 3191 754 3270 peregrinacione
780 3193 946 3274 usquead
972 3193 1210 3274 expiracionem
1245 3192 1406 3253 dictorum
1432 3191 1529 3252 trium
1554 3209 1608 3249 an·

339 3312 454 3354 norum
480 3315 588 3356 versus
612 3298 774 3378 propriam
801 3299 934 3360 domum
954 3319 1080 3362 reversa
1104 3297 1201 3360 fuerit
1225 3311 1256 3359 et
1281 3297 1414 3358 redierit
1439 3315 1496 3358 seu
1521 3314 1609 3377 repa-

338 3398 419 3474 triat,
447 3413 561 3462 extunc
584 3402 712 3462 easdem
737 3405 955 3484 possessiones
979 3419 1010 3467 et
1034 3405 1206 3486 porciones
1223 3403 1492 3486 possessiouerias
1511 3401 1610 3482 ipsius

339 3502 513 3566 Katherine
548 3507 691 3568 mulieris
726 3510 830 3570 eidem
862 3511 1038 3572 Katherine
1070 3511 1199 3572 mulieri
1231 3508 1366 3572 reddere
1390 3523 1420 3570 et
1444 3509 1610 3569 restituere

339 3606 510 3686 debuisset,
535 3613 558 3672 si
585 3625 690 3673 autern
710 3635 811 3696 usque
836 3617 1074 3698 expiracionem
1093 3618 1236 3698 ipsorum
1264 3617 1363 3677 trium
1389 3634 1550 3676 annorum
1567 3613 1607 3674 de

340 3713 452 3774 eadem
477 3719 739 3796 peregrinacione
772 3741 837 3781 non
871 3723 1001 3784 redierit
1025 3737 1056 3785 et
1089 3743 1214 3784 reversa
1246 3742 1358 3784 versus
1381 3722 1513 3803 propria
1545 3739 1608 3780 uon

338 3815 442 3895 fuerit,
475 3836 588 3882 extunc
619 3823 759 3902 prefatus
791 3827 982 3889 Dominicus
1014 3828 1136 3911 juratus
1168 3829 1298 3891 easdem
1332 3827 1552 3910 possessiones
1575 3841 1606 3887 et

340 3924 507 3999 porciones
532 3931 796 4007 possessionsrias
818 3934 918 4014 ipsius
943 3935 1119 3997 Katherine
1138 3936 1283 3997 mulieris
1307 3935 1394 3996 idern
1419 3934 1612 3995 Dominicus

335 4024 464 4103 'juratus
487 4031 625 4114 frenipar
650 4039 816 4117 exspiratis
840 4039 916 4121 ipsis
940 4041 1043 4102 tribus
1067 4043 1159 4102 annis
1183 4055 1238 4103 aut
1261 4061 1320 4124 pro
1345 4061 1377 4101 se
1403 4038 1614 4123 possidendas

342 4133 476 4194 retinere
501 4153 554 4197 aut
571 4159 635 4218 quo
659 4161 715 4202 sue
734 4145 889 4224 placuerit
913 4147 1072 4208 voluntati
1090 4148 1261 4229 disponere
1287 4147 1471 4222 debuisset;
1489 4160 1520 4206 et
1536 4145 1611 4226 quia

342 4253 510 4318 postquam
536 4243 655 4323 prefata
682 4249 855 4312 Katherine
880 4253 996 4313 mulier
1022 4255 1061 4315 ad
1095 4253 1312 4336 peragendam
1346 4255 1449 4336 ipsam
1474 4253 1614 4336 peregri·

344 4343 511 4406 nacionem
538 4350 677 4428 profecta
703 4357 836 4450 estjam
861 4373 935 4420 sunt
966 4361 1116 4422 transacti
1141 4381 1195 4422 sex
1227 4361 1279 4422 vel
1304 4363 1382 4423 citra
1406 4361 1483 4422 anni
1514 4379 1614 4441 usque

340 4464 423 4506 nunc
458 4467 551 4528 prout
582 4459 754 4536 superinde
786 4464 1053 4527 certitudinaliter
1084 4486 1196 4528 sumus
1225 4469 1347 4549 experti
1381 4479 1412 4529 et
1437 4465 1614 4545 informati,

344 4549 483 4631 ideoque
502 4576 559 4615 nos
583 4562 739 4638 predictas
756 4570 973 4646 possessiones
991 4587 1022 4634 et
1039 4574 1211 4654 porciones
1228 4573 1500 4656 possessiunarias
1517 4573 1616 4655 ipsius

343 4653 514 4720 Katherine
539 4665 682 4726 mulieris
707 4670 738 4730 in
772 4673 856 4734 dicta
891 4677 1019 4738 civitate
1045 4693 1076 4740 et
1108 4681 1177 4741 eius
1201 4681 1360 4742 suburbio
1393 4700 1430 4741 ac
1454 4679 1615 4742 territorio

342 4753 472 4870 habitas,
498 4764 598 4843 ipsam
623 4769 754 4846 juridice
780 4795 1021 4861 concernentes,
1047 4804 1121 4846 curn
1146 4787 1213 4848 suis
1238 4787 1448 4868 pertinenciis
1473 4801 1505 4848 et
1529 4785 1615 4848 utili-

343 4862 642 4979 tatibus—universis
673 4879 797 4956 prefato
829 4884 1004 4948 Dominico
1038 4889 1143 4970 jurato
1176 4911 1214 4953 ex
1239 4893 1344 4954 causis
1368 4906 1400 4954 et
1432 4893 1615 4954 racionibus

343 4979 501 5039 Psemffisls
525 4993 559 5033 ac
583 4996 639 5056 per
663 5001 736 5044 eum
761 4988 825 5048 suis
849 4989 1024 5056 heredibus
1042 4999 1216 5062 statuimus
1241 5014 1272 5064 et
1298 4999 1525 5064 commisimus
1549 5000 1615 5082 jure
