3678 5800
564 539 764 615 Anno1455.
791 571 830 582 -
856 553 903 599 rr.
925 540 1033 599 martii.
1371 556 1431 619 223

273 747 352 810 Item
377 749 451 829 quia
477 748 653 812 Katherina
677 750 793 812 mulier
833 750 942 811 relicta
974 751 1111 812 condam
1138 750 1266 812 Thome
1291 749 1433 828 cultoris,

167 853 339 916 habitatrix
363 855 499 918 civitatis
523 857 677 938 predicte,
709 857 741 918 id
766 877 839 920 cum
864 857 1034 920 sufficienti
1059 871 1089 920 et
1118 855 1283 937 fidedigno
1309 871 1433 918 nostro·

166 979 235 1022 rum
255 961 437 1024 concivium
454 963 641 1024 testimonio
660 964 692 1025 in
720 965 796 1026 sede
820 979 927 1026 nostra
952 963 1118 1045 judiciaria
1144 963 1227 1024 clare
1260 977 1291 1024 et
1315 963 1433 1024 seriose

165 1068 388 1148 comprobavit
405 1087 513 1132 coram
538 1070 641 1148 nobis,
666 1083 701 1131 ut
717 1070 795 1132 dum
819 1072 937 1133 Paulus
954 1069 1038 1132 filius
1061 1070 1194 1152 predicti
1221 1069 1350 1132 Thome
1368 1069 1433 1131 cul·

166 1173 246 1234 toris
271 1174 302 1234 in
328 1175 477 1236 extremis
500 1175 564 1236 vite
586 1195 642 1237 sue
659 1177 845 1260 temporalis
869 1178 1055 1256 laborasset,
1078 1189 1155 1238 tunc
1180 1177 1247 1258 ipse
1271 1177 1433 1257 quandam

167 1293 284 1342 terram
300 1301 391 1342 suam
408 1281 561 1343 arabilem
581 1281 716 1344 duarum
742 1283 910 1362 dictarum,
928 1284 1033 1367 ipsum
1051 1282 1119 1364 jure
1137 1283 1285 1364 legaticio
1303 1301 1432 1344 concer-

164 1399 305 1465 nentem,
319 1407 390 1448 cum
405 1389 470 1448 suis
487 1389 691 1470 pertinenciis
707 1403 738 1452 et
755 1390 1110 1452 utilitatibusuniversis
1121 1387 1240 1471 prefate
1255 1389 1430 1450 Katherine

165 1493 259 1554 matri
285 1514 340 1554 sue
357 1493 525 1575 legavisset
549 1494 616 1576 jure
639 1495 826 1577 perhennali
853 1495 1092 1578 possidendam,
1115 1494 1253 1576 ideoque
1279 1513 1337 1556 nos
1364 1513 1433 1575 pre·

166 1599 285 1661 dictam
316 1614 431 1662 terram
465 1600 619 1664 arabilem
650 1602 786 1664 duarum
818 1603 975 1666 dictarum
1007 1621 1080 1664 cum
1111 1601 1273 1683 premissis
1308 1601 1430 1663 cunctis

165 1706 231 1766 suis
256 1706 447 1768 utilitatibus
464 1721 495 1768 et
511 1708 717 1789 pertinenciis
734 1709 890 1770 universis
905 1707 1026 1792 prefate
1051 1707 1178 1770 mulieri
1197 1707 1371 1770 Katherine
1397 1726 1434 1768 ac

166 1833 223 1894 per
247 1833 316 1874 eam
330 1813 395 1874 suis
408 1812 580 1875 heredibus
596 1817 765 1876 statuimus
785 1829 941 1898 perpetuo
958 1815 1185 1897 possidendam
1203 1827 1234 1876 et
1250 1814 1433 1896 quomodo·

166 1938 305 2000 cumque
329 1919 469 1982 voluerit
494 1920 741 2001 disponendam.

278 2025 356 2087 Item
388 2026 464 2106 quia
489 2027 615 2108 providi
641 2027 700 2087 viri
724 2027 915 2090 Valentinus
938 2041 969 2088 et
986 2027 1151 2089 Emericus
1175 2025 1243 2104 filii,
1266 2039 1297 2087 et
1321 2026 1435 2109 Elyza-

167 2129 242 2192 beth
267 2133 383 2193 mulier
417 2131 483 2194 filia
508 2133 599 2193 Pauli
631 2131 689 2194 filii
722 2134 804 2194 Petri
836 2133 894 2195 litii
919 2133 1084 2195 Benedicti
1119 2133 1194 2195 dicti
1220 2131 1431 2210 Dauidowch,

167 2237 199 2296 id
231 2257 304 2298 cum
328 2235 499 2300 sufficienti
532 2253 562 2301 et
586 2237 750 2321 fidedigno
775 2255 957 2301 nostrorum
983 2240 1165 2302 concivium
1189 2238 1374 2300 testimonio
1400 2239 1432 2299 in

166 2343 241 2404 sede
266 2357 373 2406 nostra
390 2345 555 2426 judiciaria
572 2345 656 2407 clare
682 2358 713 2408 et
736 2346 854 2408 seriose
871 2347 1122 2428 comprobarunt
1139 2365 1245 2408 coram
1269 2345 1373 2423 nobis,
1400 2357 1435 2406 ut

168 2448 244 2509 dum
263 2449 403 2531 prefatus
429 2451 540 2512 Petrus
564 2451 667 2514 dictus
691 2452 890 2514 Dauidowch
916 2453 947 2514 in
969 2452 1118 2514 extremis
1142 2452 1205 2512 vite
1230 2471 1285 2512 sue
1308 2467 1433 2533 tempo·

167 2555 241 2616 ralis
273 2555 458 2636 laborasset,
490 2571 566 2619 tunc
590 2559 753 2640 quandam
785 2559 919 2620 domum
943 2579 1033 2620 suam
1057 2557 1154 2620 simul
1179 2577 1250 2619 curn
1276 2556 1378 2618 fundo
1403 2570 1435 2619 et

169 2662 299 2724 cellario
323 2665 532 2726 subterraneo
558 2685 594 2726 ac
610 2663 767 2726 hedificiis
792 2665 822 2726 in
836 2666 908 2727 vico
934 2666 1031 2748 ipsius
1048 2665 1182 2726 civitatis
1206 2664 1354 2726 exteriori
1378 2682 1434 2724 seu

168 2768 273 2850 platea
287 2768 539 2832 Theuthonicali
555 2769 710 2849 habitam,
727 2771 832 2853 ipsum
850 2771 982 2852 juridice
1000 2785 1031 2832 et
1047 2771 1221 2834 literatorie
1239 2788 1433 2832 concernen-

168 2887 243 2953 tem,
277 2894 350 2936 cum
384 2877 535 2938 omnibus
565 2877 630 2938 suis
662 2877 853 2939 utilitatibus
877 2891 908 2938 et
936 2878 1142 2960 pertinenciis
1166 2877 1333 2956 universis,
1364 2895 1434 2957 pre-

167 2979 240 3043 fatis
270 2982 444 3045 Valentino
471 2998 502 3044 et
527 2983 675 3044 Emerico
700 2984 870 3064 nepotibus
895 2997 925 3046 et
949 2983 1091 3066 predicte
1109 2984 1286 3066 Elyzabeth
1304 2982 1433 3044 mulieri

168 3088 267 3170 nepti,
300 3090 375 3168 suis,
408 3089 578 3170 legavisset
611 3088 677 3168 jure
709 3089 896 3171 perhennali
934 3090 1172 3172 possidendam,
1204 3089 1343 3171 ideoque
1376 3107 1434 3149 nos

167 3195 344 3275 predictam
369 3195 503 3256 domum
536 3196 632 3256 simul
661 3215 733 3256 cum
766 3195 867 3256 fundo
899 3209 930 3258 et
951 3197 1080 3257 cellario
1113 3216 1148 3256 ac
1172 3193 1329 3256 hedificiis
1360 3214 1433 3256 cum

168 3301 332 3381 premissis
365 3301 486 3362 cunctis
510 3302 574 3362 suis
607 3301 797 3363 utilitatibus
821 3317 851 3364 et
883 3302 1087 3384 pertinenciis
1112 3301 1279 3380 universis,
1311 3320 1434 3362 memo-

168 3406 244 3467 ratis
266 3407 438 3469 Valentino
463 3422 494 3468 et
511 3407 660 3468 Emerico
678 3428 713 3469 ac
739 3409 914 3491 Elyzabeth
944 3409 1069 3469 mulieri
1087 3428 1122 3470 ac
1140 3427 1196 3490 per
1217 3427 1272 3469 eos
1290 3408 1434 3490 ipsorum

170 3512 341 3574 heredibus
368 3513 537 3575 statuimus
561 3527 717 3596 perpetuo
744 3515 970 3596 possidendam
996 3528 1027 3575 et
1044 3515 1351 3596 quomodocumque
1377 3532 1433 3573 vo-

170 3619 288 3680 luerint
312 3619 547 3702 disponendam
580 3620 665 3701 juxta
699 3621 923 3682 condicionem
948 3621 1084 3682 civitatis
1116 3633 1281 3701 prenotate
1305 3621 1344 3680 ab
1379 3638 1433 3680 an·

170 3725 261 3808 tiquo
287 3728 510 3808 approbatam.

277 3831 354 3893 ltem
381 3833 456 3913 quia
479 3832 614 3914 provida
646 3833 762 3894 mulier
791 3832 907 3897 Vrsula
946 3832 1009 3894 filia
1043 3833 1171 3894 Martini
1196 3831 1362 3910 carnificis,
1386 3852 1433 3892 re·

171 3937 244 3999 licta
269 3938 354 4000 Petri
376 3939 492 4000 sutoris
516 3939 591 4001 dicti
616 3939 694 4018 Her,
719 3940 750 4000 id
775 3960 848 4000 cum
873 3938 1042 4002 sufficienti
1068 3953 1098 4000 et
1120 3939 1285 4020 fidedigno
1310 3951 1434 4000 nostro·

171 4064 240 4106 rum
266 4045 449 4106 concivium
461 4046 646 4107 testimonio
669 4047 698 4107 in
722 4047 796 4107 sede
817 4061 923 4108 nostra
937 4045 1101 4128 judiciaria
1116 4046 1199 4108 clare
1213 4045 1435 4128 comprobavit

171 4169 278 4212 coram
304 4153 408 4230 nobis,
438 4166 472 4212 ut
501 4152 577 4213 dum
610 4151 750 4234 prefatus
783 4153 894 4215 Petrus
918 4165 1007 4215 sutor
1039 4153 1070 4212 in
1103 4152 1252 4214 extremis
1283 4151 1346 4212 vite
1378 4171 1434 4213 sue

169 4258 356 4338 temporalis
380 4258 562 4337 laborasset,
587 4273 662 4319 tunc
681 4259 747 4340 ipse
772 4259 976 4321 medietatem
995 4259 1162 4320 cuiusdam
1180 4259 1307 4336 domus,
1330 4255 1433 4335 fundi,

172 4363 293 4424 cellarii
317 4377 348 4424 et
372 4363 596 4427 hedificiorum
620 4365 652 4426 in
678 4365 748 4426 vico
771 4366 869 4447 ipsius
901 4365 1036 4428 civitatis
1068 4366 1216 4426 exteriori
1240 4384 1296 4425 seu
1328 4365 1433 4446 platea

172 4469 422 4532 Theuthonicali
441 4471 558 4551 habite,
577 4472 679 4553 ipsum
699 4471 872 4534 literatorie
890 4486 1148 4552 concernentem,
1166 4492 1238 4533 cum
1255 4472 1321 4532 suis
1346 4471 1431 4532 utili·

171 4576 289 4638 tatibus
312 4591 344 4638 et
367 4577 571 4659 pertinenciis
596 4577 760 4655 universis,
778 4575 898 4658 prefate
922 4578 1036 4638 Vrsule
1053 4579 1193 4639 consorti
1212 4597 1268 4638 sue
1292 4577 1433 4638 vendere

172 4695 203 4744 et
227 4682 267 4743 de
291 4683 435 4764 pecuniis
459 4703 517 4765 pro
543 4685 660 4764 quibus
684 4684 849 4763 vendetur,
874 4684 981 4746 debita
1005 4705 1061 4746 sua
1086 4685 1268 4766 persolvere
1302 4699 1332 4746 et
1357 4686 1433 4746 resi-

172 4788 284 4866 duum,
307 4790 333 4849 si
358 4789 435 4870 quid
454 4787 559 4868 luerit,
584 4809 642 4872 pro
660 4791 764 4850 anima
783 4810 838 4850 sua
864 4791 990 4871 elargiri
1008 4792 1178 4873 legavisset
1195 4806 1225 4854 et
1250 4791 1433 4870 dimisisset,

174 4895 246 4956 ideo
260 4915 319 4956 nos
335 4896 511 4976 predictam
528 4897 733 4956 medietatem
751 4897 850 4976 ipsius
870 4896 996 4975 domus,
1013 4895 1116 4976 fundi,
1133 4897 1253 4958 cellarii
1271 4911 1302 4960 et
1318 4897 1431 4959 hedifi-

173 5002 305 5080 ciorum,
338 5003 525 5083 porcionem
558 5002 707 5064 videlicet
737 5003 811 5063 dicti
843 5003 925 5064 Petri
954 5005 1080 5082 sutoris,
1105 5023 1178 5064 cum
1212 5005 1277 5064 suis
1309 5005 1432 5065 cunctis
