<?xml version="1.0" encoding="UTF-8"?>
<!DOCTYPE html PUBLIC "-//W3C//DTD XHTML 1.0 Transitional//EN"
    "http://www.w3.org/TR/xhtml1/DTD/xhtml1-transitional.dtd">
<html xmlns="http://www.w3.org/1999/xhtml" xml:lang="en" lang="en">
 <head>
  <title>
</title>
<meta http-equiv="Content-Type" content="text/html;charset=utf-8" />
  <meta name='ocr-system' content='tesseract 3.04.00' />
  <meta name='ocr-capabilities' content='ocr_page ocr_carea ocr_par ocr_line ocrx_word'/>
</head>
<body>
  <div class='ocr_page' id='page_1' title='image "./monumentahistor14laszgoog_0394.png"; bbox 0 0 3734 5796; ppageno 0'>
   <div class='ocr_carea' id='block_1_1' title="bbox 333 524 1604 1567">
    <p class='ocr_par' dir='ltr' id='par_1_1' title="bbox 337 524 1189 608">
     <span class='ocr_line' id='line_1_1' title="bbox 337 524 1189 608; baseline 0.002 -21"><span class='ocrx_word' id='word_1_1' title='bbox 337 527 398 608; x_wconf 87' lang='lat'>346</span> <span class='ocrx_word' id='word_1_2' title='bbox 743 530 945 606; x_wconf 77' lang='lat' dir='ltr'>Anno1441.</span> <span class='ocrx_word' id='word_1_3' title='bbox 970 560 1010 570; x_wconf 97' lang='lat'>-</span> <span class='ocrx_word' id='word_1_4' title='bbox 1034 524 1088 587; x_wconf 86' lang='lat'>28.</span> <span class='ocrx_word' id='word_1_5' title='bbox 1104 529 1189 603; x_wconf 66' lang='lat' dir='ltr'>salii.</span> 
     </span>
    </p>

    <p class='ocr_par' dir='ltr' id='par_1_2' title="bbox 333 736 1604 1567">
     <span class='ocr_line' id='line_1_2' title="bbox 335 736 1604 821; baseline 0 -22"><span class='ocrx_word' id='word_1_6' title='bbox 335 737 515 820; x_wconf 88' lang='lat' dir='ltr'>predictum</span> <span class='ocrx_word' id='word_1_7' title='bbox 540 736 661 800; x_wconf 85' lang='lat' dir='ltr'>furtum</span> <span class='ocrx_word' id='word_1_8' title='bbox 687 759 753 801; x_wconf 92' lang='lat' dir='ltr'>non</span> <span class='ocrx_word' id='word_1_9' title='bbox 780 750 1001 821; x_wconf 81' lang='lat' dir='ltr'>perpetrasset,</span> <span class='ocrx_word' id='word_1_10' title='bbox 1025 738 1081 800; x_wconf 92' lang='lat' dir='ltr'>sed</span> <span class='ocrx_word' id='word_1_11' title='bbox 1103 737 1189 820; x_wconf 95' lang='lat' dir='ltr'>quod</span> <span class='ocrx_word' id='word_1_12' title='bbox 1210 739 1243 799; x_wconf 91' lang='lat' dir='ltr'>in</span> <span class='ocrx_word' id='word_1_13' title='bbox 1266 737 1358 800; x_wconf 90' lang='lat' dir='ltr'>totali</span> <span class='ocrx_word' id='word_1_14' title='bbox 1382 738 1515 800; x_wconf 87' lang='lat' dir='ltr'>accione</span> <span class='ocrx_word' id='word_1_15' title='bbox 1531 757 1604 820; x_wconf 90' lang='lat' dir='ltr'>pre·</span> 
     </span>
     <span class='ocr_line' id='line_1_3' title="bbox 335 843 1603 927; baseline 0 -21"><span class='ocrx_word' id='word_1_16' title='bbox 335 845 419 907; x_wconf 89' lang='lat' dir='ltr'>dicta</span> <span class='ocrx_word' id='word_1_17' title='bbox 443 845 599 908; x_wconf 82' lang='lat' dir='ltr'>innocens</span> <span class='ocrx_word' id='word_1_18' title='bbox 625 845 667 907; x_wconf 93' lang='lat' dir='ltr'>sit</span> <span class='ocrx_word' id='word_1_19' title='bbox 689 845 817 926; x_wconf 89' lang='lat' dir='ltr'>penitus</span> <span class='ocrx_word' id='word_1_20' title='bbox 840 859 871 907; x_wconf 90' lang='lat' dir='ltr'>et</span> <span class='ocrx_word' id='word_1_21' title='bbox 903 845 1064 908; x_wconf 88' lang='lat' dir='ltr'>innoxius.</span> <span class='ocrx_word' id='word_1_22' title='bbox 1088 843 1292 907; x_wconf 87' lang='lat' dir='ltr'>Adveniente</span> <span class='ocrx_word' id='word_1_23' title='bbox 1324 845 1434 926; x_wconf 87' lang='lat' dir='ltr'>itaque</span> <span class='ocrx_word' id='word_1_24' title='bbox 1458 845 1603 927; x_wconf 88' lang='lat' dir='ltr'>predicto</span> 
     </span>
     <span class='ocr_line' id='line_1_4' title="bbox 335 951 1602 1034; baseline 0.001 -22"><span class='ocrx_word' id='word_1_25' title='bbox 335 951 387 1013; x_wconf 88' lang='lat' dir='ltr'>die</span> <span class='ocrx_word' id='word_1_26' title='bbox 411 952 630 1034; x_wconf 80' lang='lat' dir='ltr'>deposicionis</span> <span class='ocrx_word' id='word_1_27' title='bbox 647 951 747 1033; x_wconf 88' lang='lat' dir='ltr'>ipsius</span> <span class='ocrx_word' id='word_1_28' title='bbox 759 951 941 1033; x_wconf 89' lang='lat' dir='ltr'>juramenti,</span> <span class='ocrx_word' id='word_1_29' title='bbox 958 953 1026 1034; x_wconf 89' lang='lat' dir='ltr'>ipse</span> <span class='ocrx_word' id='word_1_30' title='bbox 1043 951 1237 1014; x_wconf 87' lang='lat' dir='ltr'>Benedictus</span> <span class='ocrx_word' id='word_1_31' title='bbox 1252 952 1406 1034; x_wconf 88' lang='lat' dir='ltr'>parvulus</span> <span class='ocrx_word' id='word_1_32' title='bbox 1424 952 1456 1013; x_wconf 93' lang='lat' dir='ltr'>in</span> <span class='ocrx_word' id='word_1_33' title='bbox 1473 971 1602 1013; x_wconf 89' lang='lat' dir='ltr'>causam</span> 
     </span>
     <span class='ocr_line' id='line_1_5' title="bbox 335 1057 1603 1141; baseline -0.001 -22"><span class='ocrx_word' id='word_1_34' title='bbox 335 1070 486 1120; x_wconf 89' lang='lat' dir='ltr'>attractus</span> <span class='ocrx_word' id='word_1_35' title='bbox 510 1077 576 1119; x_wconf 91' lang='lat' dir='ltr'>non</span> <span class='ocrx_word' id='word_1_36' title='bbox 593 1057 743 1140; x_wconf 90' lang='lat' dir='ltr'>deposuit</span> <span class='ocrx_word' id='word_1_37' title='bbox 760 1058 865 1140; x_wconf 90' lang='lat' dir='ltr'>ipsum</span> <span class='ocrx_word' id='word_1_38' title='bbox 881 1058 1098 1140; x_wconf 87' lang='lat' dir='ltr'>juramentum</span> <span class='ocrx_word' id='word_1_39' title='bbox 1117 1077 1176 1119; x_wconf 88' lang='lat' dir='ltr'>nec</span> <span class='ocrx_word' id='word_1_40' title='bbox 1193 1057 1234 1119; x_wconf 92' lang='lat' dir='ltr'>ad</span> <span class='ocrx_word' id='word_1_41' title='bbox 1247 1057 1480 1141; x_wconf 88' lang='lat' dir='ltr'>deponendum</span> <span class='ocrx_word' id='word_1_42' title='bbox 1496 1058 1603 1140; x_wconf 87' lang='lat' dir='ltr'>ipsum</span> 
     </span>
     <span class='ocr_line' id='line_1_6' title="bbox 334 1162 1602 1246; baseline 0 -22"><span class='ocrx_word' id='word_1_43' title='bbox 334 1164 551 1245; x_wconf 89' lang='lat' dir='ltr'>juramentum</span> <span class='ocrx_word' id='word_1_44' title='bbox 576 1165 664 1226; x_wconf 89' lang='lat' dir='ltr'>venit</span> <span class='ocrx_word' id='word_1_45' title='bbox 687 1183 746 1226; x_wconf 90' lang='lat' dir='ltr'>nec</span> <span class='ocrx_word' id='word_1_46' title='bbox 770 1165 950 1245; x_wconf 90' lang='lat' dir='ltr'>comparuit</span> <span class='ocrx_word' id='word_1_47' title='bbox 980 1163 1037 1226; x_wconf 92' lang='lat' dir='ltr'>sed</span> <span class='ocrx_word' id='word_1_48' title='bbox 1060 1184 1130 1226; x_wconf 85' lang='lat' dir='ltr'>sea</span> <span class='ocrx_word' id='word_1_49' title='bbox 1153 1164 1363 1246; x_wconf 80' lang='lat' dir='ltr'>depositione</span> <span class='ocrx_word' id='word_1_50' title='bbox 1395 1164 1495 1246; x_wconf 90' lang='lat' dir='ltr'>ipsius</span> <span class='ocrx_word' id='word_1_51' title='bbox 1518 1162 1602 1244; x_wconf 86' lang='lat' dir='ltr'>jura·</span> 
     </span>
     <span class='ocr_line' id='line_1_7' title="bbox 336 1269 1603 1354; baseline 0.002 -24"><span class='ocrx_word' id='word_1_52' title='bbox 336 1269 436 1331; x_wconf 90' lang='lat' dir='ltr'>menti</span> <span class='ocrx_word' id='word_1_53' title='bbox 461 1289 572 1352; x_wconf 86' lang='lat' dir='ltr'>ymmo</span> <span class='ocrx_word' id='word_1_54' title='bbox 597 1270 743 1333; x_wconf 89' lang='lat' dir='ltr'>veriusa</span> <span class='ocrx_word' id='word_1_55' title='bbox 775 1269 856 1334; x_wconf 89' lang='lat' dir='ltr'>facie</span> <span class='ocrx_word' id='word_1_56' title='bbox 888 1271 967 1352; x_wconf 88' lang='lat' dir='ltr'>juris</span> <span class='ocrx_word' id='word_1_57' title='bbox 990 1283 1021 1333; x_wconf 92' lang='lat' dir='ltr'>et</span> <span class='ocrx_word' id='word_1_58' title='bbox 1048 1269 1173 1354; x_wconf 90' lang='lat' dir='ltr'>justicie</span> <span class='ocrx_word' id='word_1_59' title='bbox 1197 1271 1324 1354; x_wconf 90' lang='lat' dir='ltr'>penitus</span> <span class='ocrx_word' id='word_1_60' title='bbox 1356 1270 1546 1350; x_wconf 79' lang='lat' dir='ltr'>absentavit,</span> <span class='ocrx_word' id='word_1_61' title='bbox 1569 1283 1603 1332; x_wconf 92' lang='lat' dir='ltr'>et</span> 
     </span>
     <span class='ocr_line' id='line_1_8' title="bbox 334 1374 1600 1460; baseline 0.001 -24"><span class='ocrx_word' id='word_1_62' title='bbox 334 1376 376 1437; x_wconf 95' lang='lat' dir='ltr'>ob</span> <span class='ocrx_word' id='word_1_63' title='bbox 402 1375 462 1437; x_wconf 91' lang='lat' dir='ltr'>hoc</span> <span class='ocrx_word' id='word_1_64' title='bbox 487 1377 555 1458; x_wconf 91' lang='lat' dir='ltr'>ipse</span> <span class='ocrx_word' id='word_1_65' title='bbox 580 1376 774 1439; x_wconf 88' lang='lat' dir='ltr'>Benedictus</span> <span class='ocrx_word' id='word_1_66' title='bbox 804 1396 837 1438; x_wconf 90' lang='lat' dir='ltr'>se</span> <span class='ocrx_word' id='word_1_67' title='bbox 869 1377 1064 1460; x_wconf 80' lang='lat' dir='ltr'>culpabilem</span> <span class='ocrx_word' id='word_1_68' title='bbox 1093 1389 1125 1439; x_wconf 89' lang='lat' dir='ltr'>et</span> <span class='ocrx_word' id='word_1_69' title='bbox 1155 1396 1247 1438; x_wconf 90' lang='lat' dir='ltr'>reum</span> <span class='ocrx_word' id='word_1_70' title='bbox 1271 1377 1304 1438; x_wconf 91' lang='lat' dir='ltr'>in</span> <span class='ocrx_word' id='word_1_71' title='bbox 1329 1377 1399 1460; x_wconf 93' lang='lat' dir='ltr'>ipso</span> <span class='ocrx_word' id='word_1_72' title='bbox 1424 1374 1510 1438; x_wconf 83' lang='lat' dir='ltr'>furtu</span> <span class='ocrx_word' id='word_1_73' title='bbox 1542 1395 1600 1459; x_wconf 88' lang='lat' dir='ltr'>per</span> 
     </span>
     <span class='ocr_line' id='line_1_9' title="bbox 333 1482 1159 1567; baseline 0.004 -24"><span class='ocrx_word' id='word_1_74' title='bbox 333 1501 399 1544; x_wconf 91' lang='lat' dir='ltr'>non</span> <span class='ocrx_word' id='word_1_75' title='bbox 423 1482 665 1564; x_wconf 89' lang='lat' dir='ltr'>deposicionem</span> <span class='ocrx_word' id='word_1_76' title='bbox 691 1483 791 1567; x_wconf 90' lang='lat' dir='ltr'>ipsius</span> <span class='ocrx_word' id='word_1_77' title='bbox 814 1483 985 1566; x_wconf 87' lang='lat' dir='ltr'>juramenti</span> <span class='ocrx_word' id='word_1_78' title='bbox 1010 1483 1159 1546; x_wconf 90' lang='lat' dir='ltr'>reddidit.</span> 
     </span>
    </p>
   </div>
   <div class='ocr_carea' id='block_1_2' title="bbox 384 1752 1560 1973">
    <p class='ocr_par' dir='ltr' id='par_1_3' title="bbox 384 1752 1560 1973">
     <span class='ocr_line' id='line_1_10' title="bbox 384 1752 1560 1848; baseline 0.001 -20"><span class='ocrx_word' id='word_1_79' title='bbox 384 1752 480 1828; x_wconf 84' lang='lat' dir='ltr'>Ferla</span> <span class='ocrx_word' id='word_1_80' title='bbox 507 1764 606 1830; x_wconf 84' lang='lat' dir='ltr'>serta</span> <span class='ocrx_word' id='word_1_81' title='bbox 638 1758 793 1848; x_wconf 85' lang='lat' dir='ltr'>proxima</span> <span class='ocrx_word' id='word_1_82' title='bbox 821 1765 896 1848; x_wconf 86' lang='lat' dir='ltr'>post</span> <span class='ocrx_word' id='word_1_83' title='bbox 920 1759 1043 1832; x_wconf 82' lang='lat' dir='ltr'>festum</span> <span class='ocrx_word' id='word_1_84' title='bbox 1070 1759 1166 1831; x_wconf 86' lang='lat' dir='ltr'>beate</span> <span class='ocrx_word' id='word_1_85' title='bbox 1193 1757 1436 1842; x_wconf 66' lang='lat' dir='ltr'>Artemonis</span> <span class='ocrx_word' id='word_1_86' title='bbox 1466 1758 1560 1829; x_wconf 86' lang='lat' dir='ltr'>beate</span> 
     </span>
     <span class='ocr_line' id='line_1_11' title="bbox 746 1885 1189 1973; baseline 0.002 -19"><span class='ocrx_word' id='word_1_87' title='bbox 746 1903 876 1972; x_wconf 88' lang='lat' dir='ltr'>semper</span> <span class='ocrx_word' id='word_1_88' title='bbox 903 1886 1045 1973; x_wconf 81' lang='lat' dir='ltr'>virginis</span> <span class='ocrx_word' id='word_1_89' title='bbox 1074 1885 1189 1956; x_wconf 88' lang='lat' dir='ltr'>llarie.</span> 
     </span>
    </p>
   </div>
   <div class='ocr_carea' id='block_1_3' title="bbox 856 2069 1043 2152">
    <p class='ocr_par' dir='ltr' id='par_1_4' title="bbox 856 2069 1043 2152">
     <span class='ocr_line' id='line_1_12' title="bbox 856 2069 1043 2152; baseline 0.027 -23"><span class='ocrx_word' id='word_1_90' title='bbox 856 2069 925 2152; x_wconf 78' lang='lat'><strong><em>(28.</em></strong></span> <span class='ocrx_word' id='word_1_91' title='bbox 940 2069 1043 2152; x_wconf 79' lang='lat' dir='ltr'>Jirlia&#39;).</span> 
     </span>
    </p>
   </div>
   <div class='ocr_carea' id='block_1_4' title="bbox 330 2246 1600 3602">
    <p class='ocr_par' dir='ltr' id='par_1_5' title="bbox 330 2246 1600 3602">
     <span class='ocr_line' id='line_1_13' title="bbox 441 2246 1600 2329; baseline 0.002 -21"><span class='ocrx_word' id='word_1_92' title='bbox 441 2247 519 2308; x_wconf 90' lang='lat' dir='ltr'>ltem</span> <span class='ocrx_word' id='word_1_93' title='bbox 545 2248 621 2328; x_wconf 87' lang='lat' dir='ltr'>quia</span> <span class='ocrx_word' id='word_1_94' title='bbox 645 2251 738 2309; x_wconf 86' lang='lat' dir='ltr'>Anna</span> <span class='ocrx_word' id='word_1_95' title='bbox 770 2267 850 2310; x_wconf 85' lang='lat' dir='ltr'>uxor</span> <span class='ocrx_word' id='word_1_96' title='bbox 874 2248 959 2310; x_wconf 89' lang='lat' dir='ltr'>Petri</span> <span class='ocrx_word' id='word_1_97' title='bbox 990 2247 1085 2329; x_wconf 89' lang='lat' dir='ltr'>jurati</span> <span class='ocrx_word' id='word_1_98' title='bbox 1110 2247 1168 2310; x_wconf 88' lang='lat' dir='ltr'>lilii</span> <span class='ocrx_word' id='word_1_99' title='bbox 1194 2248 1323 2310; x_wconf 90' lang='lat' dir='ltr'>Thome</span> <span class='ocrx_word' id='word_1_100' title='bbox 1355 2249 1388 2310; x_wconf 91' lang='lat' dir='ltr'>id</span> <span class='ocrx_word' id='word_1_101' title='bbox 1413 2268 1486 2310; x_wconf 91' lang='lat' dir='ltr'>cum</span> <span class='ocrx_word' id='word_1_102' title='bbox 1510 2246 1600 2310; x_wconf 87' lang='lat' dir='ltr'>suffi-</span> 
     </span>
     <span class='ocr_line' id='line_1_14' title="bbox 335 2350 1599 2434; baseline 0.002 -22"><span class='ocrx_word' id='word_1_103' title='bbox 335 2352 432 2412; x_wconf 87' lang='lat' dir='ltr'>cienti</span> <span class='ocrx_word' id='word_1_104' title='bbox 457 2365 488 2414; x_wconf 90' lang='lat' dir='ltr'>et</span> <span class='ocrx_word' id='word_1_105' title='bbox 521 2350 686 2434; x_wconf 79' lang='lat' dir='ltr'>fidedigno</span> <span class='ocrx_word' id='word_1_106' title='bbox 717 2353 903 2416; x_wconf 87' lang='lat' dir='ltr'>testimonio</span> <span class='ocrx_word' id='word_1_107' title='bbox 935 2367 1119 2416; x_wconf 88' lang='lat' dir='ltr'>nostrorum</span> <span class='ocrx_word' id='word_1_108' title='bbox 1144 2368 1175 2416; x_wconf 89' lang='lat' dir='ltr'>et</span> <span class='ocrx_word' id='word_1_109' title='bbox 1204 2367 1384 2416; x_wconf 90' lang='lat' dir='ltr'>nostrarum</span> <span class='ocrx_word' id='word_1_110' title='bbox 1416 2354 1599 2415; x_wconf 86' lang='lat' dir='ltr'>concivium</span> 
     </span>
     <span class='ocr_line' id='line_1_15' title="bbox 333 2455 1598 2543; baseline 0.002 -25"><span class='ocrx_word' id='word_1_111' title='bbox 333 2455 528 2520; x_wconf 82' lang='lat' dir='ltr'>sufficienter</span> <span class='ocrx_word' id='word_1_112' title='bbox 560 2459 783 2540; x_wconf 79' lang='lat' dir='ltr'>comprobavit</span> <span class='ocrx_word' id='word_1_113' title='bbox 811 2479 919 2522; x_wconf 88' lang='lat' dir='ltr'>coram</span> <span class='ocrx_word' id='word_1_114' title='bbox 951 2459 1062 2540; x_wconf 88' lang='lat' dir='ltr'>juratis</span> <span class='ocrx_word' id='word_1_115' title='bbox 1091 2461 1167 2523; x_wconf 89' lang='lat' dir='ltr'>anni</span> <span class='ocrx_word' id='word_1_116' title='bbox 1199 2461 1372 2543; x_wconf 89' lang='lat' dir='ltr'>presentis,</span> <span class='ocrx_word' id='word_1_117' title='bbox 1408 2460 1497 2541; x_wconf 92' lang='lat' dir='ltr'>quod</span> <span class='ocrx_word' id='word_1_118' title='bbox 1528 2459 1598 2521; x_wconf 88' lang='lat' dir='ltr'>Ste-</span> 
     </span>
     <span class='ocr_line' id='line_1_16' title="bbox 331 2563 1598 2647; baseline 0 -21"><span class='ocrx_word' id='word_1_119' title='bbox 331 2565 456 2647; x_wconf 89' lang='lat' dir='ltr'>phanus</span> <span class='ocrx_word' id='word_1_120' title='bbox 479 2563 574 2626; x_wconf 83' lang='lat' dir='ltr'>frater</span> <span class='ocrx_word' id='word_1_121' title='bbox 597 2565 696 2646; x_wconf 90' lang='lat' dir='ltr'>ipsius</span> <span class='ocrx_word' id='word_1_122' title='bbox 720 2569 814 2628; x_wconf 82' lang='lat' dir='ltr'>Anne</span> <span class='ocrx_word' id='word_1_123' title='bbox 839 2566 983 2628; x_wconf 89' lang='lat' dir='ltr'>mulieris</span> <span class='ocrx_word' id='word_1_124' title='bbox 1007 2566 1143 2628; x_wconf 91' lang='lat' dir='ltr'>eandem</span> <span class='ocrx_word' id='word_1_125' title='bbox 1169 2570 1297 2629; x_wconf 82' lang='lat' dir='ltr'>Annam</span> <span class='ocrx_word' id='word_1_126' title='bbox 1326 2567 1495 2628; x_wconf 90' lang='lat' dir='ltr'>mulierem</span> <span class='ocrx_word' id='word_1_127' title='bbox 1520 2584 1598 2627; x_wconf 91' lang='lat' dir='ltr'>con·</span> 
     </span>
     <span class='ocr_line' id='line_1_17' title="bbox 331 2671 1598 2754; baseline 0.002 -22"><span class='ocrx_word' id='word_1_128' title='bbox 331 2671 480 2732; x_wconf 88' lang='lat' dir='ltr'>cubiuam</span> <span class='ocrx_word' id='word_1_129' title='bbox 506 2683 537 2731; x_wconf 93' lang='lat' dir='ltr'>et</span> <span class='ocrx_word' id='word_1_130' title='bbox 561 2671 761 2732; x_wconf 88' lang='lat' dir='ltr'>meretricem</span> <span class='ocrx_word' id='word_1_131' title='bbox 789 2671 867 2733; x_wconf 82' lang='lat' dir='ltr'>Wlk</span> <span class='ocrx_word' id='word_1_132' title='bbox 899 2671 1139 2734; x_wconf 87' lang='lat' dir='ltr'>tricesimatoris</span> <span class='ocrx_word' id='word_1_133' title='bbox 1168 2673 1331 2734; x_wconf 86' lang='lat' dir='ltr'>servitoris</span> <span class='ocrx_word' id='word_1_134' title='bbox 1354 2671 1540 2754; x_wconf 87' lang='lat' dir='ltr'>appellavit,</span> <span class='ocrx_word' id='word_1_135' title='bbox 1566 2685 1598 2734; x_wconf 91' lang='lat' dir='ltr'>et</span> 
     </span>
     <span class='ocr_line' id='line_1_18' title="bbox 331 2775 1598 2860; baseline 0.002 -22"><span class='ocrx_word' id='word_1_136' title='bbox 331 2777 374 2838; x_wconf 92' lang='lat' dir='ltr'>ob</span> <span class='ocrx_word' id='word_1_137' title='bbox 398 2775 460 2837; x_wconf 88' lang='lat' dir='ltr'>hoe</span> <span class='ocrx_word' id='word_1_138' title='bbox 483 2776 543 2858; x_wconf 93' lang='lat' dir='ltr'>ipsi</span> <span class='ocrx_word' id='word_1_139' title='bbox 562 2775 655 2858; x_wconf 86' lang='lat' dir='ltr'>jurati</span> <span class='ocrx_word' id='word_1_140' title='bbox 682 2789 713 2838; x_wconf 90' lang='lat' dir='ltr'>et</span> <span class='ocrx_word' id='word_1_141' title='bbox 728 2775 892 2858; x_wconf 87' lang='lat' dir='ltr'>justiciarii</span> <span class='ocrx_word' id='word_1_142' title='bbox 918 2777 1018 2860; x_wconf 90' lang='lat' dir='ltr'>ipsius</span> <span class='ocrx_word' id='word_1_143' title='bbox 1034 2798 1128 2842; x_wconf 91' lang='lat' dir='ltr'>cause</span> <span class='ocrx_word' id='word_1_144' title='bbox 1145 2779 1284 2841; x_wconf 89' lang='lat' dir='ltr'>eandem</span> <span class='ocrx_word' id='word_1_145' title='bbox 1306 2798 1436 2840; x_wconf 87' lang='lat' dir='ltr'>causam</span> <span class='ocrx_word' id='word_1_146' title='bbox 1453 2779 1499 2839; x_wconf 90' lang='lat' dir='ltr'>sic</span> <span class='ocrx_word' id='word_1_147' title='bbox 1515 2778 1598 2840; x_wconf 88' lang='lat' dir='ltr'>inter</span> 
     </span>
     <span class='ocr_line' id='line_1_19' title="bbox 333 2882 1597 2968; baseline 0 -24"><span class='ocrx_word' id='word_1_148' title='bbox 333 2883 418 2964; x_wconf 90' lang='lat' dir='ltr'>ipsas</span> <span class='ocrx_word' id='word_1_149' title='bbox 441 2896 546 2964; x_wconf 88' lang='lat' dir='ltr'>partes</span> <span class='ocrx_word' id='word_1_150' title='bbox 570 2882 804 2964; x_wconf 88' lang='lat' dir='ltr'>adjudicarunt,</span> <span class='ocrx_word' id='word_1_151' title='bbox 833 2883 921 2965; x_wconf 94' lang='lat' dir='ltr'>quod</span> <span class='ocrx_word' id='word_1_152' title='bbox 956 2885 1023 2966; x_wconf 90' lang='lat' dir='ltr'>ipse</span> <span class='ocrx_word' id='word_1_153' title='bbox 1049 2885 1229 2968; x_wconf 86' lang='lat' dir='ltr'>Stephanus</span> <span class='ocrx_word' id='word_1_154' title='bbox 1260 2883 1357 2946; x_wconf 86' lang='lat' dir='ltr'>frater</span> <span class='ocrx_word' id='word_1_155' title='bbox 1380 2885 1481 2967; x_wconf 89' lang='lat' dir='ltr'>ipsius</span> <span class='ocrx_word' id='word_1_156' title='bbox 1504 2889 1597 2945; x_wconf 87' lang='lat' dir='ltr'>Anne</span> 
     </span>
     <span class='ocr_line' id='line_1_20' title="bbox 335 2987 1598 3072; baseline 0.001 -22"><span class='ocrx_word' id='word_1_157' title='bbox 335 2988 480 3050; x_wconf 90' lang='lat' dir='ltr'>mulieris</span> <span class='ocrx_word' id='word_1_158' title='bbox 504 2987 608 3050; x_wconf 92' lang='lat' dir='ltr'>eidem</span> <span class='ocrx_word' id='word_1_159' title='bbox 634 2992 728 3050; x_wconf 86' lang='lat' dir='ltr'>Anne</span> <span class='ocrx_word' id='word_1_160' title='bbox 752 2989 855 3051; x_wconf 88' lang='lat' dir='ltr'>sorori</span> <span class='ocrx_word' id='word_1_161' title='bbox 879 3009 935 3051; x_wconf 92' lang='lat' dir='ltr'>sue</span> <span class='ocrx_word' id='word_1_162' title='bbox 959 2990 991 3051; x_wconf 90' lang='lat' dir='ltr'>in</span> <span class='ocrx_word' id='word_1_163' title='bbox 1023 2990 1098 3052; x_wconf 92' lang='lat' dir='ltr'>vivo</span> <span class='ocrx_word' id='word_1_164' title='bbox 1130 2989 1306 3072; x_wconf 85' lang='lat' dir='ltr'>(h)omagio</span> <span class='ocrx_word' id='word_1_165' title='bbox 1330 2990 1484 3052; x_wconf 89' lang='lat' dir='ltr'>remansit</span> <span class='ocrx_word' id='word_1_166' title='bbox 1514 2989 1598 3071; x_wconf 91' lang='lat' dir='ltr'>judi·</span> 
     </span>
     <span class='ocr_line' id='line_1_21' title="bbox 332 3095 1596 3181; baseline 0 -24"><span class='ocrx_word' id='word_1_167' title='bbox 332 3095 455 3157; x_wconf 88' lang='lat' dir='ltr'>cialiter</span> <span class='ocrx_word' id='word_1_168' title='bbox 478 3095 643 3156; x_wconf 90' lang='lat' dir='ltr'>convictus</span> <span class='ocrx_word' id='word_1_169' title='bbox 667 3108 698 3157; x_wconf 91' lang='lat' dir='ltr'>et</span> <span class='ocrx_word' id='word_1_170' title='bbox 715 3109 905 3177; x_wconf 85' lang='lat' dir='ltr'>aggravatus</span> <span class='ocrx_word' id='word_1_171' title='bbox 928 3096 1041 3158; x_wconf 88' lang='lat' dir='ltr'>ordine</span> <span class='ocrx_word' id='word_1_172' title='bbox 1065 3095 1141 3178; x_wconf 91' lang='lat' dir='ltr'>juris</span> <span class='ocrx_word' id='word_1_173' title='bbox 1159 3109 1368 3181; x_wconf 80' lang='lat' dir='ltr'>exposcente3</span> <span class='ocrx_word' id='word_1_174' title='bbox 1393 3095 1433 3157; x_wconf 90' lang='lat' dir='ltr'>de</span> <span class='ocrx_word' id='word_1_175' title='bbox 1457 3115 1523 3178; x_wconf 93' lang='lat' dir='ltr'>quo</span> <span class='ocrx_word' id='word_1_176' title='bbox 1547 3095 1596 3178; x_wconf 89' lang='lat' dir='ltr'>ju-</span> 
     </span>
     <span class='ocr_line' id='line_1_22' title="bbox 334 3200 1596 3284; baseline 0.002 -24"><span class='ocrx_word' id='word_1_177' title='bbox 334 3200 418 3262; x_wconf 92' lang='lat' dir='ltr'>dicio</span> <span class='ocrx_word' id='word_1_178' title='bbox 444 3201 510 3282; x_wconf 90' lang='lat' dir='ltr'>ipse</span> <span class='ocrx_word' id='word_1_179' title='bbox 536 3200 718 3283; x_wconf 90' lang='lat' dir='ltr'>Stephanus</span> <span class='ocrx_word' id='word_1_180' title='bbox 741 3202 774 3263; x_wconf 92' lang='lat' dir='ltr'>in</span> <span class='ocrx_word' id='word_1_181' title='bbox 799 3222 927 3263; x_wconf 90' lang='lat' dir='ltr'>causam</span> <span class='ocrx_word' id='word_1_182' title='bbox 954 3215 1104 3265; x_wconf 90' lang='lat' dir='ltr'>attractus</span> <span class='ocrx_word' id='word_1_183' title='bbox 1127 3221 1194 3264; x_wconf 92' lang='lat' dir='ltr'>non</span> <span class='ocrx_word' id='word_1_184' title='bbox 1225 3216 1396 3266; x_wconf 88' lang='lat' dir='ltr'>contentus</span> <span class='ocrx_word' id='word_1_185' title='bbox 1419 3202 1596 3284; x_wconf 88' lang='lat' dir='ltr'>appellavit</span> 
     </span>
     <span class='ocr_line' id='line_1_23' title="bbox 331 3307 1595 3391; baseline 0 -23"><span class='ocrx_word' id='word_1_186' title='bbox 331 3307 467 3369; x_wconf 91' lang='lat' dir='ltr'>eandem</span> <span class='ocrx_word' id='word_1_187' title='bbox 492 3327 620 3369; x_wconf 87' lang='lat' dir='ltr'>causam</span> <span class='ocrx_word' id='word_1_188' title='bbox 645 3327 717 3368; x_wconf 91' lang='lat' dir='ltr'>cum</span> <span class='ocrx_word' id='word_1_189' title='bbox 742 3309 895 3390; x_wconf 89' lang='lat' dir='ltr'>premissa</span> <span class='ocrx_word' id='word_1_190' title='bbox 920 3309 999 3370; x_wconf 91' lang='lat' dir='ltr'>serie</span> <span class='ocrx_word' id='word_1_191' title='bbox 1025 3309 1124 3391; x_wconf 89' lang='lat' dir='ltr'>ipsius</span> <span class='ocrx_word' id='word_1_192' title='bbox 1155 3308 1409 3390; x_wconf 89' lang='lat' dir='ltr'>adjudicacionis</span> <span class='ocrx_word' id='word_1_193' title='bbox 1433 3308 1595 3370; x_wconf 82' lang='lat' dir='ltr'>dictorum</span> 
     </span>
     <span class='ocr_line' id='line_1_24' title="bbox 330 3413 1595 3498; baseline 0 -24"><span class='ocrx_word' id='word_1_194' title='bbox 330 3413 507 3494; x_wconf 89' lang='lat' dir='ltr'>juratorum</span> <span class='ocrx_word' id='word_1_195' title='bbox 545 3415 576 3475; x_wconf 91' lang='lat' dir='ltr'>in</span> <span class='ocrx_word' id='word_1_196' title='bbox 611 3414 808 3496; x_wconf 87' lang='lat' dir='ltr'>presenciam</span> <span class='ocrx_word' id='word_1_197' title='bbox 851 3415 1014 3476; x_wconf 89' lang='lat' dir='ltr'>seniorum</span> <span class='ocrx_word' id='word_1_198' title='bbox 1050 3415 1193 3496; x_wconf 91' lang='lat' dir='ltr'>judicum</span> <span class='ocrx_word' id='word_1_199' title='bbox 1229 3415 1329 3498; x_wconf 90' lang='lat' dir='ltr'>ipsius</span> <span class='ocrx_word' id='word_1_200' title='bbox 1360 3415 1497 3476; x_wconf 88' lang='lat' dir='ltr'>civitatis</span> <span class='ocrx_word' id='word_1_201' title='bbox 1539 3433 1595 3497; x_wconf 92' lang='lat' dir='ltr'>per</span> 
     </span>
     <span class='ocr_line' id='line_1_25' title="bbox 330 3519 1050 3602; baseline 0.004 -22"><span class='ocrx_word' id='word_1_202' title='bbox 330 3519 463 3581; x_wconf 89' lang='lat' dir='ltr'>eosdem</span> <span class='ocrx_word' id='word_1_203' title='bbox 488 3519 609 3602; x_wconf 87' lang='lat' dir='ltr'>judices</span> <span class='ocrx_word' id='word_1_204' title='bbox 633 3521 775 3582; x_wconf 89' lang='lat' dir='ltr'>seniores</span> <span class='ocrx_word' id='word_1_205' title='bbox 799 3520 1050 3584; x_wconf 88' lang='lat' dir='ltr'>deliberandam.</span> 
     </span>
    </p>
   </div>
   <div class='ocr_carea' id='block_1_5' title="bbox 327 3661 1597 4914">
    <p class='ocr_par' dir='ltr' id='par_1_6' title="bbox 327 3661 1597 4914">
     <span class='ocr_line' id='line_1_26' title="bbox 435 3661 1595 3744; baseline 0.001 -21"><span class='ocrx_word' id='word_1_206' title='bbox 435 3663 514 3725; x_wconf 89' lang='lat' dir='ltr'>ltem</span> <span class='ocrx_word' id='word_1_207' title='bbox 538 3663 614 3744; x_wconf 90' lang='lat' dir='ltr'>quia</span> <span class='ocrx_word' id='word_1_208' title='bbox 638 3663 822 3724; x_wconf 86' lang='lat' dir='ltr'>Anthonius</span> <span class='ocrx_word' id='word_1_209' title='bbox 846 3661 935 3725; x_wconf 84' lang='lat' dir='ltr'>faber</span> <span class='ocrx_word' id='word_1_210' title='bbox 958 3664 1100 3726; x_wconf 89' lang='lat' dir='ltr'>concivis</span> <span class='ocrx_word' id='word_1_211' title='bbox 1128 3677 1235 3726; x_wconf 89' lang='lat' dir='ltr'>noster</span> <span class='ocrx_word' id='word_1_212' title='bbox 1267 3664 1300 3726; x_wconf 88' lang='lat' dir='ltr'>id</span> <span class='ocrx_word' id='word_1_213' title='bbox 1324 3683 1397 3726; x_wconf 87' lang='lat' dir='ltr'>eum</span> <span class='ocrx_word' id='word_1_214' title='bbox 1422 3661 1595 3726; x_wconf 88' lang='lat' dir='ltr'>sufficienti</span> 
     </span>
     <span class='ocr_line' id='line_1_27' title="bbox 330 3768 1597 3850; baseline -0.001 -19"><span class='ocrx_word' id='word_1_215' title='bbox 330 3784 361 3831; x_wconf 93' lang='lat' dir='ltr'>et</span> <span class='ocrx_word' id='word_1_216' title='bbox 385 3769 549 3850; x_wconf 82' lang='lat' dir='ltr'>fidedigno</span> <span class='ocrx_word' id='word_1_217' title='bbox 578 3783 761 3831; x_wconf 88' lang='lat' dir='ltr'>nostrorum</span> <span class='ocrx_word' id='word_1_218' title='bbox 794 3771 976 3832; x_wconf 90' lang='lat' dir='ltr'>concivium</span> <span class='ocrx_word' id='word_1_219' title='bbox 1007 3771 1192 3833; x_wconf 90' lang='lat' dir='ltr'>testimonio</span> <span class='ocrx_word' id='word_1_220' title='bbox 1218 3771 1250 3832; x_wconf 96' lang='lat' dir='ltr'>in</span> <span class='ocrx_word' id='word_1_221' title='bbox 1282 3769 1357 3832; x_wconf 89' lang='lat' dir='ltr'>sede</span> <span class='ocrx_word' id='word_1_222' title='bbox 1382 3781 1491 3831; x_wconf 89' lang='lat' dir='ltr'>nostra</span> <span class='ocrx_word' id='word_1_223' title='bbox 1514 3768 1597 3850; x_wconf 87' lang='lat' dir='ltr'>judi-</span> 
     </span>
     <span class='ocr_line' id='line_1_28' title="bbox 330 3875 1596 3958; baseline -0.002 -20"><span class='ocrx_word' id='word_1_224' title='bbox 330 3877 426 3939; x_wconf 88' lang='lat' dir='ltr'>ciaria</span> <span class='ocrx_word' id='word_1_225' title='bbox 452 3875 535 3937; x_wconf 87' lang='lat' dir='ltr'>clare</span> <span class='ocrx_word' id='word_1_226' title='bbox 560 3889 590 3937; x_wconf 91' lang='lat' dir='ltr'>et</span> <span class='ocrx_word' id='word_1_227' title='bbox 613 3876 732 3938; x_wconf 90' lang='lat' dir='ltr'>seriose</span> <span class='ocrx_word' id='word_1_228' title='bbox 757 3896 865 3938; x_wconf 90' lang='lat' dir='ltr'>coram</span> <span class='ocrx_word' id='word_1_229' title='bbox 889 3876 983 3938; x_wconf 92' lang='lat' dir='ltr'>nobis</span> <span class='ocrx_word' id='word_1_230' title='bbox 1007 3877 1039 3937; x_wconf 91' lang='lat' dir='ltr'>in</span> <span class='ocrx_word' id='word_1_231' title='bbox 1065 3875 1185 3957; x_wconf 79' lang='lat' dir='ltr'>judicio</span> <span class='ocrx_word' id='word_1_232' title='bbox 1204 3876 1436 3958; x_wconf 88' lang='lat' dir='ltr'>comprobavit,</span> <span class='ocrx_word' id='word_1_233' title='bbox 1461 3889 1495 3936; x_wconf 92' lang='lat' dir='ltr'>ut</span> <span class='ocrx_word' id='word_1_234' title='bbox 1519 3875 1596 3936; x_wconf 93' lang='lat' dir='ltr'>dum</span> 
     </span>
     <span class='ocr_line' id='line_1_29' title="bbox 329 3982 1594 4062; baseline -0.001 -18"><span class='ocrx_word' id='word_1_235' title='bbox 329 3983 467 4044; x_wconf 88' lang='lat' dir='ltr'>lacobus</span> <span class='ocrx_word' id='word_1_236' title='bbox 490 4002 588 4062; x_wconf 88' lang='lat' dir='ltr'>gener</span> <span class='ocrx_word' id='word_1_237' title='bbox 612 3982 749 4044; x_wconf 90' lang='lat' dir='ltr'>condam</span> <span class='ocrx_word' id='word_1_238' title='bbox 775 3983 876 4044; x_wconf 91' lang='lat' dir='ltr'>Elene</span> <span class='ocrx_word' id='word_1_239' title='bbox 900 3983 1045 4043; x_wconf 89' lang='lat' dir='ltr'>mulieris</span> <span class='ocrx_word' id='word_1_240' title='bbox 1069 3982 1101 4043; x_wconf 93' lang='lat' dir='ltr'>in</span> <span class='ocrx_word' id='word_1_241' title='bbox 1126 3982 1276 4044; x_wconf 82' lang='lat' dir='ltr'>extremis</span> <span class='ocrx_word' id='word_1_242' title='bbox 1300 3982 1363 4043; x_wconf 90' lang='lat' dir='ltr'>vite</span> <span class='ocrx_word' id='word_1_243' title='bbox 1388 4001 1444 4043; x_wconf 92' lang='lat' dir='ltr'>sue</span> <span class='ocrx_word' id='word_1_244' title='bbox 1469 3995 1594 4062; x_wconf 91' lang='lat' dir='ltr'>tempo·</span> 
     </span>
     <span class='ocr_line' id='line_1_30' title="bbox 329 4088 1595 4170; baseline -0.001 -20"><span class='ocrx_word' id='word_1_245' title='bbox 329 4089 403 4150; x_wconf 90' lang='lat' dir='ltr'>ralis</span> <span class='ocrx_word' id='word_1_246' title='bbox 427 4089 613 4166; x_wconf 87' lang='lat' dir='ltr'>laborasset,</span> <span class='ocrx_word' id='word_1_247' title='bbox 637 4102 713 4149; x_wconf 91' lang='lat' dir='ltr'>tunc</span> <span class='ocrx_word' id='word_1_248' title='bbox 738 4089 805 4170; x_wconf 90' lang='lat' dir='ltr'>ipse</span> <span class='ocrx_word' id='word_1_249' title='bbox 822 4088 996 4170; x_wconf 85' lang='lat' dir='ltr'>quamdam</span> <span class='ocrx_word' id='word_1_250' title='bbox 1020 4089 1149 4150; x_wconf 87' lang='lat' dir='ltr'>vineam</span> <span class='ocrx_word' id='word_1_251' title='bbox 1166 4107 1257 4150; x_wconf 87' lang='lat' dir='ltr'>suam</span> <span class='ocrx_word' id='word_1_252' title='bbox 1281 4088 1314 4149; x_wconf 93' lang='lat' dir='ltr'>in</span> <span class='ocrx_word' id='word_1_253' title='bbox 1339 4088 1501 4150; x_wconf 89' lang='lat' dir='ltr'>territorio</span> <span class='ocrx_word' id='word_1_254' title='bbox 1519 4088 1595 4150; x_wconf 92' lang='lat' dir='ltr'>civi-</span> 
     </span>
     <span class='ocr_line' id='line_1_31' title="bbox 327 4193 1594 4277; baseline -0.001 -20"><span class='ocrx_word' id='word_1_255' title='bbox 327 4195 401 4257; x_wconf 89' lang='lat' dir='ltr'>tatis</span> <span class='ocrx_word' id='word_1_256' title='bbox 425 4194 565 4276; x_wconf 91' lang='lat' dir='ltr'>predicte</span> <span class='ocrx_word' id='word_1_257' title='bbox 591 4193 743 4272; x_wconf 90' lang='lat' dir='ltr'>habitam,</span> <span class='ocrx_word' id='word_1_258' title='bbox 762 4196 865 4276; x_wconf 92' lang='lat' dir='ltr'>ipsum</span> <span class='ocrx_word' id='word_1_259' title='bbox 887 4194 1020 4276; x_wconf 79' lang='lat' dir='ltr'>juridice</span> <span class='ocrx_word' id='word_1_260' title='bbox 1038 4209 1298 4274; x_wconf 90' lang='lat' dir='ltr'>concernentem,</span> <span class='ocrx_word' id='word_1_261' title='bbox 1316 4215 1390 4257; x_wconf 90' lang='lat' dir='ltr'>cum</span> <span class='ocrx_word' id='word_1_262' title='bbox 1414 4195 1481 4256; x_wconf 91' lang='lat' dir='ltr'>suis</span> <span class='ocrx_word' id='word_1_263' title='bbox 1497 4195 1594 4277; x_wconf 90' lang='lat' dir='ltr'>perti·</span> 
     </span>
     <span class='ocr_line' id='line_1_32' title="bbox 329 4299 1596 4383; baseline 0 -21"><span class='ocrx_word' id='word_1_264' title='bbox 329 4301 451 4362; x_wconf 90' lang='lat' dir='ltr'>nenciis</span> <span class='ocrx_word' id='word_1_265' title='bbox 474 4301 533 4382; x_wconf 92' lang='lat' dir='ltr'>ipsi</span> <span class='ocrx_word' id='word_1_266' title='bbox 558 4299 725 4362; x_wconf 88' lang='lat' dir='ltr'>Anthonio</span> <span class='ocrx_word' id='word_1_267' title='bbox 756 4299 847 4362; x_wconf 88' lang='lat' dir='ltr'>fabro</span> <span class='ocrx_word' id='word_1_268' title='bbox 879 4321 999 4382; x_wconf 86' lang='lat' dir='ltr'>genero</span> <span class='ocrx_word' id='word_1_269' title='bbox 1023 4321 1081 4362; x_wconf 91' lang='lat' dir='ltr'>suo</span> <span class='ocrx_word' id='word_1_270' title='bbox 1113 4301 1284 4383; x_wconf 84' lang='lat' dir='ltr'>legavisset</span> <span class='ocrx_word' id='word_1_271' title='bbox 1315 4301 1383 4382; x_wconf 89' lang='lat' dir='ltr'>jure</span> <span class='ocrx_word' id='word_1_272' title='bbox 1407 4301 1596 4383; x_wconf 89' lang='lat' dir='ltr'>perhennali</span> 
     </span>
     <span class='ocr_line' id='line_1_33' title="bbox 328 4406 1597 4490; baseline 0.001 -23"><span class='ocrx_word' id='word_1_273' title='bbox 328 4406 573 4488; x_wconf 86' lang='lat' dir='ltr'>possidendam,</span> <span class='ocrx_word' id='word_1_274' title='bbox 597 4407 736 4488; x_wconf 90' lang='lat' dir='ltr'>ideoque</span> <span class='ocrx_word' id='word_1_275' title='bbox 761 4427 820 4468; x_wconf 90' lang='lat' dir='ltr'>nos</span> <span class='ocrx_word' id='word_1_276' title='bbox 842 4407 1019 4489; x_wconf 89' lang='lat' dir='ltr'>predictam</span> <span class='ocrx_word' id='word_1_277' title='bbox 1036 4407 1164 4470; x_wconf 90' lang='lat' dir='ltr'>vineam</span> <span class='ocrx_word' id='word_1_278' title='bbox 1188 4407 1289 4490; x_wconf 91' lang='lat' dir='ltr'>ipsius</span> <span class='ocrx_word' id='word_1_279' title='bbox 1305 4408 1417 4470; x_wconf 86' lang='lat' dir='ltr'>lacobi</span> <span class='ocrx_word' id='word_1_280' title='bbox 1442 4427 1515 4469; x_wconf 93' lang='lat' dir='ltr'>cum</span> <span class='ocrx_word' id='word_1_281' title='bbox 1532 4409 1597 4469; x_wconf 91' lang='lat' dir='ltr'>suis</span> 
     </span>
     <span class='ocr_line' id='line_1_34' title="bbox 329 4513 1597 4596; baseline 0.001 -23"><span class='ocrx_word' id='word_1_282' title='bbox 329 4513 522 4574; x_wconf 87' lang='lat' dir='ltr'>utilitatibus</span> <span class='ocrx_word' id='word_1_283' title='bbox 547 4526 578 4573; x_wconf 90' lang='lat' dir='ltr'>et</span> <span class='ocrx_word' id='word_1_284' title='bbox 601 4513 808 4594; x_wconf 90' lang='lat' dir='ltr'>pertinenciis</span> <span class='ocrx_word' id='word_1_285' title='bbox 840 4514 996 4574; x_wconf 89' lang='lat' dir='ltr'>universis</span> <span class='ocrx_word' id='word_1_286' title='bbox 1027 4513 1133 4574; x_wconf 89' lang='lat' dir='ltr'>eidem</span> <span class='ocrx_word' id='word_1_287' title='bbox 1158 4514 1325 4576; x_wconf 87' lang='lat' dir='ltr'>Anthonio</span> <span class='ocrx_word' id='word_1_288' title='bbox 1358 4513 1448 4575; x_wconf 87' lang='lat' dir='ltr'>labro</span> <span class='ocrx_word' id='word_1_289' title='bbox 1473 4534 1509 4576; x_wconf 88' lang='lat' dir='ltr'>ac</span> <span class='ocrx_word' id='word_1_290' title='bbox 1540 4533 1597 4596; x_wconf 92' lang='lat' dir='ltr'>per</span> 
     </span>
     <span class='ocr_line' id='line_1_35' title="bbox 329 4617 1595 4701; baseline 0.003 -23"><span class='ocrx_word' id='word_1_291' title='bbox 329 4638 404 4679; x_wconf 89' lang='lat' dir='ltr'>eum</span> <span class='ocrx_word' id='word_1_292' title='bbox 429 4618 494 4679; x_wconf 89' lang='lat' dir='ltr'>suis</span> <span class='ocrx_word' id='word_1_293' title='bbox 519 4618 690 4680; x_wconf 89' lang='lat' dir='ltr'>heredibus</span> <span class='ocrx_word' id='word_1_294' title='bbox 714 4620 883 4680; x_wconf 86' lang='lat' dir='ltr'>statuimus</span> <span class='ocrx_word' id='word_1_295' title='bbox 914 4633 1070 4701; x_wconf 91' lang='lat' dir='ltr'>perpetuo</span> <span class='ocrx_word' id='word_1_296' title='bbox 1102 4617 1331 4700; x_wconf 90' lang='lat' dir='ltr'>possidendam</span> <span class='ocrx_word' id='word_1_297' title='bbox 1356 4632 1388 4680; x_wconf 89' lang='lat' dir='ltr'>et</span> <span class='ocrx_word' id='word_1_298' title='bbox 1412 4620 1595 4701; x_wconf 91' lang='lat' dir='ltr'>quomodo·</span> 
     </span>
     <span class='ocr_line' id='line_1_36' title="bbox 329 4724 1596 4808; baseline 0.004 -24"><span class='ocrx_word' id='word_1_299' title='bbox 329 4743 468 4805; x_wconf 90' lang='lat' dir='ltr'>cumque</span> <span class='ocrx_word' id='word_1_300' title='bbox 492 4724 630 4786; x_wconf 88' lang='lat' dir='ltr'>voluerit</span> <span class='ocrx_word' id='word_1_301' title='bbox 653 4725 888 4806; x_wconf 89' lang='lat' dir='ltr'>disponendam</span> <span class='ocrx_word' id='word_1_302' title='bbox 913 4726 999 4808; x_wconf 88' lang='lat' dir='ltr'>juxta</span> <span class='ocrx_word' id='word_1_303' title='bbox 1025 4725 1251 4787; x_wconf 90' lang='lat' dir='ltr'>condicionem</span> <span class='ocrx_word' id='word_1_304' title='bbox 1269 4726 1405 4788; x_wconf 87' lang='lat' dir='ltr'>civitatis</span> <span class='ocrx_word' id='word_1_305' title='bbox 1429 4739 1596 4808; x_wconf 88' lang='lat' dir='ltr'>prenotate</span> 
     </span>
     <span class='ocr_line' id='line_1_37' title="bbox 329 4831 773 4914; baseline 0.005 -22"><span class='ocrx_word' id='word_1_306' title='bbox 329 4831 368 4892; x_wconf 88' lang='lat' dir='ltr'>ab</span> <span class='ocrx_word' id='word_1_307' title='bbox 394 4831 528 4912; x_wconf 88' lang='lat' dir='ltr'>antiquo</span> <span class='ocrx_word' id='word_1_308' title='bbox 554 4833 773 4914; x_wconf 87' lang='lat' dir='ltr'>approbatam.</span> 
     </span>
    </p>
   </div>
   <div class='ocr_carea' id='block_1_6' title="bbox 0 0 1872 5796">
    <p class='ocr_par' dir='ltr' id='par_1_7' title="bbox 0 0 1872 5796">
     <span class='ocr_line' id='line_1_38' title="bbox 0 0 1872 5796; baseline 0 3"><span class='ocrx_word' id='word_1_309' title='bbox 0 0 1872 5796; x_wconf 95' lang='lat' dir='ltr'> </span> 
     </span>
    </p>
   </div>
  </div>
 </body>
</html>
