3678 5800
547 542 748 619 Anno1435.
774 575 814 586 -
838 557 867 604 2.
891 543 1051 604 decmbni.
1367 563 1428 626 243

166 752 265 813 nostri
291 753 439 814 moderni
472 754 504 814 in
530 773 568 815 eo
600 754 814 837 supplicatum
848 755 960 832 extitit,
991 769 1026 816 ut
1050 754 1116 836 ipse
1149 755 1305 818 Martinus
1329 769 1430 818 sartor

165 858 344 938 predictam
369 859 556 940 porcionem
589 861 714 939 domus,
748 857 850 938 lundi,
883 861 1002 922 cellarii
1028 875 1058 923 et
1090 860 1323 940 hedificiorum,
1356 883 1429 945 por·

165 963 295 1025 cionem
318 965 441 1028 scilicet
464 967 564 1049 ipsius
588 967 765 1046 Benedicti,
793 967 898 1029 eidem
924 967 1099 1029 Benedicto
1123 986 1231 1028 rursus
1254 967 1355 1030 libere
1380 989 1430 1029 re·

167 1070 306 1133 misisset
330 1085 361 1133 et
384 1072 574 1152 resignasset
604 1073 832 1156 possidendam
856 1073 912 1134 tali
948 1073 1139 1135 condicione
1170 1086 1202 1136 et
1225 1073 1429 1156 obligatione

165 1197 274 1238 coram
298 1179 446 1260 pluribus
463 1178 635 1261 fidedignis
659 1181 735 1242 viris
751 1181 783 1242 in
808 1179 972 1262 presencia
990 1180 1089 1262 ipsius
1112 1179 1227 1260 judicis
1243 1181 1343 1242 nostri
1360 1200 1429 1242 mo·

165 1283 257 1344 derni
282 1283 480 1366 interposita,
505 1299 540 1348 ut
562 1287 588 1348 si
620 1286 725 1348 eidem
757 1285 933 1348 Benedicto
957 1285 1019 1348 boc
1051 1305 1147 1365 anno,
1171 1299 1316 1368 tempore
1341 1286 1429 1348 vide·

164 1389 239 1449 licet
271 1389 429 1469 judicatus
460 1392 607 1454 moderni
640 1393 740 1475 ipsius
772 1393 898 1455 Nicolai
932 1391 1057 1474 judicia,
1090 1393 1208 1456 dictam
1240 1412 1329 1454 suam
1355 1411 1430 1476 por·

165 1497 293 1558 cionem
317 1498 445 1578 domus,
469 1497 572 1578 lundi,
596 1499 716 1562 cellarii
741 1513 773 1562 et
797 1497 1019 1562 hedificiorum
1048 1499 1143 1560 alicui
1169 1499 1260 1561 alteri
1284 1499 1425 1562 vendere

165 1603 345 1684 contigerit,
368 1619 496 1666 extunc
519 1605 632 1668 eadem
657 1606 768 1688 porcio
789 1607 916 1684 domus,
942 1603 1044 1684 fundi,
1062 1605 1182 1666 cellarii
1206 1618 1237 1668 et
1261 1603 1429 1667 hedificio·

165 1729 248 1788 rum,
272 1712 384 1792 porcio
415 1711 566 1774 videlicet
597 1712 697 1795 ipsius
728 1713 907 1791 Benedicti,
938 1732 956 1772 a
987 1709 1110 1794 prelato
1146 1711 1285 1774 Martino
1308 1723 1428 1772 sartore

165 1817 290 1878 sororio
315 1817 459 1879 eiusdem
484 1818 649 1881 Benedicti
674 1819 765 1881 nullo
795 1819 894 1880 modo
917 1819 1018 1901 possit
1048 1817 1205 1896 allienari,
1241 1817 1296 1880 sed
1321 1817 1429 1880 eidem

166 1922 306 1984 Martino
329 1925 441 1986 sartori
458 1923 545 2006 juxta
565 1925 775 2008 principalem
792 1923 964 1986 laesionem
982 1924 1125 1986 eiusdem
1146 1924 1310 1986 Benedicti
1328 1923 1429 1986 modo

164 2030 375 2092 concambiali
400 2045 431 2092 et
453 2031 662 2094 additamenti
686 2032 869 2114 supradicto
890 2031 1024 2092 reddere
1048 2045 1079 2093 et
1103 2031 1271 2113 provenite
1296 2031 1428 2092 deberet

165 2149 322 2216 perpetuo
347 2137 558 2218 possidenda;
583 2151 614 2199 et
637 2138 712 2219 quia
737 2157 821 2200 nunc
852 2138 919 2219 ipsa
945 2137 1055 2219 porcio
1087 2136 1214 2216 domus,
1238 2135 1341 2215 fundi,
1366 2137 1428 2198 cel-

164 2241 233 2302 larii
259 2256 290 2305 et
314 2242 548 2322 hedificiorum,
572 2244 683 2326 porcio
707 2242 840 2325 sepelati
869 2243 1047 2322 Benedicti,
1078 2243 1297 2325 pereundam
1323 2244 1429 2304 Bene·

164 2347 287 2408 dictum
313 2349 446 2430 provide
478 2350 605 2412 mulieri
628 2355 736 2431 Agnes
764 2364 886 2428 vocate,
914 2350 1022 2411 relicte
1055 2349 1189 2431 predicti
1215 2348 1305 2410 Pauli
1332 2347 1425 2430 jurati

167 2453 396 2536 Zydowchich,
422 2475 558 2518 noverce
582 2456 733 2518 videlicet
748 2475 815 2535 sue,
839 2475 897 2538 pro
918 2470 1000 2518 certa
1018 2455 1226 2538 pecuniarum
1251 2455 1428 2537 quantitate

166 2561 296 2622 vendita
328 2575 405 2634 erat,
436 2575 532 2644 prout
565 2563 736 2644 superinde
770 2563 855 2624 idem
880 2561 1073 2625 Benedictus
1105 2560 1277 2624 laesionem
1309 2560 1428 2623 lecerat

167 2686 275 2728 coram
300 2667 407 2748 judice
431 2667 566 2730 civitatis
594 2681 777 2750 prenotate;
809 2682 840 2730 et
870 2669 946 2749 quia
970 2667 1071 2730 eciam
1103 2667 1203 2750 ipsam
1236 2667 1425 2749 porcionem

166 2772 294 2850 domus,
318 2771 421 2852 fundi,
445 2773 564 2835 cellarii
597 2786 627 2834 et
658 2772 891 2852 hedificiorum,
923 2774 1109 2856 porcionem
1142 2773 1292 2835 videlicet
1324 2773 1425 2856 ipsius

167 2881 346 2960 Benedicti,
369 2882 436 2963 ipsa
459 2885 568 2963 Agnes
585 2881 711 2960 mulier,
735 2901 795 2942 nec
819 2881 927 2943 Marco
951 2879 1019 2942 filio
1036 2900 1094 2942 nec
1120 2879 1220 2942 Elene
1244 2877 1309 2941 filie
1327 2879 1428 2961 ipsius
1456 2887 1460 2896 '

165 2987 255 3050 Pauli
282 2987 498 3071 Zydowchich
515 3007 553 3049 ex
578 2989 692 3050 eodem
719 2987 819 3050 Paulo
837 2999 868 3050 et
892 3007 929 3048 ex
950 2987 1016 3069 ipsa
1035 2991 1159 3068 Agnete
1184 2985 1318 3048 muliere
1335 2985 1427 3066 legit·

164 3095 241 3156 time
266 3094 443 3176 progenitis
466 3094 499 3155 in
521 3107 632 3157 tenera
657 3107 738 3156 etate
762 3093 952 3172 constitutis,
976 3092 1031 3154 sed
1055 3092 1115 3154 sibi
1141 3091 1200 3173 ipsi
1226 3111 1283 3154 seu
1307 3111 1365 3174 pro
1389 3111 1423 3154 se

163 3219 349 3282 comparare
381 3214 411 3263 et
442 3201 607 3283 possidere
638 3219 674 3262 ac
705 3200 841 3262 retinere
872 3201 1019 3277 volebat,
1051 3211 1147 3281 prout
1170 3196 1284 3260 eadem
1317 3201 1426 3278 Agnes

163 3307 283 3369 ibidem
310 3307 341 3368 in
366 3306 486 3388 judicio
511 3327 567 3391 per
590 3327 649 3369 nos
672 3321 719 3368 ter
742 3305 915 3389 superinde
932 3307 1126 3387 interrogata
1151 3303 1232 3366 lassa
1250 3317 1296 3366 est
1322 3317 1353 3366 et
1377 3325 1425 3366 re·

162 3414 235 3476 tulit
259 3433 315 3475 sua
340 3415 412 3476 viva
436 3434 526 3492 voce,
551 3413 690 3495 ideoque
714 3433 773 3475 nos
797 3412 932 3474 eandem
957 3412 1144 3495 porcionem
1169 3411 1296 3490 domus,
1322 3409 1426 3487 lundi,

163 3520 284 3582 cellarii
321 3533 352 3582 et
384 3519 618 3600 hedificiorum,
654 3519 841 3602 porcionem
876 3518 1027 3579 videlicet
1061 3517 1214 3599 sepedicti
1249 3516 1427 3596 Benedicti,

162 3627 261 3689 modo
287 3627 444 3710 premisso
468 3626 674 3705 declaratam,
697 3643 769 3688 cum
787 3626 852 3686 suis
877 3624 1066 3686 utilitatibus
1084 3638 1114 3686 et
1131 3622 1337 3705 pertinenciis
1354 3622 1427 3684 uni·

162 3734 260 3795 versis
284 3732 409 3815 prelato
435 3732 574 3794 Martino
587 3733 700 3795 sartori
725 3753 761 3795 ac
785 3751 842 3815 per
865 3751 939 3794 eum
956 3732 1021 3793 suis
1045 3730 1217 3794 heredibus
1243 3729 1428 3792 racionibus

162 3853 192 3901 et
215 3840 320 3901 causis
343 3859 381 3900 ex
405 3837 567 3922 premissis
591 3837 677 3919 juxta
701 3839 876 3921 predictam
894 3837 1103 3920 principalem
1129 3835 1302 3899 laesionem
1326 3835 1427 3917 ipsius

162 3945 328 4008 Benedicti
353 3944 574 4026 adjudicamus
598 3958 629 4006 et
652 3946 821 4007 statuimus
837 3958 993 4026 perpetuo
1016 3941 1243 4026 possidendam
1268 3941 1423 4023 premisso

162 4052 230 4134 jure
257 4051 472 4113 concambiali
501 4064 533 4113 et
564 4051 872 4133 quomodocumque
903 4050 1041 4112 voluerit
1072 4047 1306 4130 disponendam
1338 4046 1426 4128 juxta

162 4157 390 4220 condicionem
414 4157 551 4219 civitatis
574 4169 751 4239 prenotate,
768 4157 1026 4220 contradiccione
1050 4169 1116 4217 tarn
1132 4153 1274 4236 predicte
1290 4153 1425 4234 Agnetis

162 4265 312 4326 mulieris
336 4276 368 4325 et
390 4264 528 4325 aliorum
553 4283 821 4346 quorumcunque
845 4283 910 4325 non
934 4264 1090 4325 obstante.

225 4467 321 4541 Faria
349 4476 447 4540 sexta
474 4471 630 4558 proxima
658 4477 736 4540 ante
763 4469 886 4541 festum
913 4467 1010 4537 beate
1037 4464 1188 4536 Barbare
1216 4463 1359 4552 virginis

604 4599 638 4664 et
665 4595 820 4664 martiris
849 4590 984 4662 Christi.

666 4747 709 4822 (2.
733 4742 910 4819 decembris).

270 4889 347 4950 Item
373 4887 483 4950 Guralt
508 4885 646 4949 carnifex
679 4897 788 4947 contra
813 4883 990 4964 Georgium
1017 4881 1222 4965 Oprasnycza
1247 4880 1352 4963 primo
1377 4879 1422 4941 ci·

170 5006 250 5058 tatus
274 5015 339 5057 non
364 4993 553 5077 comparuit.
