3678 5800
431 549 492 610 242
793 533 879 592 Anno
902 543 991 610 1435.
1016 567 1057 576 -
1080 529 1132 596 18.
1155 535 1323 594 novembris.

429 764 545 806 wewar
567 742 625 806 filii
650 743 782 823 Georgii
807 743 846 805 de
872 743 1031 824 Klokoch,
1066 745 1097 806 iu
1123 765 1179 807 sua
1204 759 1235 808 et
1258 744 1384 807 Nicolai
1408 765 1445 806 ac
1471 745 1585 828 Kyrioi
1609 743 1685 806 filio-

430 871 501 912 rum
525 849 669 912 eiusdem
695 851 846 932 Symonis
870 853 1024 933 personis,
1057 864 1091 914 ut
1115 851 1247 914 fratrum
1280 871 1410 914 suorum
1437 851 1636 912 uterinorum
1659 863 1687 910 et

429 958 607 1019 carnalium
630 957 784 1039 personis,
808 957 841 1018 id
865 956 1059 1019 sufficienter
1084 973 1115 1020 et
1146 957 1307 1040 fidedigne
1339 977 1446 1019 coram
1471 958 1565 1020 nobis
1587 959 1620 1018 in
1644 957 1686 1038 ju·
1717 961 1724 980 “

430 1063 515 1126 dicio
539 1063 771 1145 comprobavit,
795 1077 830 1124 ut
857 1063 1022 1145 quoddam
1054 1063 1152 1126 fenile
1176 1065 1209 1126 iu
1241 1084 1355 1147 campo
1386 1064 1523 1126 civitatis
1547 1063 1684 1146 predicte

429 1169 586 1247 habitum,
609 1189 646 1230 ac
670 1169 809 1251 quedam
832 1170 912 1231 silva
940 1171 972 1231 in
1003 1171 1164 1232 territorio
1189 1172 1325 1233 civitatis
1356 1171 1389 1232 in
1414 1171 1557 1253 quodam
1581 1185 1685 1232 monte

429 1275 635 1337 Kuhinschak
659 1289 773 1338 vocato
804 1275 923 1356 habita,
952 1277 1085 1359 predicti
1119 1278 1269 1360 Symonis
1300 1279 1397 1359 patris
1422 1278 1566 1359 ipsorum
1591 1277 1684 1338 Lucie

428 1396 460 1445 et
490 1363 614 1444 Nicolai
646 1403 683 1444 ac
714 1383 827 1466 Kyrini
860 1383 1031 1465 juridicum
1062 1398 1093 1446 et
1124 1384 1313 1446 litteratoria
1344 1383 1522 1466 prefuisset,
1559 1397 1590 1444 et
1621 1395 1688 1465 post

428 1502 564 1551 mortem
589 1489 687 1571 ipsius
712 1489 864 1572 Symonis
887 1491 985 1572 patris
1015 1511 1126 1553 eorum
1151 1511 1247 1572 super
1263 1491 1364 1572 ipsam
1390 1490 1523 1552 Luciam
1550 1503 1582 1551 et
1598 1507 1687 1570 super

429 1596 589 1678 predictos
613 1596 783 1657 Nicolaum
809 1611 840 1658 et
863 1597 1022 1679 Kyrinum
1053 1597 1120 1678 jure
1153 1597 1348 1658 hereditario
1373 1596 1458 1676 juxta
1491 1597 1592 1678 ipsius
1615 1595 1686 1656 civi-

427 1703 501 1764 tatis
525 1702 690 1784 antiquam
722 1703 988 1765 consvetudinem
1020 1716 1051 1764 et
1083 1703 1318 1786 privilegiatam
1351 1703 1531 1764 libertatem
1563 1703 1686 1764 nemine

428 1809 557 1889 penitus
580 1808 662 1870 trina
686 1807 804 1870 lorensi
829 1810 958 1891 publica
982 1809 1240 1891 proclamatione
1264 1810 1435 1892 superinde
1459 1807 1554 1886 facta,
1579 1809 1636 1869 rite
1659 1819 1688 1869 et

427 1913 584 1994 legittime
609 1911 691 1975 iacta
714 1915 897 1996 superinde,
930 1915 1120 1977 devolutum
1154 1929 1200 1978 est
1224 1929 1255 1978 et
1278 1916 1467 1993 redundata,
1499 1928 1531 1976 et
1555 1915 1630 1995 quia
1652 1913 1686 1974 li·

428 2033 511 2081 teras
535 2033 658 2081 nostras
681 2041 736 2082 seu
761 2021 896 2082 civitatis
916 2021 1058 2102 predicte
1081 2023 1297 2104 privilegiales
1314 2042 1371 2104 pro
1396 2033 1483 2103 parte
1509 2021 1609 2102 ipsius
1632 2019 1687 2101 Sy·

429 2126 535 2186 monis
557 2127 655 2208 patris
681 2146 793 2188 eorum
817 2128 940 2188 dudum
965 2127 1125 2191 confectas
1149 2143 1180 2190 et
1203 2141 1377 2205 emanatas,
1409 2147 1464 2209 per
1487 2145 1547 2188 nos
1572 2125 1687 2208 pluries

429 2231 511 2292 visas
536 2245 566 2292 et
590 2251 696 2294 coram
721 2233 815 2294 uobis
837 2234 945 2314 sepius
960 2235 1142 2316 productas,
1159 2255 1244 2296 nunc
1275 2233 1446 2296 ultimatim
1472 2252 1580 2294 coram
1598 2232 1686 2293 nobis

428 2320 607 2419 producere
632 2358 696 2400 non
721 2339 849 2400 valebat
872 2340 928 2401 sed
960 2341 1088 2402 easdem
1123 2341 1291 2402 casualiter
1314 2339 1481 2401 ammissas
1513 2353 1544 2400 et
1576 2339 1683 2420 deper-

426 2445 509 2506 ditas
530 2444 598 2506 iore
622 2445 791 2526 allegabat,
809 2465 932 2528 uosque
957 2447 1183 2510 instantissime
1200 2447 1373 2528 superinde
1390 2445 1575 2528 postulabat
1593 2443 1685 2505 Lucia

427 2551 558 2612 domina
582 2565 759 2633 prenotata,
784 2565 818 2614 ut
835 2553 940 2634 ipsum
964 2551 1061 2614 fenile
1086 2568 1116 2614 et
1132 2553 1309 2635 predictam
1332 2551 1469 2634 (silvam)
1492 2571 1590 2632 super
1605 2551 1686 2632 ipsos

426 2657 525 2718 modo
550 2657 704 2738 premisso
729 2658 919 2720 devolutum
943 2671 975 2720 et
1005 2659 1177 2738 redactam,
1201 2659 1301 2721 literis
1332 2658 1449 2721 nostris
1472 2657 1567 2719 novis
1592 2656 1683 2738 privi-

425 2763 595 2845 legialibus
618 2763 771 2826 ratificare
796 2778 827 2827 et
850 2768 1026 2848 approbare
1051 2766 1256 2846 dignaremur
1288 2779 1444 2848 perpetuo
1468 2763 1681 2847 possidenda;

428 2870 567 2951 ideoque
592 2890 651 2932 nos
675 2871 780 2952 ipsum
805 2869 901 2932 fenile
926 2886 957 2932 et
979 2873 1154 2954 predictam
1178 2873 1292 2934 silvam
1325 2873 1356 2932 in
1381 2891 1496 2952 campo
1521 2883 1557 2931 ut
1581 2869 1680 2952 predi·

427 2977 507 3037 citur
531 2990 562 3037 et
585 2977 745 3038 territorio
769 2978 906 3040 civitatis
928 2977 1049 3059 prefate
1073 2977 1218 3040 habitum
1243 2991 1274 3039 et
1298 2977 1497 3056 existentem,
1522 2996 1596 3038 cum
1619 2994 1684 3036 om-

426 3083 521 3144 nibus
545 3103 657 3144 eorum
682 3084 802 3162 usibus,
825 3085 1017 3146 utilitatibus
1041 3098 1072 3145 et
1095 3085 1301 3167 pertinenciis
1332 3083 1489 3144 universis
1513 3095 1684 3144 memorate

427 3187 558 3249 domine
584 3189 681 3249 Lucis
706 3208 742 3249 ac
774 3187 903 3270 prefatis
927 3188 1062 3251 Nicolao
1088 3202 1119 3250 et
1150 3190 1285 3272 Kyrin0,
1317 3209 1374 3271 per
1397 3207 1519 3269 eosque
1545 3188 1683 3269 ipsorum

426 3293 597 3355 heredibus
621 3295 790 3356 statuimus
806 3309 837 3356 et
853 3296 1072 3357 commisimus
1094 3315 1131 3357 ex
1148 3295 1310 3378 premissis
1326 3294 1394 3376 jure
1412 3307 1569 3376 perpetuo
1586 3292 1682 3375 possi-

428 3399 533 3461 denda
558 3413 589 3461 et
620 3401 929 3484 quomodocumque
945 3402 1106 3462 voluerint
1132 3401 1333 3484 disponenda
1357 3414 1444 3482 Juxta
1460 3398 1680 3460 condicionem

427 3508 562 3568 civitatis
586 3521 752 3590 prenotate
776 3510 816 3569 ab
840 3509 974 3590 antiquo
1006 3510 1226 3591 approbatam,
1260 3508 1388 3568 nemine
1413 3505 1541 3587 penitus
1563 3518 1681 3566 contra·

425 3614 551 3676 dicente
576 3627 630 3676 aut
653 3615 764 3696 aliquo
789 3616 1021 3677 contradictore
1044 3616 1172 3696 penitus
1196 3627 1378 3696 apparente.

532 3721 610 3782 ltem
635 3721 710 3803 quia
734 3722 782 3782 vir
809 3722 961 3803 providus
986 3722 1142 3782 Martinus
1172 3733 1273 3784 sartor
1304 3719 1388 3782 filius
1413 3719 1523 3798 Marci,
1548 3715 1682 3779 concivis

426 3841 544 3906 noster,
568 3827 601 3888 id
625 3826 819 3888 sufficienter
843 3847 950 3888 coram
975 3828 1068 3888 nobis
1092 3828 1125 3888 in
1148 3826 1269 3909 judicio
1294 3825 1530 3907 comprobavit,
1554 3839 1587 3886 ut
1610 3823 1682 3884 dum

423 3947 567 4016 tempore
602 3932 759 4016 judicatus
787 3934 913 3995 Nicolai
944 3933 1058 4014 judicis
1090 3935 1189 3994 nostri
1226 3932 1373 3995 moderni
1418 3932 1484 4013 ipse
1535 3929 1682 3992 Martinus

427 4053 529 4101 sartor
559 4041 692 4101 totalem
724 4040 910 4122 porcionem
944 4040 1070 4119 domus,
1104 4039 1206 4118 fundi,
1238 4039 1358 4101 cellarii
1383 4052 1414 4100 et
1446 4036 1680 4111 hedeficiorum,

427 4148 614 4230 porcionem
647 4148 768 4209 scilicet
798 4147 963 4208 Benedicti
994 4148 1086 4208 aliter
1118 4148 1220 4208 Bensa
1251 4146 1355 4208 vocati
1387 4145 1445 4208 filii
1482 4145 1573 4206 Pauli
1596 4143 1679 4225 olym

424 4253 518 4336 jurati
542 4268 573 4316 et
597 4255 736 4315 concivis
759 4254 857 4314 nostri
875 4253 932 4314 filii
948 4252 1079 4334 Georgii
1105 4253 1179 4314 dicti
1197 4251 1375 4334 Zydowyn,
1401 4250 1535 4312 indicta
1561 4249 1680 4310 civitate

425 4376 457 4422 et
481 4361 631 4441 contigua
654 4360 817 4422 vicinitate
842 4361 969 4438 domus,
997 4359 1100 4438 fundi,
1125 4359 1246 4420 cellarii
1271 4371 1302 4420 et
1325 4357 1549 4420 hedificiorum
1572 4351 1680 4437 prelati

426 4467 555 4528 Martini
580 4467 709 4528 sartoris
732 4466 885 4545 habitam,
918 4486 1015 4528 unam
1049 4480 1195 4547 quartam
1220 4477 1251 4526 et
1273 4465 1404 4526 terciam
1438 4475 1560 4544 partem
1591 4459 1679 4521 unius

422 4587 534 4656 quarte
558 4575 645 4636 curie
669 4575 701 4634 in
737 4594 770 4634 se
804 4574 1004 4652 retinentem,
1037 4575 1076 4634 ab
1109 4572 1224 4634 eodem
1257 4571 1433 4633 Benedicto
1465 4570 1580 4652 partim
1611 4585 1679 4629 con-

423 4681 622 4742 cambialiter
647 4695 677 4742 et
701 4681 815 4763 partim
840 4701 897 4761 per
928 4680 1062 4740 modum
1094 4679 1304 4740 additamenti
1337 4677 1500 4738 habuisset
1533 4688 1678 4758 perpetuo

423 4787 662 4869 possidendam,
685 4800 761 4850 tunc
786 4807 841 4869 per
865 4787 1033 4868 providam
1059 4786 1227 4847 mulierem
1253 4784 1354 4846 Elena
1377 4797 1535 4863 vocatam,
1552 4799 1675 4844 uxorem

422 4893 613 4974 legittimam
638 4895 828 4954 modernam
853 4893 952 4974 ipsius
976 4893 1140 4954 Benedicti
1174 4905 1204 4953 et
1239 4903 1361 4952 eeteros
1385 4891 1506 4952 amicos
1530 4889 1673 4972 speciales

420 4999 564 5060 eiusdem
589 5001 753 5062 Benedicti
778 5000 883 5061 eidem
902 5001 1040 5062 Martino
1057 4999 1169 5061 sartori
1194 4999 1226 5059 in
1250 4998 1414 5080 presencia
1432 4996 1545 5080 prefati
1562 4996 1668 5078 judicis
