3740 5810
615 547 702 604 Anno
722 561 815 624 1420.
838 579 878 590 —
902 561 952 607 ro.
976 549 1057 610 marl.
1430 547 1472 629 87

302 757 381 818 ltem
420 758 559 818 lacobus
588 756 755 838 Popouich
787 771 895 819 contra
939 758 1175 839 Margaretham
1207 779 1302 822 suum
1336 760 1469 843 deposui

198 859 422 942 juramentum
446 875 480 924 ut
506 862 629 941 debuit,
653 862 742 944 quod
767 863 801 924 in
824 863 955 926 accione
979 883 1035 926 sua
1060 877 1141 928 esset
1165 865 1329 929 innocens.

304 969 384 1031 ltem
417 969 597 1051 Stephanus
627 969 771 1031 literatus
802 981 911 1031 contra
943 971 1123 1032 lohannem
1159 970 1341 1034 Crathehen
1365 992 1459 1034 suum

202 1073 350 1155 deposuit
367 1074 592 1156 jurameutum,
609 1074 698 1156 quod
715 1075 783 1156 ipse
800 1095 857 1157 per
874 1075 1000 1136 vineam
1017 1095 1108 1138 suam
1126 1077 1210 1138 viam
1228 1075 1353 1140 fecisset
1370 1078 1460 1139 inde-

202 1180 298 1242 bitam
308 1193 340 1242 et
352 1179 573 1264 ten(d)entem,
583 1194 614 1242 et
623 1181 855 1262 quinquaginta
870 1181 1016 1264 palorum
1027 1182 1167 1265 dampna
1176 1183 1280 1245 eidem
1291 1183 1459 1247 intulisset.

306 1303 385 1366 ltem
413 1303 574 1385 Georgius
597 1303 738 1366 Puchich
762 1317 793 1366 et
809 1305 953 1367 eiusdem
980 1325 1060 1367 uxor
1083 1325 1156 1368 cum
1181 1326 1246 1368 uno
1269 1308 1369 1369 tercio
1385 1329 1458 1370 cum

200 1425 310 1472 contra
343 1411 544 1472 Anthonium
575 1409 716 1492 jndicem
747 1409 963 1492 juramentum
986 1425 1126 1494 prestare
1158 1413 1334 1475 voluissent
1364 1434 1459 1496 supra

199 1529 357 1594 notatum,
381 1529 457 1577 tunc
480 1515 566 1577 idem
590 1515 775 1578 Anthonius
797 1516 1011 1598 juramentum
1041 1518 1162 1580 eisdem
1186 1518 1306 1581 dimisit
1330 1535 1459 1602 propter

197 1621 309 1698 deum,
333 1621 465 1704 dempto
496 1635 604 1684 tamen
629 1621 698 1705 jure
722 1623 973 1704 possessionario
997 1625 1143 1708 superius
1167 1645 1232 1687 non
1258 1639 1378 1689 notato.

302 1841 399 1916 Ferin
427 1847 535 1918 tercia
562 1848 723 1935 proxima
751 1852 829 1918 onte
856 1846 981 1917 lestnnr
1019 1845 1150 1934 Georgii
1179 1848 1343 1918 martiris.

714 2001 779 2075 (23.
811 1999 937 2072 aprilis).

303 2136 405 2198 Eleus
423 2156 502 2198 uxor
528 2137 681 2218 Stephani
699 2137 826 2216 literati,
844 2135 900 2198 filii
919 2136 1051 2218 Georgii
1070 2155 1154 2197 nunc
1180 2137 1309 2215 mortui,
1327 2136 1467 2198 eundem

195 2242 376 2324 Georgium
404 2243 603 2305 intoxilravit
626 2257 722 2325 prout
744 2243 813 2305 sola
830 2241 922 2321 fassa,
946 2256 977 2304 ct
993 2262 1090 2324 quarn
1107 2241 1200 2325 jurati
1225 2255 1355 2325 propter
1371 2263 1466 2304 suum

193 2347 300 2410 scelus
316 2349 361 2410 sic
377 2361 602 2430 perpetratum
624 2348 857 2431 adjudicarunt,
886 2361 921 2411 ut
948 2369 985 2411 es
1002 2349 1102 2410 Elena
1127 2349 1322 2432 supplicium
1350 2349 1466 2410 mortis

193 2474 251 2536 per
287 2453 476 2516 incendium
514 2456 547 2516 in
578 2455 652 2517 loco
687 2469 722 2517 ut
753 2455 852 2516 moris
884 2467 930 2517 est
960 2455 1025 2538 pati
1056 2453 1171 2517 debeat
1203 2469 1234 2518 et
1266 2456 1463 2517 concremari

198 2573 297 2642 atque
322 2561 481 2640 comburi,
505 2573 540 2622 ut
564 2562 665 2622 eciam
690 2561 742 2623 alii
764 2559 986 2622 malefactores
1009 2573 1186 2624 tererentur
1210 2561 1315 2643 rigore
1339 2560 1464 2643 justicie

200 2665 394 2746 requirente.

305 2771 383 2834 Item
397 2772 472 2854 quia
489 2792 569 2834 uxor
581 2772 696 2834 Briccii
714 2771 818 2834 Julian
831 2792 888 2854 per
902 2772 1036 2834 Elenam
1051 2771 1216 2855 Stephani,
1233 2792 1318 2834 nunc
1332 2785 1461 2855 propter

196 2899 293 2940 suum
317 2879 420 2941 scelus
443 2878 540 2960 digne
565 2879 845 2961 condempnatum,
870 2879 1004 2941 erimine
1028 2891 1153 2940 acusata
1178 2879 1290 2957 extitit,
1315 2877 1389 2940 ideo
1413 2877 1460 2958 ju·

197 2985 256 3047 rati
281 2984 507 3065 adjudicarunt
531 2998 565 3047 ut
589 2985 655 3067 ipss
681 2985 925 3067 quintodecimo
949 2985 1001 3047 die
1026 3005 1043 3046 a
1068 2985 1119 3046 die
1136 3005 1192 3047 sue
1217 2984 1461 3046 convolucionis

191 3090 412 3171 juramentum
437 3103 578 3172 prestare
594 3091 756 3153 tenebitur
772 3103 861 3152 sexto
876 3111 921 3170 se,
942 3090 1031 3172 quod
1056 3091 1123 3173 ipsa
1148 3091 1332 3152 incrimine
1350 3103 1460 3152 contre

193 3216 267 3258 eam
292 3196 458 3279 proposito
485 3195 639 3258 innocens
663 3197 702 3259 sit
726 3209 757 3258 et
780 3197 944 3259 immunis.

197 3433 297 3507 Feria
326 3443 426 3508 sexta
453 3439 607 3525 proxima
639 3443 716 3526 post
743 3437 865 3508 festum
894 3433 1130 3526 Apparicionis
1158 3437 1248 3507 henli
1277 3435 1460 3508 Michaelis.

731 3589 794 3665 (10.
817 3589 911 3666 maii).

302 3727 381 3790 ltem
413 3727 587 3789 Katherina
620 3727 729 3790 relicta
762 3727 960 3809 Sigismundi
990 3728 1021 3788 in
1045 3727 1119 3790 sede
1150 3741 1257 3788 nostra
1289 3725 1459 3806 judiciaria

193 3833 342 3895 exhibuit
366 3833 459 3894 nobis
482 3833 606 3894 literam
633 3832 866 3915 privilegialem
883 3832 1153 3895 confirmatoriam
1169 3831 1306 3893 condsm
1331 3832 1455 3893 domini

193 3939 355 4001 Lodouici
391 3938 475 4019 regis
505 3958 601 4020 super
625 3939 781 4002 universis
812 3939 1067 4021 possessionibus
1096 3937 1234 4001 condam
1266 3957 1316 3998 ser
1349 3935 1454 4019 Gyani

192 4043 234 4104 de
259 4041 388 4120 Medzo,
412 4043 510 4124 patris
526 4043 665 4104 condam
682 4044 813 4106 domine
838 4043 1016 4122 Francisce,
1035 4044 1066 4105 in
1084 4042 1244 4105 territorio
1262 4040 1356 4102 huius
1380 4041 1457 4102 civi-

191 4151 267 4213 tatis
291 4148 419 4227 habitis,
436 4149 468 4210 in
493 4150 611 4230 quibus
630 4149 769 4210 vidimus
787 4149 955 4228 contineri,
980 4149 1068 4230 quod
1085 4149 1188 4210 maior
1205 4167 1276 4230 pars
1300 4147 1456 4208 dictarum

191 4257 432 4339 possessionum
458 4255 623 4317 dominam
650 4256 782 4316 Luciam
807 4254 906 4316 filiam
930 4255 1067 4317 condam
1093 4255 1175 4316 dicte
1200 4254 1331 4314 domine
1357 4253 1456 4314 Fran·

192 4362 275 4422 cisce
311 4373 343 4422 et
366 4361 472 4421 minor
504 4380 575 4442 pars
599 4361 718 4422 liberos
749 4362 886 4422 condam
919 4359 1116 4442 Sigismundi
1150 4359 1207 4420 lilii
1232 4359 1374 4420 eiusdem
1399 4359 1455 4419 do-

192 4468 280 4528 mine
307 4467 476 4528 Francisce
500 4481 656 4547 tangeret,
673 4468 727 4528 ubi
752 4487 807 4549 per
830 4480 931 4528 totam
948 4467 1212 4529 communitatem
1229 4464 1392 4526 decretum
1410 4479 1457 4526 est

193 4593 233 4636 eo
258 4571 371 4649 modo,
396 4585 431 4633 ut
454 4592 491 4633 ex
509 4571 571 4634 hoc
589 4573 655 4653 ipsa
680 4573 769 4634 litera
787 4574 819 4633 in
837 4573 1082 4634 conservacione
1107 4572 1190 4634 dicte
1208 4571 1338 4632 domine
1358 4571 1455 4631 Lucie

192 4693 223 4741 et
246 4699 304 4762 per
328 4697 528 4760 consequens
551 4679 704 4740 lohannis
725 4677 838 4758 judicis
864 4678 1023 4758 moderni,
1048 4678 1172 4739 domini
1204 4691 1234 4738 et
1258 4675 1362 4738 mariti
1393 4677 1455 4757 sui,

191 4786 310 4847 debeat
333 4803 413 4862 esse,
436 4783 491 4844 sed
525 4783 795 4865 quandocumque
828 4803 956 4846 necesse
989 4782 1084 4846 fuerit
1115 4797 1145 4846 et
1170 4795 1388 4866 opportunum
1414 4784 1453 4846 de

192 4890 308 4952 eodem
334 4889 503 4971 privilegio
528 4889 620 4952 dictis
644 4889 752 4950 liberis
777 4889 914 4950 condam
939 4889 1148 4971 Sigismundi,
1174 4889 1233 4972 ipsi
1257 4888 1451 4951 tenebuntur

192 4996 372 5082 producere
396 4995 481 5060 idern
506 4995 712 5085 privilegium
737 5016 835 5086 penes
859 4996 1019 5084 predictos
1042 4996 1161 5064 liberos
1186 4995 1394 5079 Sigismundi.
