3678 5800
424 531 489 590 240
797 513 884 572 Anno
909 525 999 592 1435.
1023 549 1067 558 -
1089 528 1119 576 2.
1143 513 1318 590 septembris.

423 722 622 805 periuratos
645 724 728 786 dicte
752 724 889 786 civitatis
913 738 1083 807 propterea
1107 723 1256 788 detentus
1279 737 1310 787 et
1333 725 1535 808 aliquamdiu
1563 725 1597 788 in
1623 746 1687 788 car·

422 849 493 892 cere
518 829 616 911 ipsius
639 830 775 892 civitatis
805 843 912 894 tentus
940 845 971 893 et
1003 844 1208 894 conservatus
1234 830 1346 893 luisset
1376 843 1532 914 tanquam
1556 851 1632 894 reus
1655 845 1684 893 et

422 935 593 1018 culpabilis
617 937 648 998 in
674 935 732 999 hac
750 951 849 1020 parte,
873 949 905 1000 et
929 938 1077 1019 quamvis
1092 956 1151 1019 pro
1172 938 1242 1020 ipso
1267 936 1351 1000 lacto
1368 938 1568 1020 potenciario
1586 958 1687 1000 mem·

422 1046 515 1105 hrum
540 1063 596 1104 seu
630 1063 762 1106 manum
793 1063 884 1106 suam
908 1043 1040 1126 perdere
1072 1057 1103 1106 et
1138 1045 1284 1107 amittere
1316 1044 1477 1106 debuisset
1511 1044 1687 1127 Gregorius

423 1149 610 1232 Bogathych
642 1163 839 1233 prenotatus,
871 1163 978 1212 tamen
1011 1149 1062 1212 dei
1096 1149 1315 1213 misericordia
1339 1165 1370 1212 et
1401 1151 1561 1234 peticione
1586 1151 1685 1233 pluri·

421 1276 549 1318 morum
573 1256 716 1318 virorum
744 1256 980 1339 fidedignorum
1013 1276 1068 1338 pre
1100 1257 1203 1319 oculis
1226 1277 1283 1340 per
1307 1277 1365 1320 nos
1396 1271 1537 1340 accepta,
1562 1257 1685 1320 miseri·

422 1361 529 1424 cordia
554 1363 644 1440 moti,
668 1363 774 1424 eidem
799 1362 957 1444 Gregorio
986 1362 1174 1446 Bogathych
1207 1383 1302 1426 causa
1334 1363 1554 1426 misericordie
1578 1363 1632 1425 dei
1656 1376 1686 1424 et

422 1469 562 1551 ipsarum
586 1468 783 1551 peticionum
809 1468 969 1530 dictorum
997 1468 1234 1551 fidedignorum
1259 1470 1402 1532 virorum
1426 1471 1469 1532 ob
1493 1483 1684 1552 respectum,

420 1593 479 1656 pro
503 1575 666 1656 premissis
683 1573 774 1636 lactis
790 1575 854 1636 suis
876 1575 1056 1657 nephandis
1076 1575 1330 1638 misericordiam
1347 1591 1378 1638 et
1393 1578 1536 1658 graciam
1553 1576 1687 1639 fecimus

420 1681 604 1763 specialem,
629 1695 664 1742 ut
689 1681 755 1764 ipsa
780 1701 836 1742 sua
861 1679 942 1743 facta
974 1681 1116 1764 predicta
1148 1681 1320 1744 condoleat
1343 1696 1375 1744 et
1405 1683 1523 1744 similia
1547 1683 1600 1744 vel
1624 1683 1685 1744 alia

421 1785 502 1848 facta
527 1787 697 1868 nephanda
722 1787 856 1848 ulterius
881 1807 945 1848 non
978 1789 1169 1868 committat,
1202 1788 1308 1869 quisi
1339 1789 1474 1850 ulterius
1498 1789 1574 1850 talia
1598 1807 1684 1850 com·

421 1893 542 1955 miserit
566 1893 651 1974 juxta
675 1913 730 1956 sua
756 1893 910 1956 demerita
939 1913 1055 1975 penatn
1073 1913 1171 1976 quam
1196 1893 1390 1957 demeruerit
1413 1907 1640 1976 consequetur.

528 1993 604 2060 ltem
630 1999 706 2080 quia
729 1999 778 2060 vir
801 2000 954 2080 providus
980 1999 1103 2062 Blasius
1131 1999 1216 2062 lilius
1239 2000 1331 2062 Pauli
1362 2000 1437 2062 dicti
1463 1999 1628 2063 Charanth
1654 2013 1684 2061 et

421 2104 553 2166 honesta
579 2105 696 2166 mulier
728 2105 919 2186 Magdalene
951 2106 1043 2167 aliter
1074 2106 1190 2188 Magda
1219 2120 1343 2186 vocata,
1375 2127 1507 2170 consors
1540 2108 1683 2170 eiusdem

421 2211 519 2272 Blasii
554 2210 837 2290 Charanthowich,
869 2212 1016 2274 concives
1048 2213 1158 2291 nostri,
1186 2211 1218 2273 id
1243 2233 1317 2274 cum
1349 2212 1520 2275 sufficienti
1546 2227 1577 2275 et
1608 2212 1683 2276 fide·

420 2318 519 2398 digno
544 2333 725 2380 nostrorum
743 2319 925 2380 concivium
939 2318 1124 2380 testimonio
1142 2319 1173 2379 in
1191 2317 1266 2380 sede
1292 2333 1398 2381 nostra
1416 2319 1583 2400 judiciaria
1600 2321 1683 2380 clare

419 2438 451 2487 et
463 2425 582 2486 seriose
599 2425 850 2505 comprobarunt
866 2443 974 2486 coram
991 2425 1094 2502 nobis,
1113 2438 1148 2486 ut
1164 2425 1241 2486 dum
1258 2425 1390 2507 provida
1408 2425 1547 2488 condam
1565 2425 1679 2487 mulier

420 2532 520 2593 Elena
537 2546 658 2609 vocata,
676 2531 795 2593 relicta·
809 2531 946 2592 condam
963 2529 1083 2592 Cosme
1100 2529 1156 2592 filii
1182 2530 1292 2592 Filech
1310 2531 1398 2614 olym
1415 2531 1558 2594 concivis
1576 2545 1679 2593 nostra

419 2639 451 2700 in
482 2638 630 2700 extremis
661 2638 724 2698 vite
748 2657 804 2700 aue
834 2637 1021 2719 temporalis
1052 2637 1236 2715 laborasset,
1267 2649 1343 2699 tunc
1376 2637 1444 2718 ipsa
1475 2637 1677 2698 medietatem

419 2744 585 2806 cuiusdam
618 2743 746 2821 domus,
777 2742 880 2822 fundi,
912 2743 1032 2804 cellarii
1064 2757 1095 2804 et
1126 2741 1349 2804 hedificiorum
1381 2742 1523 2804 indicta
1557 2743 1680 2803 civitate

420 2850 502 2911 inter
519 2849 634 2912 domos
653 2849 784 2930 Georgii
802 2847 859 2911 lilii
877 2849 967 2911 Pauli
986 2847 1255 2911 Charanthowich
1273 2861 1304 2910 et
1321 2847 1449 2910 Thome
1467 2847 1507 2909 de
1525 2846 1679 2911 Grathsan

418 2957 524 3020 habite
549 2971 579 3020 et
603 2957 774 3034 existentis,
799 2975 896 3018 unam
920 2956 1040 3017 scilicet
1056 2969 1201 3036 quartam
1224 2955 1310 3018 curie
1334 2953 1367 3016 in
1391 2975 1424 3017 se
1448 2955 1676 3032 continentem,

419 3064 519 3147 ipsam
533 3063 707 3125 literatorie
732 3076 989 3140 concernentem,
1017 3080 1089 3122 cum
1106 3061 1171 3122 suis
1194 3060 1399 3144 pertinenciis
1422 3058 1553 3142 prelatis
1570 3060 1671 3121 Elasio

418 3183 448 3230 et
465 3170 655 3251 Magdalene
673 3189 728 3230 sue
753 3169 892 3230 consorti
907 3167 1046 3230 vendere
1064 3181 1094 3228 et
1107 3187 1164 3250 pro
1182 3167 1289 3230 anima
1312 3187 1368 3230 sua
1385 3167 1566 3250 expendere
1589 3167 1670 3247 lega·

417 3277 529 3352 visset;
554 3276 681 3337 vineam
713 3295 789 3336 vero
813 3293 904 3336 suam
932 3275 963 3336 in
994 3273 1154 3336 territorio
1185 3273 1321 3336 civitatis
1353 3272 1494 3356 predicte
1518 3272 1670 3352 habitam,

418 3382 552 3444 eandem
579 3381 714 3443 Elenam
738 3381 885 3442 similiter
908 3380 1082 3443 literatorie
1111 3393 1368 3458 concernentem,
1393 3399 1466 3442 cum
1491 3380 1556 3442 suis
1579 3378 1668 3462 perti·

417 3488 540 3550 nenciis
564 3503 594 3548 et
612 3487 802 3550 utilitatibus
826 3487 982 3548 universis
999 3486 1162 3548 Demetrio
1183 3485 1250 3548 filio
1267 3504 1326 3548 suo
1343 3505 1380 3546 er
1397 3485 1542 3568 predicto
1558 3485 1671 3548 Cosma

416 3609 583 3676 procreato
620 3593 775 3673 legittime
800 3606 831 3654 et
861 3593 1031 3674 progenito
1063 3593 1232 3674 legavisset
1258 3605 1289 3652 et
1321 3591 1493 3654 dimisisset
1516 3590 1583 3673 jure
1606 3609 1671 3672 per·

417 3699 546 3762 hennali
581 3699 826 3783 possidendam,
863 3699 1002 3780 ideoque
1038 3718 1096 3761 nos
1126 3697 1303 3780 predictam
1339 3697 1545 3760 medietatem
1577 3697 1670 3778 ipsius

386 3807 542 3884 domus,
567 3805 669 3882 fundi,
704 3805 824 3867 cellarii
857 3819 888 3868 et
923 3804 1164 3884 hedificiorum,
1199 3804 1388 3886 porcionem
1422 3805 1544 3867 scilicet
1573 3803 1661 3886 ipsius

416 3913 527 3991 Elene,
552 3933 648 3974 unam
667 3927 812 3993 quartam
830 3913 916 3973 curie
933 3912 965 3972 in
991 3931 1023 3972 se
1040 3911 1269 3990 continentem,
1287 3929 1361 3972 curn
1378 3911 1540 3993 premissis
1557 3907 1667 3971 cunctis

415 4021 481 4081 suis
505 4019 695 4080 utilitatibus
719 4032 750 4079 et
771 4017 976 4099 pertinenciis
992 4017 1169 4098 quibusvis,
1194 4015 1323 4099 prelatis
1340 4017 1448 4079 Blasio
1472 4015 1665 4080 Charantho·

415 4125 498 4187 wich
522 4139 553 4186 et
577 4125 767 4205 Magdalene
789 4145 844 4186 sue
872 4124 1009 4186 consorti
1036 4137 1201 4205 tamquam
1218 4123 1301 4184 veris
1325 4123 1553 4185 commissariis
1577 4122 1665 4204 ipsius

417 4231 516 4293 Elene
540 4231 709 4292 statuimus
734 4231 936 4292 vendendam
961 4243 992 4291 et
1015 4230 1114 4292 modo
1142 4229 1297 4311 premisso
1328 4248 1387 4311 pro
1411 4229 1520 4290 anima
1544 4247 1598 4289 sua
1620 4247 1666 4288 er·

415 4337 629 4419 pendendam,
649 4335 802 4419 prefatam
821 4349 927 4398 autern
945 4337 1072 4398 vineam
1090 4335 1232 4397 eiusdem
1250 4335 1350 4396 Elene
1363 4335 1509 4397 mulieris
1525 4353 1595 4398 curn
1612 4331 1668 4393 suis

416 4444 607 4510 utilitatibus
631 4457 662 4506 et
686 4443 891 4524 pertinenciis
915 4443 1081 4523 quibusvis
1104 4439 1227 4524 prelato
1251 4441 1416 4504 Demetrio
1440 4440 1508 4502 filio
1534 4440 1666 4502 eiusdem

416 4550 516 4616 Eleae
541 4565 571 4610 et
595 4570 651 4630 per
674 4569 748 4612 eum
773 4549 838 4610 suis
862 4549 1033 4610 heredibus
1064 4549 1233 4610 statuimus
1264 4561 1419 4630 perpetuo
1450 4546 1666 4629 possidendam

414 4669 445 4716 et
468 4656 775 4736 quomodocumque
800 4654 938 4716 voluerit
970 4653 1203 4737 disponendam
1232 4653 1319 4735 juxta
1349 4654 1574 4716 condicionem
1598 4651 1666 4714 civi·

413 4762 485 4832 tatis
509 4776 673 4843 prenotate
698 4762 738 4821 ab
764 4761 897 4842 antiquo
922 4761 1143 4842 approbatam.

523 4869 599 4928 ltem
625 4868 725 4928 Elena
750 4886 881 4928 consors
898 4866 1054 4947 legittima
1079 4865 1233 4927 iohannis
1250 4865 1402 4928 institoris
1427 4865 1541 4928 Croaci
1566 4877 1664 4926 contra

415 4973 591 5053 Georgium
616 4986 826 5053 purgatorem
855 4973 1037 5053 gladiorum
1064 4973 1168 5054 primo
1192 4971 1286 5034 citata
1310 4991 1375 5034 uon
1399 4971 1587 5055 comparuit.
