3876 5798
621 559 707 617 Anno
730 555 823 636 1446.
850 593 889 602 -
914 573 961 619 H.
985 560 1092 619 martr'i.
1433 581 1498 644 439

235 665 241 672 ψ
265 666 408 672 --—-.—
422 667 562 672 --—.
594 668 603 672 -
799 667 1161 673 --———-------—-—-
1179 669 1248 674 .—
1318 671 1365 680 φ,-

549 773 627 834 Item
652 770 777 832 Blasius
801 769 950 853 Irenipar.

549 881 628 944 Item
653 877 791 940 Michael
819 877 968 960 IrenIpar.

548 987 627 1049 Item
652 983 844 1048 Benedictus
869 984 987 1048 Bedek.

548 1095 627 1156 Item
651 1091 844 1155 Benedictus
868 1091 1095 1173 carpentarius.

547 1199 625 1262 Item
650 1198 775 1260 Blasius
799 1198 1026 1280 carpentarius.

547 1305 626 1368 Item
650 1303 832 1366 Anthonius
860 1302 1089 1388 Joffanowych.

547 1411 626 1474 Item
650 1411 779 1472 Paulus.

547 1518 625 1581 Item
649 1515 833 1579 Anthonius
856 1515 941 1578 fillus
966 1515 1109 1598 Georgii.

546 1623 625 1686 Item
649 1622 796 1706 Mathyas
819 1643 919 1704 gener
942 1622 1176 1706 Duymowych.

546 1729 624 1792 Item
650 1729 809 1811 Georgius
833 1727 1010 1813 Zydarych.

545 1835 624 1898 Item
649 1835 811 1898 lohannes
834 1834 933 1898 faber.

546 1942 623 2004 Item
649 1941 814 2004 Emericus
831 1941 921 2003 aliter
934 1941 1058 2002 Ztanlro
1076 1939 1175 2004 faber.

546 2048 623 2110 Item
650 2049 776 2110 Marcus
799 2046 883 2109 filius
909 2046 1050 2130 Gyuralr.

545 2152 622 2216 Item
653 2152 829 2235 Gregorius
850 2155 960 2237 Zaylro
982 2150 1174 2234 luciligulus.

545 2261 622 2323 Item
648 2259 823 2342 Gregorius
848 2259 1032 2344 Agychych.

336 2486 413 2548 Item
438 2486 579 2570 prelatus
603 2489 747 2552 Marinus
763 2489 796 2572 (l)
816 2489 911 2572 judex
934 2489 1119 2570 modernus,
1144 2509 1207 2551 una
1231 2507 1304 2550 cum
1329 2487 1438 2570 juratis
1461 2503 1492 2550 et

229 2593 420 2656 consiliariis
443 2595 632 2678 supradIctis
655 2615 728 2658 cum
754 2617 911 2660 consensu
936 2610 967 2660 et
998 2597 1142 2659 unanimi
1166 2596 1332 2658 voluntate
1356 2615 1391 2656 ac
1415 2614 1490 2656 con·

228 2699 337 2763 cordia
358 2715 454 2783 atque
478 2702 607 2766 decreto
630 2704 733 2765 tocius
757 2704 1007 2782 communitatis,
1031 2704 1140 2764 omnia
1171 2714 1286 2764 statuta
1311 2713 1342 2764 et
1365 2699 1491 2763 decreta

228 2807 327 2888 Ipsius
342 2808 446 2870 tocius
463 2811 702 2872 communitatis
730 2824 793 2872 tarn
820 2811 850 2871 In
869 2810 1008 2891 antiquis
1025 2829 1122 2892 quarn
1140 2809 1171 2870 in
1189 2807 1327 2891 presenti
1350 2808 1490 2869 laternis

230 2915 408 2998 conscripta
427 2929 458 2978 et
481 2930 630 2979 contenta
655 2937 690 2979 ac
707 2917 892 2998 consignata
915 2916 1022 2998 quoad
1050 2935 1163 2978 omnes
1186 2914 1354 2994 clausulas,
1372 2928 1489 2998 puncta

227 3035 258 3083 et
283 3021 433 3083 articulos
458 3023 644 3087 eorumdem
670 3037 859 3086 statutorum
885 3037 915 3085 et
940 3024 1139 3088 decretorum
1160 3041 1216 3105 per
1239 3034 1343 3084 totum
1367 3041 1487 3083 annum

226 3142 407 3210 presentem
432 3150 467 3191 ac
485 3131 636 3212 deinceps
660 3143 815 3213 perpetuo
839 3144 870 3192 et
895 3129 1143 3192 irrevocabiliter
1168 3129 1302 3191 valitura
1326 3142 1357 3191 et
1380 3130 1486 3191 obser·

226 3235 330 3298 venda
355 3235 593 3300 confirmarunt.

333 3341 410 3404 Item
444 3343 610 3404 EmerIcus
635 3341 723 3404 laber
746 3343 869 3405 Ztanko
906 3357 1037 3407 vocatus
1061 3357 1170 3406 contra
1194 3343 1358 3405 Vrbanum
1383 3341 1485 3406 filium

228 3447 380 3531 Symonis
404 3448 444 3510 de
469 3446 614 3512 Gradsan
640 3449 744 3531 primo
769 3450 882 3510 citatus
906 3469 970 3512 nou
1000 3449 1190 3532 comparuit.

330 3553 410 3614 Item
435 3553 580 3616 Thomas
607 3554 700 3617 ferrei
729 3556 841 3637 capitis
863 3554 1003 3639 Irenipar
1027 3570 1136 3618 contra
1164 3555 1327 3618 Thomarn
1352 3554 1486 3618 Cheden

226 3661 257 3722 in
277 3661 383 3742 primo
396 3659 516 3742 judicio
533 3662 678 3743 proxime
695 3663 872 3724 occurrenti
890 3682 997 3724 coram
1015 3663 1109 3724 nobis
1122 3663 1284 3724 tenebitur
1300 3681 1486 3744 comparere

224 3780 255 3828 et
278 3767 318 3826 ad
343 3767 506 3848 proposita
536 3767 636 3848 ipsius
661 3767 788 3830 Thorne
814 3767 947 3830 Cheden
966 3769 1082 3830 actoris
1102 3769 1262 3830 tenebitur
1278 3768 1484 3851 respondere.

332 3871 409 3932 Item
437 3871 530 3952 jurati
556 3873 819 3954 adjudicaverunt
842 3893 971 3936 causam
995 3874 1149 3936 Demetrii
1175 3873 1306 3935 cultoris
1330 3887 1361 3936 et
1385 3874 1484 3936 Elene

226 3977 371 4040 mulieris
396 3979 503 4041 uxoris
527 3979 655 4042 Thome
680 3979 868 4063 Grozynecz
892 3981 923 4042 in
949 3980 1034 4042 facto
1057 3981 1151 4042 unius
1168 3980 1338 4062 copertorii
1357 3981 1484 4063 kusynii

226 4085 331 4164 unius,
356 4098 391 4145 ut
415 4085 482 4167 Ipsa
515 4085 615 4147 Elena
647 4087 741 4148 tercia
775 4107 807 4147 se
832 4088 975 4170 personis
1006 4087 1065 4148 sibi
1097 4086 1255 4148 similibus
1282 4087 1384 4168 prIma
1408 4086 1485 4148 feria

224 4204 310 4253 sexta
336 4203 408 4272 post
432 4205 577 4254 octavam
604 4193 699 4254 Pasce
724 4193 856 4255 DomIni
889 4194 1050 4256 tenebitur
1081 4193 1185 4274 jurare
1208 4213 1303 4275 super
1327 4213 1365 4255 eo
1390 4212 1485 4275 super

223 4317 322 4376 aram,
346 4311 381 4359 ut
405 4298 472 4380 ipsa
497 4298 675 4380 predictum
702 4301 921 4382 kopertorIum
946 4301 1052 4362 kusIni
1076 4319 1142 4362 non
1165 4300 1380 4362 subtraxisset.

327 4404 404 4466 Item
430 4405 523 4486 jurati
548 4405 812 4486 adjudIcaverunt
835 4425 964 4468 causam
989 4405 1121 4468 infacto
1146 4406 1321 4468 reclusorio
1345 4405 1485 4470 fornacis

223 4507 327 4571 ferreo
353 4511 435 4573 inter
458 4510 665 4574 Valentinum
691 4511 791 4573 filiurn
817 4512 881 4574 Iwk
910 4513 1034 4594 pridem
1059 4512 1197 4593 juratum
1221 4525 1256 4574 ut
1289 4525 1428 4576 actorem
1454 4527 1485 4576 et

222 4617 304 4680 inter
336 4618 465 4681 Petrum
496 4619 635 4700 juratum
667 4618 768 4680 filiurn
802 4618 930 4681 Thome
964 4632 999 4679 ut
1026 4620 1058 4680 In
1091 4638 1218 4681 causam
1244 4633 1411 4682 attractum
1443 4640 1482 4682 eo

223 4723 332 4803 modo,
359 4737 393 4786 ut
417 4725 491 4806 quia
517 4725 576 4807 ipsi
601 4725 825 4787 concambium
846 4723 1018 4786 domorum
1036 4745 1146 4788 eorum
1172 4725 1254 4788 inter
1277 4746 1309 4787 se
1328 4724 1484 4806 lecerunt,

222 4829 296 4891 ideo
321 4831 427 4911 Ipsum
444 4830 653 4892 reclusorium
672 4829 809 4892 fornacis
827 4829 964 4893 lerreum
986 4851 1057 4892 cum
1077 4831 1175 4892 domo
1192 4844 1314 4894 murata
1331 4845 1362 4893 et
1378 4831 1481 4894 fundo

222 4936 322 5017 ipsius
346 4937 430 5000 Petri
463 4937 568 5017 jurati,
600 4956 662 5020 que
686 4937 791 4999 eidem
825 4937 856 4998 in
889 4937 1114 5000 concambium
1146 4938 1186 4998 ab
1217 4937 1287 5019 ipso
1311 4937 1483 5000 ValentIno

221 5041 325 5124 jurato
350 5042 489 5123 devenit,
502 5043 617 5107 eidem
635 5044 728 5105 Petro
752 5043 857 5126 jurato
874 5042 1066 5125 judicialiter
1082 5043 1347 5126 adjudicaverunt
1364 5044 1482 5106 debere
