3876 5798
344 499 408 580 384
741 499 828 558 Asso
851 512 942 576 1443.
969 533 1009 544 -
1033 511 1083 558 22.
1108 499 1218 557 martii.

341 710 456 774 furtive
472 731 537 773 non
561 723 754 794 asportasset
770 728 828 772 nec
849 708 1019 791 recepisset
1042 727 1100 772 nec
1117 709 1353 788 combussisset,
1373 707 1430 771 sed
1454 707 1486 769 in
1511 707 1605 772 totali

341 818 471 880 accione
495 817 638 900 ipsorum
670 815 786 898 judicis
818 828 850 879 et
876 814 969 896 jurati
1001 828 1145 878 actorum
1169 814 1290 877 scilicet
1322 813 1539 898 predictorum
1564 811 1604 874 sit

342 923 470 1008 penitus
495 923 644 986 innoxius
667 920 808 986 Juretich
832 921 1035 985 Benedictus.

447 1029 526 1090 ltem
550 1047 677 1091 causam
702 1029 784 1090 inter
815 1046 947 1090 uxorem
972 1027 1103 1111 Mathye
1129 1025 1357 1110 Milorethsych
1391 1039 1421 1088 et
1445 1026 1527 1091 inter
1552 1025 1605 1088 Jo-

342 1135 482 1199 hannem
504 1134 608 1198 filium
631 1135 786 1198 Johanuis
810 1134 912 1218 Bolye
936 1133 1077 1198 habitam
1108 1133 1374 1216 adjudicaverunt
1405 1133 1458 1196 tali
1492 1133 1603 1213 modo,

345 1255 380 1306 ut
404 1243 479 1325 quia
503 1243 569 1324 ipse
594 1241 756 1304 lohannes
780 1241 811 1303 in
837 1241 1036 1324 possessione
1061 1240 1166 1305 aliena
1189 1241 1306 1324 pignus
1329 1241 1389 1324 ipsi
1412 1241 1505 1303 uxori
1530 1239 1605 1304 dicti

343 1347 474 1432 Mathye
511 1346 740 1431 Milorethsych
772 1347 995 1430 potencialiter
1025 1348 1144 1430 recepit
1182 1361 1279 1430 prout
1312 1347 1380 1430 ipsa
1413 1346 1607 1410 sufficienter

343 1455 566 1537 comprobavit
588 1471 695 1516 coram
720 1453 840 1535 juratis,
865 1466 896 1515 et
916 1453 1021 1536 ipsum
1039 1453 1155 1536 pignus
1178 1453 1364 1536 recipiendo
1389 1454 1470 1516 circa
1494 1453 1535 1515 se'
1552 1473 1608 1536 per

342 1573 445 1623 certos
458 1559 526 1622 dies
542 1560 679 1623 detinuit
691 1571 723 1622 et
735 1560 817 1622 circa
830 1558 971 1640 judicem
988 1579 1053 1622 non
1066 1559 1256 1643 apportavit,
1270 1560 1343 1622 ideo
1360 1559 1426 1641 ipse
1444 1558 1607 1620 lohannes

342 1686 398 1750 per
423 1666 700 1749 adjudicacionem
725 1665 901 1748 juratorum
931 1665 1083 1728 remansit
1113 1667 1144 1727 in
1170 1665 1269 1749 dupla
1298 1665 1456 1748 potencia,
1482 1665 1514 1726 in
1539 1685 1602 1727 una

342 1786 452 1836 contra
478 1773 579 1856 ipsam
603 1791 736 1835 uxorem
754 1770 873 1836 Mathis
896 1771 1030 1854 predicti
1051 1784 1082 1835 et
1106 1772 1138 1834 in
1155 1771 1217 1834 alia
1234 1772 1382 1854 potencia
1407 1784 1517 1834 contra
1534 1791 1605 1853 pre·

344 1881 465 1942 dictum
490 1879 631 1962 judicem
649 1879 853 1957 modernum,
878 1897 976 1960 quam
992 1878 1175 1962 persolvere
1195 1892 1321 1941 tenetur
1337 1897 1438 1960 usque
1462 1877 1503 1942 ad
1521 1877 1606 1940 diem

343 1985 525 2068 juridicum.

453 2091 531 2156 Item
556 2093 631 2175 quia
657 2091 810 2156 Clemens
832 2089 916 2152 filius
943 2089 1163 2153 Bartholomei
1194 2089 1283 2152 faber
1307 2091 1347 2152 de
1371 2105 1479 2154 sancta
1505 2091 1607 2153 Eleus

347 2199 386 2260 de
410 2200 564 2283 pontibus
577 2199 822 2282 Lonzkymozty
837 2210 980 2276 vocatus,
997 2216 1069 2259 cum
1088 2197 1262 2259 Katherina
1286 2195 1351 2259 filia
1376 2198 1513 2260 condam
1532 2197 1608 2260 Bar·

345 2305 502 2368 tholomei
527 2305 641 2388 waar
657 2304 840 2387 nuperrime
857 2304 889 2364 in
906 2302 1076 2366 manifesto
1093 2303 1253 2366 adulterio
1271 2303 1462 2386 deprehensi
1480 2303 1609 2366 fuerunt

347 2433 384 2474 er
411 2433 428 2474 a
453 2425 551 2491 certo,
575 2412 649 2474 ideo
674 2411 804 2474 eosdem
828 2409 914 2492 juxta
946 2427 1058 2472 eorum
1083 2409 1238 2472 demerita
1269 2410 1308 2470 de
1333 2410 1461 2472 civitate
1486 2410 1609 2473 eteius

343 2519 503 2580 territorio
529 2518 665 2600 turpiter
688 2517 757 2578 cedi
790 2528 821 2578 et
844 2514 960 2598 expelli
993 2513 1128 2580 fecimus
1151 2515 1276 2598 justicia
1308 2529 1340 2578 et
1361 2515 1508 2578 libertate
1532 2516 1608 2580 civi·

343 2625 417 2686 tatis
441 2624 583 2706 predicte
615 2623 808 2705 requirente,
838 2621 1076 2686 committentes
1108 2621 1241 2701 eisdem,
1261 2635 1307 2683 ‚ut
1330 2621 1420 2683 si'de
1445 2635 1551 2685 cetero
1578 2635 1609 2683 et

344 2749 401 2812 per
427 2731 566 2812 amplius
583 2730 615 2796 in
639 2729 766 2792 civitate
789 2726 905 2790 eteius
924 2727 1084 2790 territorio
1102 2727 1299 2810 deprehendi
1324 2729 1474 2810 poterint,
1491 2746 1608 2810 penam

345 2856 442 2919 quam
466 2837 697 2906 demeruerunt
728 2846 965 2914 consequentur
996 2831 1109 2898 eadem
1130 2833 1266 2916 iusticia
1297 2847 1328 2897 et
1360 2833 1507 2897 libertate
1532 2834 1609 2896 civi·

345 2943 419 3006 tatis
442 2956 647 3026 exposcente.
1337 2943 1341 2950 '
1390 2962 1394 2966 ·

371 3159 467 3233 Feria
495 3169 595 3234 sexta
622 3164 777 3251 proxima
807 3171 885 3253 post
920 3163 1043 3235 festum
1071 3161 1161 3235 beuti
1190 3163 1358 3236 Benedicti
1379 3161 1523 3270 ¹abbatis
1552 3168 1585 3233 et

877 3287 1090 3360 confessoris.

868 3437 934 3519 (22.
958 3437 1089 3513 martt't').

456 3579 535 3646 ltem
552 3577 627 3660 quia
652 3577 764 3642 Petrus
781 3578 913 3640 maritus
929 3579 1106 3662 legittimus
1120 3580 1322 3663 Margarethe
1347 3579 1455 3642 relicte
1472 3579 1609 3642 condam

347 3685 516 3748 Laurencii
543 3683 705 3747 Czurman
734 3683 952 3748 testimonium
970 3685 1057 3766 quod
1083 3686 1115 3748 in
1140 3706 1234 3750 causa
1252 3685 1465 3768 percussionis
1491 3684 1610 3748 Katha-

346 3791 414 3853 rine
439 3791 546 3854 uxoris
570 3791 695 3854 Nicolai
719 3790 835 3854 literati
859 3789 963 3871 jurati,
988 3791 1072 3854 inter
1093 3792 1225 3856 eosdem
1250 3793 1422 3856 Nicolaum
1446 3793 1608 3856 literatum

347 3897 613 3962 etKatherinam
638 3916 729 3964 suam
752 3911 932 3959 consortem
958 3914 992 3958 ut
1021 3911 1154 3978 actores,
1178 3913 1209 3960 et
1242 3899 1453 3982 interipsum
1479 3899 1610 3962 Petrum

348 4016 383 4064 ut
408 4003 440 4064 in
462 4019 593 4066 causam
620 4015 799 4081 attractum,
824 4021 931 4066 coram
956 4004 1049 4065 nobis
1077 4005 1337 4087 motam‚pridie
1360 3993 1510 4068 videlicet
1533 4003 1611 4067 feria

347 4121 433 4171 sexta
458 4109 605 4190 proxima
630 4121 701 4191 post
725 4106 840 4170 festum
865 4109 949 4170 beati
967 4107 1116 4190 Gregorii
1140 4131 1223 4193 pape
1247 4125 1278 4173 et
1302 4110 1442 4174 doctoris
1465 4111 1611 4193 proxime

348 4215 467 4298 elapsa,
493 4234 600 4278 coram
627 4214 736 4292 juratis
765 4215 880 4276 nostris
911 4216 1075 4277 modernis
1105 4229 1271 4298 tamquam
1303 4217 1482 4294 justiciariis
1512 4217 1612 4300 ipsius

348 4341 441 4384 cause
466 4340 530 4382 non
554 4321 718 4403 produxit,
756 4335 851 4403 prout
882 4321 1060 4404 producere
1092 4323 1229 4386 debebat
1260 4343 1324 4386 non
1350 4311 1511 4406 produxit,
1536 4323 1610 4386 ideo

349 4428 453 4509 ipsum
480 4426 599 4490 factum
624 4440 655 4488 et
679 4427 779 4510 ipsam
805 4446 944 4506 causam,
968 4427 1056 4510 quod
1074 4429 1159 4494 idem
1184 4429 1296 4493 Petrus
1312 4449 1408 4512 super
1431 4429 1508 4512 ipsis
1524 4443 1611 4491 acto·

348 4533 436 4595 ribus
457 4533 645 4596 nominavit
659 4547 690 4595 et
706 4535 958 4616 prosequebatur
981 4535 1097 4614 amisit,
1121 4536 1154 4597 in
1175 4535 1246 4617 ipsa
1279 4549 1385 4598 autem
1411 4534 1609 4600 causadicte'

349 4640 561 4722 percussionis
585 4639 685 4722 ipsius
710 4639 883 4702 Katherine
908 4640 1016 4702 uxoris
1051 4641 1126 4704 dicti
1153 4641 1276 4706 Nicolai
1301 4640 1397 4722 jurati
1420 4641 1612 4706 literatius-

350 4745 467 4807 mansit
480 4745 631 4806 convicus
642 4745 754 4808 ordine
769 4744 846 4827 juris
862 4747 1044 4827 requirente
1058 4768 1114 4830 per
1130 4747 1408 4829 adjudicacionem
1422 4747 1611 4830 juratorum.

457 4851 534 4914 ltem
559 4852 634 4934 quia
659 4853 761 4914 Elena
786 4853 895 4918 relicta
920 4853 1059 4920 condam
1075 4855 1331 4928 Anthoniidicti
1356 4855 1612 4919 Mozlaueczsu·

350 4958 439 5036 toris,
474 4959 616 5024 concivis
644 4973 770 5038 nostra,
802 4958 833 5020 id
866 4977 938 5020 cum
971 4957 1140 5024 sufficienti
1172 4975 1203 5022 et
1233 4959 1397 5046 fidedigpo
1428 4975 1612 5026 nostrorum
