3734 5796
408 517 471 582 3¹4
816 501 904 558 Anno
926 514 1019 578 1439.
1043 534 1083 544 -
1108 514 1158 560 ro.
1174 501 1258 576 julii.

406 603 1669 614 -——-———-——--————--—-—-——-——-———-—

443 717 538 790 Faria
568 727 665 790 sexta
694 723 848 810 proxima
877 727 955 792 ante
983 721 1105 792 testum
1133 721 1230 792 beate
1258 719 1472 810 Margarethe
1502 719 1646 805 virginis

851 853 884 916 et
912 847 1067 918 martiris
1096 843 1231 917 Christi.

947 997 1014 1077 (ιο.
1030 996 1131 1080 julii).

514 1139 592 1202 Item
620 1139 758 1202 Michael
784 1153 871 1202 sutor
901 1159 1000 1221 gener
1024 1140 1186 1202 Dominici
1220 1140 1296 1200 dicti
1323 1140 1431 1221 Popek
1467 1158 1523 1222 per
1547 1137 1671 1218 adjudi-

409 1246 572 1308 cacionem
597 1246 774 1328 juratorum
799 1261 887 1308 sexto
904 1267 936 1306 se
954 1247 1098 1328 personis
1115 1247 1175 1308 sibi
1199 1246 1358 1308 similibus
1382 1247 1414 1308 in
1433 1245 1568 1308 ecclesia
1586 1243 1670 1306 besti

410 1354 508 1415 Marci
530 1353 735 1434 ewangeliste
759 1373 856 1436 super
880 1372 967 1414 aram
992 1351 1070 1416 feria
1100 1353 1199 1416 tercia
1224 1354 1369 1435 proxime
1402 1351 1539 1414 affutura
1563 1363 1672 1412 contra

409 1459 589 1522 lohannem
614 1461 653 1522 de
677 1461 747 1522 vico
767 1461 955 1522 Latinorum
981 1458 1083 1520 filium
1101 1459 1192 1520 Ducb
1216 1473 1321 1520 sextus
1339 1459 1523 1539 conjurator
1547 1471 1594 1518 est
1610 1455 1671 1516 sibi

408 1568 546 1646 sangwis
569 1587 665 1648 super
688 1587 738 1646 eo,
764 1581 799 1628 ut
825 1568 891 1649 ipse
916 1565 1077 1628 lohannes
1105 1564 1263 1648 prefatum
1289 1566 1481 1630 Michaelem
1505 1584 1607 1646 usque
1631 1561 1672 1623 ad

408 1673 572 1753 sanguinis
596 1671 784 1734 effusionem
810 1693 865 1756 per
888 1671 1026 1734 frontem
1051 1687 1196 1754 ternpore
1229 1687 1413 1754 treugarum
1437 1671 1592 1754 percussit
1615 1686 1671 1730 seu

409 1779 568 1856 mactavit,
593 1793 624 1841 et
647 1779 725 1841 dum
750 1781 855 1862 ipsum
880 1779 1094 1860 juramentum
1127 1780 1298 1861 prestiterit
1330 1780 1397 1861 ipse
1423 1778 1572 1856 Michael,
1597 1791 1672 1838 tunc

409 1883 549 1966 prefatus
575 1884 738 1948 lohannes
762 1887 820 1969 ipsi
847 1885 995 1947 Michaeli
1021 1906 1078 1968 pro
1103 1887 1235 1948 vulnere
1263 1900 1294 1948 et
1317 1886 1473 1966 sanguine
1497 1903 1557 1946 suo
1581 1885 1669 1946 satis·

409 1989 586 2054 {accionem
613 1992 717 2054 facere
742 1993 857 2054 debeat
884 1994 916 2054 in
949 1993 1087 2055 termino
1118 1993 1255 2074 juridico
1280 2013 1376 2076 penes
1407 1993 1588 2055 libertatem
1614 2011 1670 2052 no-

408 2111 504 2160 stram
540 2113 570 2160 et
605 2099 645 2162 de
680 2100 859 2162 violacione
894 2113 1078 2180 treugarum
1117 2101 1339 2162 communitati
1375 2119 1449 2162 mox
1484 2097 1665 2161 satisfacere

409 2206 549 2268 debebit.

515 2314 593 2376 Item
618 2314 693 2395 quia
710 2314 769 2376 viri
791 2314 915 2397 providi
940 2315 1139 2394 Augustinus
1154 2313 1240 2376 filius
1263 2313 1353 2377 Pauli
1371 2328 1403 2376 et
1418 2313 1572 2375 Nicolaus
1588 2312 1669 2374 auri·

410 2419 498 2483 faber
522 2420 607 2484 filius
631 2422 715 2483 Petri
749 2423 873 2504 pridem
905 2422 1008 2502 jurati,
1034 2423 1245 2504 concivesque
1278 2423 1388 2500 nostri,
1420 2421 1452 2482 id
1477 2419 1671 2482 sufficienter

410 2541 440 2588 et
466 2527 628 2610 fidedigne
654 2549 761 2592 coram
787 2531 881 2592 nobis
912 2531 943 2591 in
976 2529 1095 2610 judicio
1127 2530 1211 2592 clare
1243 2530 1502 2612 comprobarunt,
1528 2544 1563 2588 ur
1595 2527 1669 2587 dum

410 2633 564 2714 providus
588 2635 725 2696 condem
751 2637 799 2698 vir
823 2636 908 2698 lwan
926 2635 1010 2698 filius
1034 2636 1200 2698 Michaelis
1223 2636 1325 2698 dictus
1349 2635 1557 2714 Jacornelow,
1585 2633 1670 2716 olym

410 2742 551 2803 concivis
576 2757 694 2822 noster,
711 2744 743 2805 in
768 2745 915 2805 extremis
940 2744 1003 2805 vite
1027 2764 1083 2804 sue
1099 2744 1286 2825 temporalis
1302 2743 1486 2818 laborasset,
1511 2755 1588 2801 tunc
1606 2741 1668 2820 ipse

410 2850 550 2933 prefatos
574 2851 791 2931 Augustinum
814 2865 846 2914 et
869 2851 1038 2912 Nicolaum
1072 2851 1200 2930 juratos,
1224 2869 1299 2910 suos
1322 2869 1414 2910 veros
1437 2861 1469 2910 et
1492 2847 1666 2928 legittimos

410 2960 646 3022 commissarios
677 2972 708 3019 et
739 2972 924 3020 executores
954 2957 1100 3019 omnium
1138 2977 1243 3018 rerum
1276 2971 1307 3019 et
1342 2958 1502 3017 bonorum
1539 2971 1668 3014 suorum

411 3067 526 3148 quovis
549 3066 690 3128 nominis
712 3067 873 3128 vocabulo
896 3065 1146 3127 vocacitatorum
1179 3066 1209 3126 in
1235 3064 1318 3126 dicta
1341 3063 1462 3125 scilicet
1488 3061 1616 3123 civitate
1640 3072 1669 3119 et

410 3175 479 3236 eius
502 3174 663 3235 territorio
694 3173 875 3235 habitorum
909 3187 940 3234 et
971 3172 1191 3247 existencium,
1224 3185 1289 3232 tam
1316 3170 1466 3232 videlicet
1500 3167 1669 3243 mobilium

410 3299 508 3361 quarn
534 3279 739 3341 inmobilium
764 3280 979 3342 constituisset
1007 3280 1201 3340 verbotenus
1225 3291 1256 3339 et
1287 3277 1468 3354 dimisisset,
1493 3289 1525 3338 et
1550 3274 1667 3336 eisdem

410 3387 475 3448 suis
500 3387 725 3448 commissariis
749 3387 911 3468 quandam
936 3386 1068 3446 domum
1098 3404 1189 3446 suam
1213 3385 1353 3464 ligneam
1378 3385 1410 3444 in
1435 3383 1518 3444 dicta
1544 3381 1667 3443 civitate

410 3493 551 3554 habitam
584 3514 621 3555 ac
651 3495 778 3566 vineam
817 3513 906 3554 suam
939 3493 1141 3574 propiorem,
1173 3511 1231 3552 nec
1264 3509 1328 3552 non
1361 3490 1523 3572 quandam
1557 3504 1669 3550 terram

410 3619 500 3661 suam
518 3601 670 3661 arabilem
689 3601 720 3661 in
745 3600 940 3663 Cirkwische
958 3599 1043 3680 juxta
1068 3611 1216 3660 contenta
1234 3597 1397 3659 literarum
1423 3595 1671 3678 privilegialium

410 3707 547 3768 civitatis
570 3705 689 3788 prefate
714 3728 772 3789 pro
796 3721 883 3788 parte
907 3707 955 3768 sui
980 3705 1151 3787 superinde
1180 3703 1408 3782 confectarum,
1434 3703 1522 3781 sitas,
1548 3701 1669 3764 eisdem

411 3814 638 3875 commissariis
661 3829 691 3874 et
716 3815 939 3877 executoribus
965 3813 1104 3874 vendere
1129 3825 1160 3874 et
1189 3831 1247 3894 pro
1271 3811 1378 3872 anima
1410 3811 1511 3891 ipsius
1543 3807 1666 3888 elargiri

412 3933 441 3980 et
458 3919 604 3980 distribui
623 3920 790 4001 legavisset
814 3935 845 3982 et
869 3919 1125 3997 recommisisset,
1144 3919 1282 4000 ideoque
1298 3937 1357 3979 nos
1374 3917 1536 3999 predictos
1553 3915 1667 3976 scilicet

412 4026 628 4105 Augustinum
646 4041 676 4087 et
694 4028 862 4089 Nicolaum
881 4028 1009 4108 juratos,
1026 4045 1118 4086 veros
1142 4039 1172 4086 et
1188 4025 1363 4106 legittimus
1380 4021 1618 4084 commissarios
1641 4031 1670 4079 et

412 4147 596 4192 executores
614 4133 772 4194 dictorum
787 4135 933 4195 omnium
945 4136 1104 4194 bonorum
1119 4145 1149 4193 et
1166 4151 1271 4192 rerum
1289 4131 1388 4212 ipsius
1401 4129 1499 4190 iwani
1513 4126 1667 4191 testatoris

412 4240 636 4300 constituimus
661 4254 691 4301 et
715 4241 835 4302 eisdem
861 4241 900 4301 de
926 4239 1054 4322 prefatis
1085 4239 1340 4320 possessionibus
1365 4257 1401 4298 ac
1424 4237 1496 4296 aliis
1520 4234 1666 4296 omnibus

412 4347 507 4406 rebus
530 4361 560 4406 et
585 4347 677 4407 bonis
702 4348 800 4428 ipsius
824 4348 968 4410 eiusdem
993 4346 1089 4407 iwani
1120 4345 1277 4406 testatoris
1308 4343 1393 4424 juxta
1418 4343 1619 4422 legacionem
1642 4351 1670 4400 et

412 4453 672 4514 commissionem
697 4474 786 4515 suarn
812 4455 981 4516 statuimus
1003 4467 1035 4515 et
1058 4452 1278 4514 commisimus
1302 4449 1437 4511 fideliter
1456 4461 1488 4509 et
1512 4447 1670 4509 conscien-

414 4561 498 4621 ciose
524 4561 726 4641 disponendi.

519 4667 596 4728 ltem
630 4668 704 4748 quia
737 4669 838 4729 eciam
871 4667 1032 4728 lohannes
1071 4665 1154 4726 filius
1185 4663 1324 4726 condam
1356 4661 1524 4724 Jacomelli
1560 4658 1671 4734 Latini,

413 4775 501 4857 olym
534 4775 627 4852 jurati
660 4789 690 4836 er
722 4775 862 4836 concivis
894 4773 1004 4851 nostri,
1036 4786 1144 4834 noster
1175 4769 1322 4832 similiter
1353 4769 1505 4844 concivis,
1537 4767 1569 4828 in
1601 4765 1670 4826 sede

415 4895 521 4944 nostra
547 4881 711 4962 judiciaria
740 4881 771 4941 id
805 4900 877 4941 cunr
911 4879 1080 4941 sufficienti
1113 4891 1143 4939 et
1167 4875 1331 4958 fidedigno
1363 4889 1546 4937 nostrorum
1571 4871 1671 4934 conci·

415 4990 503 5050 vium
527 4988 713 5049 testimonio
738 4988 819 5048 clare
853 4986 1074 5068 comprobavit
1106 5004 1213 5046 coram
1238 4984 1341 5061 nobis,
1366 4995 1401 5045 ut
1431 4982 1508 5043 dum
1534 4979 1669 5064 prelatus
