3740 5810
394 573 436 634 74
776 555 974 631 Anno1419.
1002 588 1041 597 —
1067 568 1113 614 11.
1137 557 1276 628 ausgusti.

392 768 553 851 premissis
578 768 750 846 habuisset,
775 781 806 830 et
830 767 960 848 quando
985 766 1170 851 deposuerit
1186 767 1414 850 juramentum,
1438 780 1513 828 tunc
1537 765 1652 828 Valen-

393 875 479 936 tinus
503 873 633 938 debebit
656 875 715 937 sibi
740 873 930 938 satisfacere.

397 1073 491 1149 Feria
530 1085 628 1150 sexta
664 1081 817 1167 proxima
845 1085 921 1166 post
949 1076 1158 1149 {mancionis
1187 1079 1341 1166 corporis
1369 1077 1459 1148 beati
1478 1077 1635 1165 Stephani

894 1203 1157 1291 protomartiris.

912 1370 958 1451 (4.
989 1370 1131 1448 augente).

497 1529 573 1592 Item
602 1530 782 1612 Stephanus
806 1529 891 1592 filius
924 1530 1103 1594 Ocztouich
1136 1532 1233 1594 debet
1255 1531 1358 1616 jurare
1390 1544 1503 1594 octavo
1528 1532 1581 1595 die
1603 1554 1652 1595 se·

390 1636 590 1716 cundusmet,
614 1637 702 1718 quod
727 1638 882 1700 Martinus
903 1638 1006 1700 dictus
1032 1638 1201 1701 Chernech
1218 1651 1412 1701 cruentasset
1438 1659 1512 1701 eum
1537 1641 1653 1702 acriter

390 1743 585 1824 percuciens.

495 1849 572 1911 item
596 1850 754 1911 Martinus
777 1849 880 1911 dictus
904 1850 1083 1929 Chernech,
1103 1850 1367 1912 Bartholomeum
1394 1864 1425 1914 et
1449 1851 1652 1914 Anthonium

390 1955 578 2017 Pikuthcich
603 1969 634 2018 et
665 1957 845 2018 Barnabam
878 1955 1057 2018 Ocztouich
1089 1958 1191 2040 prima
1224 1958 1379 2019 citacione
1404 1959 1512 2020 citavit
1536 1971 1568 2020 et
1592 1959 1652 2040 ipsi

390 2079 454 2121 non
479 2075 738 2142 comparuerunt.

496 2166 573 2228 Item
597 2166 692 2248 judex
717 2167 901 2230 Anthonius
933 2169 1041 2231 citavit
1071 2169 1250 2231 iohannem
1284 2169 1405 2232 dictum
1430 2170 1551 2250 Plusar,
1585 2172 1652 2253 ipse

389 2287 497 2334 autem
522 2274 642 2356 recepit
665 2273 724 2335 sibi
749 2287 898 2336 octavum
923 2276 1010 2338 diem
1034 2275 1074 2336 ad
1099 2275 1370 2358 respondendum.

497 2377 574 2440 Item
599 2379 759 2462 Georgius
775 2381 974 2462 Forgachich
998 2394 1108 2444 contra
1126 2382 1326 2464 Stephanum
1347 2397 1488 2444 sutorem
1506 2383 1652 2444 secundo

391 2485 504 2546 citatus
528 2505 592 2547 non
618 2488 806 2568 comparuit.
964 2555 967 2562 ,

495 2592 573 2654 item
598 2594 755 2656 Mikusius
779 2595 928 2677 deposuit
952 2595 1167 2671 iuramentum
1199 2608 1309 2657 contra
1334 2595 1477 2656 Blasium
1501 2614 1652 2677 procura-

388 2711 490 2760 torem
507 2699 725 2780 Santhiniche‚
739 2701 827 2782 quod
845 2703 877 2763 in
894 2703 985 2764 nullo
998 2703 1059 2763 sibi
1081 2703 1258 2784 dampnum
1276 2701 1400 2764 fecisset
1417 2703 1457 2765 de
1474 2701 1557 2764 facto
1571 2703 1651 2764 vini.

441 2918 537 2994 Faria
565 2931 663 2994 sexta
691 2926 846 3012 proxima
865 2931 942 2996 ante
962 2923 1083 2995 festum
1112 2923 1201 2995 beati
1226 2923 1401 2998 Laurencii
1430 2925 1595 2995 martiris.

911 3079 973 3155 (Π.
996 3079 1138 3152 augusti).

494 3215 572 3278 item
597 3215 714 3278 Malich
740 3229 849 3278 contra
874 3217 1086 3280 Benedictum
1111 3218 1184 3280 Dile
1207 3218 1313 3299 primo
1337 3219 1451 3280 citatus
1472 3237 1537 3279 non
1561 3237 1651 3280 com·

388 3322 503 3404 paruit.

495 3428 573 3490 Item
597 3448 691 3490 causa
716 3429 798 3491 inter
822 3429 1024 3492 Anthonium
1054 3444 1208 3492 sartorem
1237 3444 1268 3494 et
1298 3431 1441 3493 relictam
1466 3431 1595 3515 Mathey
1618 3445 1652 3492 et

387 3535 456 3596 eius
479 3533 578 3596 filiam
604 3547 729 3616 recepta
753 3551 799 3596 est
823 3536 864 3598 ad
888 3537 1029 3618 primum
1058 3536 1223 3617 judicium.

492 3641 570 3704 Item
595 3641 747 3704 Clemens
771 3643 897 3704 institor
918 3656 1029 3706 contra
1053 3645 1233 3707 Johannem
1260 3643 1456 3706 Terbinzeth
1482 3644 1586 3725 primo
1603 3646 1650 3706 ci·

387 3760 470 3808 tatus
495 3767 559 3809 non
588 3749 777 3830 comparuit.

493 3854 571 3916 Item
596 3854 777 3937 Stephanus
800 3868 889 3917 sutor
905 3869 1019 3917 octavo
1044 3855 1095 3917 die
1119 3855 1280 3918 tenebitur
1297 3855 1329 3917 in
1347 3875 1385 3917 eo
1409 3869 1547 3938 prestare
1565 3855 1650 3936 jura·

387 3975 542 4040 mentum,
561 3962 649 4042 quod
667 3960 827 4042 Georgius
850 3961 1049 4043 Forgachich
1065 3963 1221 4024 concessit
1237 3982 1290 4023 sex
1307 3982 1420 4044 pensas
1441 3962 1650 4024 denariorum

387 4082 418 4129 et
442 4080 565 4149 septem
590 4067 749 4146 denarios,
775 4087 839 4149 quo
863 4081 1004 4150 peracto,
1029 4068 1115 4130 idem
1133 4068 1293 4151 Georgius
1317 4069 1467 4131 denarios
1484 4089 1573 4131 more
1596 4089 1649 4131 so-

386 4173 443 4235 lito
468 4173 574 4235 eidem
599 4173 763 4255 Stephano
787 4174 947 4235 tenebitur
968 4174 1104 4238 solvere.

493 4279 572 4341 Item
597 4278 757 4361 Georgius
782 4299 873 4341 cecus
889 4300 963 4341 cum
980 4279 1149 4343 sufficienti
1171 4283 1355 4344 testimonio
1372 4294 1555 4344 nostrorum
1572 4301 1649 4342 con-

388 4385 507 4446 civium
540 4385 772 4466 comprobavit,
807 4385 894 4466 quod
927 4387 1012 4448 idem
1044 4386 1203 4466 Georgius
1231 4389 1331 4450 Elene
1364 4388 1471 4450 relicte
1497 4386 1649 4448 Zuhodol

386 4492 474 4554 dedit
498 4492 608 4553 vinum
633 4511 691 4573 pro
716 4492 902 4573 quindecim
927 4494 1034 4575 pensis
1050 4494 1255 4556 denariorum
1281 4509 1312 4557 et
1337 4495 1522 4576 quindecim
1548 4494 1649 4556 dena·

385 4599 440 4659 riis
463 4598 577 4678 taliter,
604 4611 636 4659 ut
661 4599 727 4680 ipsa
752 4599 791 4658 de
817 4599 908 4660 vinea
933 4619 989 4660 sua
1014 4601 1046 4660 in
1067 4601 1215 4682 proximo
1239 4601 1388 4662 habendo
1413 4614 1519 4662 musto
1545 4602 1648 4682 ipsam

386 4723 568 4786 sumpmam
592 4705 728 4786 pecunie
753 4705 912 4766 tenebitur
935 4706 1057 4766 solvere
1084 4705 1226 4788 Georgio
1254 4721 1432 4789 prenotato

492 4810 570 4870 Item
595 4809 687 4890 jurati
713 4810 947 4892 adjudicarunt,
972 4812 1059 4893 quod
1086 4814 1159 4894 quia
1189 4813 1305 4875 mulier
1329 4814 1420 4876 Petra
1445 4812 1647 4875 furticinium

388 4915 517 4992 fecerat,
543 4916 616 4977 ideo
639 4917 733 4979 debet
758 4916 830 4978 duci
855 4920 913 4979 sub
942 4919 1053 4980 eculeo
1086 4932 1116 4981 et
1139 4919 1216 5002 pelli
1248 4919 1363 4982 debeat
1387 4920 1427 4982 de
1450 4919 1589 4997 civitate,
1615 4935 1649 4983 et

386 5022 525 5103 amplius
548 5023 745 5084 territorium
771 5036 913 5084 nostrum
939 5025 1055 5086 intrare
1081 5045 1144 5086 non
1170 5025 1294 5088 debeat.
