3678 5800
547 546 634 603 Anno
654 541 739 623 1436
768 577 808 588 -
833 555 881 621 27.
898 546 1050 620 januarii.
1373 564 1437 629 247

172 757 272 818 dubio
297 758 366 819 sine
390 758 498 834 omni;
515 757 667 837 idemque
692 757 791 818 eciam
812 757 1008 819 Laurencius
1025 757 1129 840 ipsum
1143 757 1263 821 lurtum
1287 771 1318 820 et
1334 759 1437 822 dictas

170 883 245 924 suas
269 863 413 925 malicias
436 863 523 924 aolus
547 882 642 944 super
664 883 697 924 se
721 861 822 924 lassus
846 879 892 926 est
923 863 1051 946 publice
1076 877 1107 925 et
1131 863 1299 927 manifeste
1328 885 1436 928 coram

170 969 265 1030 nobis
290 981 319 1030 et
342 983 411 1030 toto
435 967 499 1030 fere
524 969 657 1051 populo,
678 969 817 1050 ideoque
841 969 1018 1051 judicantes
1035 971 1079 1032 sic
1104 971 1314 1033 decreverunt
1339 971 1432 1048 jurati

168 1076 340 1157 prenotati,
363 1089 398 1138 ut
430 1075 497 1157 ipse
528 1075 722 1136 laurencius
753 1095 812 1157 pro
843 1075 994 1157 predictis
1022 1077 1088 1138 suis
1119 1077 1254 1138 maliciia
1284 1091 1315 1139 et
1347 1075 1433 1140 furtu

169 1201 287 1263 penam
313 1181 448 1263 patibuli
471 1195 502 1242 et
524 1181 719 1264 supplicium
753 1181 864 1244 mortia
888 1182 1066 1264 patibulare
1099 1183 1214 1246 debeat
1237 1183 1301 1266 pati
1327 1197 1359 1246 et
1382 1205 1433 1246 su-

170 1289 284 1370 spendi
311 1308 384 1352 mox
407 1289 496 1350 omni
519 1289 587 1349 sine
611 1288 756 1350 remedio
788 1302 819 1350 et
849 1289 1101 1371 prorogacione;
1132 1288 1292 1370 Georgius
1324 1303 1431 1353 autem

171 1395 277 1456 socius
301 1415 376 1456 suus
400 1391 485 1456 filius
518 1395 616 1456 Marci
641 1394 681 1456 de
713 1393 911 1456 Goriczancz
943 1394 982 1456 de
1014 1414 1114 1476 prope
1146 1409 1290 1456 sanctum
1316 1395 1430 1458 Deme·

171 1502 280 1580 trium,
305 1502 380 1582 quia
405 1501 505 1562 eciam
538 1500 570 1562 in
603 1500 719 1562 minori
751 1499 837 1561 lurtu
862 1514 892 1562 et
915 1500 1044 1562 malicia
1075 1513 1241 1584 reppertus
1265 1515 1311 1564 est
1335 1503 1434 1564 modo

170 1621 201 1670 et
225 1627 290 1669 non
316 1607 404 1686 alias,
429 1619 524 1689 prout
541 1606 676 1669 inveniri
694 1606 799 1688 potuit
815 1619 846 1668 et
868 1619 964 1690 prout
988 1607 1066 1669 socii
1090 1607 1139 1669 sui
1156 1623 1231 1671 sunt
1246 1607 1320 1670 fassi
1337 1628 1432 1691 super

169 1735 255 1794 eum,
272 1715 412 1796 ideoque
430 1714 529 1776 eciam
548 1713 606 1796 ipsi
625 1713 718 1794 jurati
738 1715 782 1774 sic
798 1732 856 1795 pro
874 1713 989 1775 eodem
1009 1713 1151 1795 Georgio
1168 1713 1434 1796 adjudicaverunt

170 1821 389 1899 decernentes,
414 1835 448 1882 ut
472 1821 537 1903 ipae
564 1819 722 1901 Georgius
753 1834 884 1902 propter
914 1820 1018 1882 scelus
1041 1833 1072 1882 et
1103 1834 1224 1883 reatum
1250 1841 1345 1884 auum
1369 1823 1432 1904 pri-

168 1929 308 1990 marium
332 1928 453 1990 dictum
486 1926 699 1988 Laurencium
730 1947 786 1988 seu
819 1927 956 1988 Lowrek
985 1940 1151 2010 tamquam
1183 1929 1433 2011 exemplatorem

167 2054 223 2097 seu
256 2033 497 2097 informatorem
529 2053 623 2096 suum
655 2033 777 2096 malum
808 2033 848 2094 ad
880 2035 1063 2116 patibulum
1096 2054 1268 2097 commune
1301 2035 1432 2118 alligare

167 2141 293 2221 debeat,
319 2140 413 2204 etde
444 2140 570 2202 civitate
601 2159 637 2201 ac
668 2140 736 2200 eius
766 2140 927 2202 territorio
959 2139 1087 2202 exulare
1112 2153 1143 2203 et
1175 2141 1292 2224 expelli
1316 2141 1433 2204 debeat

166 2268 225 2330 pro
251 2249 322 2330 ipso
346 2261 435 2308 reatu
460 2259 491 2308 et
518 2246 635 2308 scelere
667 2265 726 2308 suo
750 2247 806 2326 sic,
838 2245 926 2328 quod
951 2246 1084 2308 ulterius
1114 2265 1282 2329 nunquam
1314 2247 1431 2310 audeat

165 2355 204 2415 ad
227 2354 389 2416 civitatem
421 2366 452 2415 et
483 2353 551 2414 eius
581 2352 778 2414 territorium
809 2352 926 2414 intrare
959 2351 1058 2414 modo
1090 2352 1235 2434 aliquali,
1259 2353 1314 2434 qui
1339 2353 1364 2414 si
1390 2354 1430 2416 de

168 2473 275 2521 cetero
300 2473 331 2522 et
354 2479 410 2542 per
426 2459 565 2541 amplius
581 2459 614 2520 in
631 2458 758 2520 civitate
783 2471 814 2520 et
830 2458 898 2519 eius
914 2458 1074 2521 territorio
1092 2457 1310 2540 deprehensus
1326 2457 1432 2539 luerit,

166 2585 241 2627 mox
265 2565 351 2646 juxta
378 2585 435 2627 aua
459 2564 613 2626 demerita
637 2583 753 2646 penam
779 2577 809 2626 et
840 2563 1035 2646 supplicium
1067 2583 1164 2645 quam
1188 2565 1238 2625 vel
1263 2565 1352 2646 quod
1377 2565 1431 2627 de·

167 2672 319 2734 meruerit
343 2691 417 2732 mox
442 2683 657 2752 consequetur
680 2671 765 2752 juxta
789 2670 895 2750 legem
913 2681 944 2732 et
967 2670 1148 2733 libertatem
1173 2683 1315 2732 nostram
1339 2671 1431 2732 nullo

166 2778 226 2839 sibi
251 2777 395 2840 remedio
420 2775 535 2838 exinde
559 2775 752 2858 suffragante
777 2776 809 2837 in
833 2775 892 2838 hac
916 2791 1014 2859 parte.
