3734 5796
648 505 735 564 Anno
756 520 848 584 1441.
871 517 987 602 ’‘.²7·
1011 508 1142 571 octobris.
1468 529 1529 592 349

264 716 360 779 luerit
384 717 619 799 disponendam
636 717 720 800 juxta
747 718 972 781 condicionem
994 721 1130 783 civitatis
1146 734 1312 803 prenotate
1329 723 1369 784 ab
1393 724 1527 805 antiquo

264 825 484 906 approbatam.

370 931 449 993 Item
473 931 549 1012 quia
574 931 742 992 Ladislaus
766 930 851 994 filius
876 932 973 994 Blasii
990 931 1266 1016 Czaranthowych
1284 935 1384 996 tercio
1407 953 1440 996 se
1457 955 1530 1018 per·

264 1039 352 1100 sonis
375 1038 435 1100 sibi
460 1038 620 1100 similibus
637 1037 669 1099 in
694 1036 778 1100 facto
796 1039 931 1121 pecunie
949 1039 1118 1101 Laurencii
1137 1039 1300 1118 institoris,
1325 1059 1423 1122 quam
1440 1040 1528 1104 idern

266 1144 462 1206 Laurencius
486 1144 611 1206 institor
635 1143 720 1206 filius
744 1145 839 1224 Petri,
865 1145 1004 1206 eundem
1037 1145 1223 1207 Ladislaum
1255 1146 1430 1228 suspiciose
1454 1148 1530 1208 sub·

266 1250 397 1312 traxisse
421 1250 558 1328 dicebat,
582 1250 797 1333 juramentum
824 1253 1008 1334 nuperrime
1029 1251 1248 1334 adjudicatum
1272 1251 1369 1314 hodie
1392 1253 1531 1335 prestitit

266 1370 297 1418 et
321 1356 472 1439 deposuit
494 1371 590 1440 prout
614 1357 674 1419 sibi
698 1377 755 1440 per
790 1358 909 1440 juratos
932 1358 1088 1441 presentis
1119 1360 1195 1420 anni
1227 1357 1287 1420 fuit
1311 1358 1529 1441 adjudicatum

266 1475 298 1524 et
323 1476 419 1545 prout
451 1463 518 1546 ipse
549 1463 717 1526 Ladislaus
749 1465 853 1547 ipsum
885 1464 1101 1546 juramentum
1134 1465 1296 1547 deponere
1330 1477 1360 1526 et
1390 1477 1531 1546 prestare

268 1567 391 1648 debuit,
416 1569 555 1652 ideoque
588 1571 693 1654 ipsum
719 1570 906 1633 Ladisiaum
930 1571 971 1633 ad
1003 1571 1192 1632 instanciam
1223 1569 1337 1653 prefati
1362 1571 1531 1633 Laurencii

267 1675 421 1738 institoris
444 1677 477 1738 in
501 1675 585 1739 facto
609 1677 825 1760 deposicionis
848 1677 924 1738 dicti
948 1676 1118 1758 juramenti
1140 1690 1171 1739 et
1194 1677 1227 1738 in
1251 1675 1335 1739 facto
1360 1677 1459 1760 ipsius
1476 1697 1530 1760 pe·

267 1782 361 1844 cunie
386 1782 571 1864 expeditum
596 1783 818 1845 commisimus
841 1795 872 1845 et
896 1783 1040 1866 quietum
1066 1803 1102 1844 ac
1123 1784 1312 1846 omnimode
1336 1784 1530 1847 absolutum.

370 1887 449 1950 item
473 1889 549 1970 quia
573 1888 751 1972 Elyzabeth
775 1888 840 1950 filia
864 1889 948 1951 Petri
973 1889 1013 1950 de
1037 1888 1162 1950 Rodess
1186 1889 1264 1950 alias
1288 1891 1432 1951 servitrix
1457 1910 1528 1972 pre·

268 1992 344 2055 dicti
370 1994 539 2058 Laurencii
564 1995 716 2057 institoris
738 1993 795 2056 filii
821 1995 915 2073 Petri,
944 1994 1159 2077 juramentum
1191 1995 1251 2056 sibi
1275 1995 1374 2056 tercio
1401 2015 1434 2057 se
1458 2015 1528 2077 per-

266 2101 354 2162 sonis
384 2101 444 2162 sibi
482 2101 642 2163 similibus
673 2101 705 2162 in
737 2099 821 2164 facto
857 2101 992 2184 pecunie
1025 2101 1124 2183 ipsius
1159 2101 1327 2163 Laurencii
1361 2100 1525 2181 institoris,

266 2226 364 2288 quem
389 2207 475 2269 idem
501 2209 698 2270 Laurencius
721 2207 874 2290 prefatam
905 2207 1080 2292 Elyzabeth
1112 2209 1307 2271 servitricem
1339 2230 1430 2272 suum
1454 2212 1527 2272 sub·

267 2327 398 2377 tractam
425 2314 492 2376 fore
519 2316 655 2394 dicebat,
680 2315 777 2377 hodie
801 2315 938 2399 prestitit
961 2329 993 2377 et
1016 2315 1164 2398 deposuit
1189 2330 1224 2377 ut
1246 2315 1305 2377 sibi
1331 2337 1387 2399 per
1411 2316 1530 2397 juratos

266 2419 326 2484 fuit
348 2421 568 2503 adjudicatum
593 2435 624 2484 et
648 2435 743 2504 prout
767 2423 833 2504 ipsa
859 2421 1036 2505 Elyzabeth
1061 2421 1165 2503 ipsum
1190 2421 1405 2503 juramentum
1431 2422 1530 2504 depo·

267 2548 342 2590 nere
367 2543 398 2590 et
421 2542 561 2611 prestare
586 2529 707 2608 debuit,
732 2528 806 2590 ideo
830 2528 932 2609 ipsam
956 2527 1132 2610 Elyzaberh
1166 2528 1198 2588 in
1231 2525 1315 2590 sacto
1340 2527 1423 2590 dicte
1448 2527 1530 2609 jura-

268 2635 419 2697 mentslis
444 2635 660 2717 deposicionis
683 2635 723 2697 ad
756 2635 942 2696 instanciam
975 2632 1087 2716 prefati
1113 2634 1280 2696 Laurencii
1313 2634 1467 2696 institoris
1497 2647 1528 2695 et

267 2742 299 2803 in
325 2740 409 2803 facto
434 2741 518 2802 dicte
542 2741 696 2824 peccunie
721 2741 921 2802 reddidimus
951 2738 1019 2803 fore
1043 2741 1185 2822 quietam
1209 2753 1240 2802 et
1263 2741 1451 2802 omnimode
1476 2741 1530 2801 ab·

266 2847 417 2909 solutam.

311 3047 409 3123 Feria
437 3057 534 3122 sexta
563 3053 717 3140 proxima
747 3057 825 3122 ente
850 3050 971 3121 festum
1000 3050 1228 3139 Deposicionis
1257 3052 1367 3122 sancti
1397 3052 1486 3139 regis

704 3173 845 3247 Enerici
875 3193 933 3246 seo
963 3173 1068 3245 ducis.

755 3313 799 3391 (1.
830 3311 1017 3386 septembris).

373 3454 452 3516 Item
478 3453 625 3536 Mathyas
651 3453 731 3515 levir
759 3451 896 3514 condam
919 3452 1030 3534 Myske
1055 3449 1200 3512 mulieris
1231 3461 1340 3512 contra
1365 3447 1529 3510 Thomem

266 3576 407 3624 sutorem
433 3561 542 3644 Rosyn
567 3561 688 3622 dictum
713 3559 818 3640 primo
842 3559 956 3620 citatus
980 3577 1045 3618 non
1070 3557 1259 3638 comperuit.

373 3667 452 3729 Item
477 3667 668 3729 Valentinus
691 3664 876 3727 tributarius
907 3675 1017 3725 contra
1042 3663 1176 3725 Elenam
1202 3662 1363 3745 pistricem
1388 3663 1530 3726 secundo

267 3773 381 3836 citatus
404 3793 469 3835 non
499 3771 691 3855 comparuit.

308 4009 406 4086 Feria
434 4020 534 4084 sexta
562 4013 716 4101 proxima
746 4017 824 4100 post
853 4009 975 4081 festum
1003 4008 1164 4079 Demetrii
1194 4009 1349 4078 martiris
1376 4027 1433 4079 sen
1464 4008 1498 4077 in

372 4137 492 4225 vigilia
521 4136 599 4208 festi
628 4135 803 4206 bentomn
831 4133 986 4222 symonis
1015 4139 1049 4204 et
1076 4131 1162 4221 Jude
1190 4131 1430 4220 apostolorum.

790 4286 850 4364 (27.
882 4283 1025 4352 octobris).

375 4448 454 4511 Item
479 4448 632 4510 Nicolaus
656 4458 687 4507 et
712 4444 858 4506 Andreas
882 4441 938 4504 filii
958 4441 1091 4523 Bogdsn
1115 4453 1225 4502 contra
1250 4437 1467 4518 Augustinum
1484 4435 1531 4518 ju·

268 4569 371 4617 ratum
397 4554 516 4618 dictum
542 4555 653 4614 Kusne
676 4552 781 4634 primo
806 4549 892 4611 citati
918 4568 982 4610 non
1008 4557 1265 4629 comparuerunt.

374 4661 453 4723 Item
485 4661 617 4722 domina
643 4659 744 4721 Elena
769 4656 878 4718 relicta
911 4655 1048 4717 condam
1074 4652 1228 4736 Stephani
1252 4649 1397 4712 Pundich
1423 4661 1531 4711 contra

268 4767 446 4848 Georgium
463 4765 601 4848 juratum
619 4779 764 4828 nostrum
781 4762 973 4824 modernum
997 4761 1102 4844 primo
1126 4761 1219 4822 citata
1243 4776 1308 4819 non
1339 4755 1531 4837 comparuit.

374 4873 452 4935 Item
468 4871 652 4933 Anthonius
668 4870 826 4932 Joffanow
843 4866 983 4930 carnifex
1000 4883 1109 4930 contra
1127 4865 1326 4948 Stephanum
1344 4863 1531 4944 Znykonem

268 4981 374 5064 primo
399 4980 512 5041 citatus
535 4997 601 5040 non
626 4975 814 5059 comparuit.
