3740 5810
812 513 1012 592 Atvno1420.
1037 548 1076 560 -
1096 526 1131 590 5.
1154 515 1286 577 octobris.

514 725 592 787 Item
617 724 783 786 Andreiko
806 737 916 786 contra
942 721 1057 806 Grayff
1076 725 1182 807 primo
1210 727 1323 788 citatus
1347 747 1413 788 non
1437 729 1629 810 comparuit.

514 831 591 892 Item
625 829 761 892 Machen
793 828 932 892 carnifex
963 843 1073 892 contra
1104 830 1234 892 Petrum
1267 833 1352 894 ribar
1383 833 1526 895 secundo
1557 835 1671 896 citatus

408 955 473 998 non
498 937 687 1018 comparuit.

514 1041 592 1105 Item
618 1041 755 1104 Michael
780 1042 912 1104 maritus
936 1039 1206 1125 Gyurgekouiche
1235 1042 1313 1104 alias
1336 1056 1446 1106 contra
1469 1043 1591 1126 juratos
1613 1065 1670 1107 an·

409 1150 518 1230 tiquos
542 1168 578 1210 ac
602 1160 725 1210 ceteros
749 1148 852 1210 malos
875 1167 1039 1210 sermones
1066 1148 1209 1210 emisisse
1239 1161 1383 1231 repertus
1407 1162 1462 1228 est,
1487 1163 1518 1212 et
1541 1151 1671 1212 tandem

409 1275 442 1317 se
466 1255 566 1316 tercio
590 1253 770 1334 juramento
788 1254 985 1336 expurgavit,
1010 1254 1099 1335 quod
1123 1254 1254 1316 eosdem
1271 1275 1435 1318 sermones
1452 1276 1517 1318 non
1543 1277 1581 1318 ex
1599 1277 1667 1339 pre-

410 1375 566 1442 concepto
590 1361 662 1423 zelo
686 1361 851 1439 emisisset,
874 1359 949 1422 ideo
969 1360 1108 1422 eundem
1126 1361 1349 1423 commisimus
1373 1362 1559 1444 expeditum
1576 1383 1673 1444 super

410 1486 449 1528 eo
469 1466 586 1546 taliter,
610 1479 645 1528 ut
669 1467 709 1528 de
733 1479 839 1529 cetero
863 1487 881 1528 a
905 1466 1023 1528 talibus
1047 1486 1080 1528 se
1104 1486 1273 1549 precavere
1290 1467 1415 1547 debeat,
1444 1467 1590 1550 alioquin
1617 1489 1675 1530 nec

412 1572 474 1635 hoc
498 1573 602 1654 ipsum
626 1573 817 1654 pertransire
842 1572 957 1634 debeat
981 1573 1175 1656 inpunitum.

519 1680 597 1742 Item
623 1679 790 1742 Ladislaus
821 1680 992 1762 assumpsit
1021 1679 1199 1761 producere
1227 1691 1332 1759 testes,
1365 1680 1515 1741 videlicet
1539 1680 1672 1741 Petrum

412 1786 604 1867 Hungarum
628 1785 752 1868 pridem
778 1785 917 1867 juratum
941 1799 972 1847 et
1005 1785 1214 1849 Dominicum
1247 1785 1404 1848 decanum
1429 1785 1591 1869 inprime
1626 1785 1676 1868 ju·

411 1891 497 1954 dicio
521 1905 630 1954 contra
654 1892 863 1955 Valentinum
887 1891 1012 1974 pridem
1042 1890 1181 1973 juratum
1212 1893 1245 1970 in
1270 1912 1364 1954 cause
1388 1893 1470 1954 inter
1494 1911 1549 1954 eos
1573 1905 1677 1953 mota.

517 1999 595 2061 Item
629 1996 788 2080 Georgius
820 1997 1019 2080 Optasnicha
1051 2012 1161 2060 contra
1186 1998 1366 2061 Fabianum
1398 1997 1537 2080 Chupko
1569 1997 1678 2079 primo

411 2105 523 2167 citatus
547 2124 612 2166 non
638 2105 827 2186 comparuit.

518 2211 595 2273 Item
613 2231 692 2272 uxor
716 2210 812 2272 Blasii
830 2210 1001 2292 Purgarich
1022 2223 1133 2272 contra
1149 2209 1358 2272 Valentinum
1382 2209 1507 2290 pridem
1531 2209 1675 2291 juratum

412 2317 583 2399 assumpsit
605 2317 781 2398 producere
805 2329 900 2378 testes
924 2335 1019 2398 super
1043 2316 1182 2398 quadam
1207 2329 1307 2378 terra:
1333 2314 1487 2378 Mathiam
1521 2313 1672 2392 juratum,

418 2423 581 2485 Andream
613 2423 738 2505 pridem
770 2424 908 2505 juratum
940 2422 1088 2484 Zuuilich
1124 2435 1156 2485 et
1188 2421 1367 2484 Johannem
1406 2421 1532 2483 labrum
1566 2419 1670 2481 filium

416 2529 502 2591 iwan
527 2530 558 2590 in
582 2529 687 2612 primo
711 2529 842 2610 judicio.

520 2635 599 2697 item
616 2654 743 2696 causam
767 2635 849 2696 inter
865 2633 1028 2696 Andream
1052 2632 1155 2696 filium
1173 2633 1327 2695 Johannis
1351 2634 1391 2695 ab
1409 2653 1473 2694 una
1497 2645 1529 2694 et
1552 2631 1676 2693 Antho-

413 2742 504 2802 nium
522 2741 651 2802 racione
665 2740 830 2802 cuiusdam
848 2740 973 2802 biccelli
986 2752 1120 2818 motam,
1136 2739 1229 2821 jurati
1247 2751 1462 2822 prorogarunt
1478 2739 1518 2800 ad
1535 2739 1677 2820 primum

413 2845 580 2928 judicium.

517 2953 595 3014 item
628 2953 703 3034 quia
734 2953 890 3014 Martinus
921 2965 1010 3014 sutor
1042 2950 1172 3014 Ochech
1204 2964 1314 3014 contra
1346 2949 1538 3013 Michaelem
1570 2948 1676 3011 filium

414 3059 591 3120 Sebastiani
616 3058 740 3140 pridem
773 3057 911 3140 judicem
944 3071 1087 3139 repertus
1118 3070 1164 3119 est
1188 3058 1220 3118 in
1252 3055 1415 3120 iusticinio
1439 3057 1599 3138 palorum,
1625 3067 1672 3116 ter

414 3176 545 3226 vocatus
568 3178 599 3226 et
622 3164 767 3246 pluribus
783 3165 907 3225 vicibus
923 3163 1140 3246 proclamatus
1163 3183 1228 3225 non
1245 3163 1334 3225 venit
1354 3181 1458 3244 neque
1484 3161 1579 3240 misit,
1596 3161 1672 3222 ideo

414 3289 472 3352 pro
497 3267 566 3330 lure
591 3283 637 3331 est
667 3283 841 3352 reputatus,
873 3269 1007 3331 detineri
1039 3269 1139 3352 possit
1163 3269 1218 3330 ubi
1243 3269 1276 3330 in
1306 3267 1467 3330 territorio
1491 3279 1600 3332 nostro
1628 3285 1673 3327 re·

413 3376 564 3458 perietur.

519 3479 598 3544 Item
623 3483 699 3563 quia
724 3483 880 3544 Martinus
904 3481 1030 3544 Chikan
1057 3501 1129 3543 cum
1147 3481 1288 3543 evidenti
1312 3481 1498 3544 testimonio
1522 3479 1676 3542 convenit

414 3587 502 3670 quod
528 3588 559 3649 in
592 3587 778 3651 defensione
810 3589 858 3650 sui
891 3588 1083 3670 Gregorium
1109 3601 1140 3650 et
1168 3587 1332 3650 Andream
1353 3585 1515 3649 Cuseuich
1542 3585 1676 3662 lesisset,

414 3693 488 3755 ideo
512 3693 617 3774 ipsum
641 3694 840 3755 reddidimus
864 3694 1042 3756 immunem
1066 3694 1098 3755 in
1123 3693 1208 3755 facto
1230 3706 1407 3775 prenotato.

520 3799 597 3860 Item
615 3799 708 3880 jurati
733 3801 956 3882 adjudicarunt
980 3801 1062 3862 inter
1078 3800 1245 3862 dominam
1269 3800 1412 3862 relictam
1430 3798 1631 3881 sigismundi
1648 3811 1677 3859 et

415 3903 577 3966 Andream
603 3918 634 3967 et
657 3904 768 3968 fratres
792 3926 877 3985 suos,
901 3919 936 3968 ut
959 3907 1025 3989 ipsa
1058 3906 1191 3968 domina
1222 3907 1322 3987 possit
1350 3925 1382 3966 se
1407 3904 1511 3968 iacere
1535 3904 1675 3967 solutam

415 4011 455 4072 de
479 4012 573 4073 rebus
597 4013 733 4074 condam
749 4013 831 4074 Petri
856 4031 913 4094 per
937 4011 1076 4074 eundern
1093 4013 1223 4073 Petrum
1248 4010 1340 4073 dictis
1363 4009 1438 4072 filiis
1462 4012 1528 4072 suis
1550 4011 1675 4092 legatis,

415 4119 447 4179 in
472 4117 580 4179 medio
602 4119 701 4181 nostri
726 4131 757 4179 et
777 4131 888 4180 nostro
911 4118 1070 4181 territorio
1095 4119 1222 4196 habitis,
1246 4117 1374 4179 racione
1399 4118 1513 4199 viginti
1530 4137 1583 4178 sex
1607 4115 1675 4178 flor.

416 4223 520 4284 eidem
545 4223 675 4286 domine
704 4245 760 4306 per
792 4224 930 4285 eundem
962 4224 1092 4286 Petrum
1116 4225 1148 4284 in
1182 4223 1290 4284 dotem
1315 4222 1464 4286 dimissis.

521 4328 598 4391 Item
623 4329 716 4410 jurati
741 4329 966 4410 adjudicarunt
991 4330 1072 4391 inter
1094 4329 1306 4391 Jacomellum
1331 4328 1456 4410 pridem
1482 4329 1620 4411 juratum
1646 4341 1676 4389 et

417 4434 580 4497 Andream
605 4435 707 4498 filium
740 4437 825 4497 Petri
860 4435 991 4519 Saphar,
1021 4436 1096 4518 quia
1121 4436 1206 4497 idem
1241 4435 1435 4496 Jacomellus
1466 4447 1678 4517 assumpserat

416 4554 525 4602 contra
557 4542 695 4603 eundem
728 4543 890 4604 Andream
914 4556 1010 4604 testes
1040 4541 1217 4624 producere
1249 4553 1280 4602 et
1315 4559 1379 4602 non
1414 4541 1575 4622 produxit,
1600 4540 1674 4601 ideo

415 4646 563 4709 Andreas
587 4667 714 4710 causam
739 4649 880 4710 obtinuit
910 4661 940 4709 et
971 4647 1113 4730 prefatus
1137 4645 1332 4709 Jacomellus
1363 4646 1504 4728 perdidit
1535 4665 1673 4724 causam,

415 4753 565 4815 videlicet
587 4755 716 4817 racione
741 4755 907 4816 cuiusdam
933 4755 1031 4836 porci.

524 4859 599 4921 item
625 4859 717 4942 jurati
742 4860 976 4940 adjudicarunt,
1001 4860 1076 4940 quia
1102 4857 1217 4940 Gyuan
1243 4858 1466 4939 comprobavit
1494 4877 1565 4918 cum
1591 4857 1675 4917 testi·

415 4965 526 5028 monio
551 4967 638 5050 quod
664 4967 803 5030 Mahnen
821 4965 939 5030 Pehem
957 4986 1013 5051 per
1030 4966 1173 5051 quinque
1191 4984 1292 5028 annos
1316 4977 1510 5030 convenerat
1526 4963 1675 5044 domum,
