3678 5800
590 575 784 649 Ann01432.
809 607 853 616 -
875 587 924 633 22.
949 576 1075 648 augusti.
1401 595 1454 656 ¹7¹

297 783 375 846 Item
393 785 470 866 quia
484 782 685 864 Margaretha
704 781 768 845 filia
783 783 949 846 Benedicti
966 782 1006 845 de
1023 784 1182 847 Raltonok
1195 785 1304 847 relicta
1322 785 1459 848 condam

192 889 328 950 Nemete
354 901 485 970 propter
510 903 610 950 certas
633 887 875 950 diffamationes
907 887 1139 952 maleficiorum
1164 909 1306 970 suorum,
1331 905 1460 974 propter

192 1015 257 1078 que
283 1009 350 1057 erat
373 993 547 1074 diffamata,
578 996 611 1056 in
641 995 801 1058 territorio
834 1009 943 1056 nostro
976 994 1173 1078 deprehensa
1198 1009 1229 1058 et
1254 995 1460 1078 incarcerata,

193 1102 270 1164 licet
296 1117 426 1184 propter
449 1101 635 1164 huiusmodi
659 1121 715 1162 sua
740 1099 895 1162 maleficia
918 1121 1034 1183 penam
1052 1101 1199 1184 supplicii
1226 1121 1323 1184 quarn
1348 1103 1457 1166 derne·

191 1222 300 1270 ruerat
323 1208 388 1290 pati
413 1207 589 1286 debuisset,
614 1221 720 1268 tamen
746 1207 785 1268 ad
812 1208 982 1268 instantem
1015 1207 1289 1290 supplicationem
1315 1209 1460 1271 eiusdem

195 1327 226 1376 et
250 1314 392 1395 plurium
417 1314 577 1376 nobilium
595 1313 738 1374 virorum
764 1313 857 1374 nobis
880 1332 938 1396 pro
955 1314 1068 1375 eadem
1094 1313 1319 1376 instantissime
1345 1313 1459 1376 factam

197 1433 230 1482 et
253 1441 348 1482 causa
376 1420 439 1499 dei,
471 1435 505 1482 ut
536 1422 603 1502 ,ipsa
635 1439 690 1481 sua
716 1417 873 1482 maleficia
906 1418 1021 1482 defleat
1052 1433 1083 1483 et
1107 1419 1239 1482 ulterius
1259 1420 1320 1482 hiis
1344 1421 1461 1484 similia

196 1547 262 1589 non
288 1527 477 1604 committat,
503 1527 723 1588 misericordia
746 1527 836 1605 moti,
854 1546 891 1588 ex
916 1545 955 1587 eo
972 1526 1107 1588 eandem
1132 1541 1217 1588 extra
1242 1527 1360 1596 dictam
1385 1529 1459 1590 civi·

196 1647 295 1695 tatem
320 1646 351 1696 et
375 1633 444 1695 eius
460 1633 655 1696 territorium
681 1633 830 1695 duxImus
847 1632 1039 1694 exulandum
1057 1645 1088 1694 et
1104 1633 1137 1694 in
1155 1633 1286 1694 exilium
1313 1633 1462 1696 duximus

193 1741 422 1802 remittendam
446 1740 514 1821 jure
539 1754 569 1802 et
592 1739 737 1801 libertate
762 1753 869 1801 nostra
887 1739 1080 1820 requirente,
1105 1737 1211 1800 taliter
1234 1754 1342 1802 tamen
1367 1755 1398 1802 et
1422 1760 1462 1802 eo

191 1847 306 1924 modo,
337 1860 371 1908 ut
395 1846 434 1908 de
459 1860 565 1908 cetero
589 1859 620 1908 et
644 1865 700 1928 per
728 1846 866 1926 amplius
898 1845 938 1907 ad
962 1845 1123 1907 civitatem
1154 1843 1310 1928 prefatam
1334 1859 1365 1909 et
1389 1846 1458 1910 eius

190 1953 392 2015 territorium
417 1953 533 2016 intrare
558 1973 622 2014 non
648 1965 810 2036 presumat
833 1971 938 2033 neque
961 1951 1076 2013 audeat
1097 1952 1196 2014 modo
1220 1953 1364 2034 aliquali,
1394 1973 1455 2036 que

190 2061 218 2120 si
243 2058 441 2141 deprehensa
466 2058 572 2138 fuerit,
595 2059 680 2140 juxta
705 2079 759 2120 sua
786 2057 940 2120 demerita
964 2077 1081 2141 penam
1105 2059 1254 2140 supplicii
1280 2078 1377 2141 quam
1402 2059 1456 2120 de-

192 2166 359 2245 meruerit,
383 2179 607 2248 consequetur.

304 2271 382 2333 Item
407 2273 483 2354 quia
507 2271 698 2334 Dominicus
721 2270 855 2333 servitor
873 2269 1041 2331 Laurencii
1066 2269 1220 2332 institoris
1245 2289 1345 2332 unum
1370 2269 1461 2332 fami·

193 2378 420 2440 limem-Petri
446 2377 666 2456 Wrecharich,
698 2377 871 2440 Martinum
904 2377 1047 2455 nomine,
1079 2374 1238 2438 interfecit
1262 2376 1461 2438 vulnerando

196 2500 228 2546 et
253 2485 336 2546 alios
359 2485 467 2567 plures
491 2499 522 2545 et
545 2497 649 2546 certos
672 2484 841 2545 servitores
872 2483 1104 2545 nonnullorum
1129 2483 1311 2544 concivium
1339 2497 1461 2544 nostro-

194 2611 269 2653 rum
294 2592 475 2654 verberavit
499 2606 530 2654 et
554 2591 734 2654 vulneravit
750 2605 845 2672 atque
862 2590 1013 2673 apollavit
1029 2591 1134 2668 rebus,
1152 2589 1296 2672 pecuniis
1320 2603 1351 2652 et
1367 2590 1461 2652 vesti·

194 2699 315 2760 mentis
339 2717 452 2760 eorum
484 2697 571 2780 apud
603 2717 658 2760 eos
689 2711 807 2760 eotuuc
837 2697 972 2774 habitis,
1003 2715 1093 2757 more
1126 2694 1306 2758 nocturnali
1331 2695 1461 2758 eosdem

195 2805 420 2888 depredando,
444 2819 474 2866 et
499 2804 574 2886 quia
590 2804 630 2865 ad
646 2804 762 2866 trinam
780 2821 890 2886 ymmo
915 2802 954 2864 ad
972 2802 1080 2884 plures
1104 2800 1246 2863 forenses
1270 2815 1301 2862 et
1317 2801 1462 2884 publicas

195 2913 475 2996 proclamaciones
499 2923 632 2990 nostras,
656 2931 711 2993 per
735 2929 794 2972 nos
818 2909 857 2972 ad
882 2910 1052 2971 instantem
1081 2909 1276 2991 peticionem
1302 2907 1462 2970 dictorum

195 3021 340 3081 lesorum
365 3017 458 3080 uobis
482 3017 655 3100 superinde
683 3015 940 3098 querulantium,
971 3015 1148 3077 secuudum
1182 3015 1286 3096 legem
1311 3027 1342 3076 et
1366 3014 1462 3076 liber-

193 3139 296 3189 tatem
320 3137 462 3186 nostram
480 3122 606 3204 factam,
634 3122 674 3184 ad
692 3121 889 3185 reddendam
914 3122 1077 3184 racionem
1093 3135 1124 3183 et
1140 3121 1179 3184 ad
1198 3120 1461 3204 respondendum

196 3233 275 3315 ipsis
309 3230 553 3313 querulantibus
591 3249 647 3292 seu
678 3229 716 3290 ad
749 3227 927 3311 parendum
961 3227 1084 3308 justicie
1116 3229 1147 3288 in
1180 3227 1288 3289 sedem
1319 3240 1460 3290 nostram

197 3337 412 3419 juditiariam‚
437 3349 577 3398 nostram
603 3336 633 3396 in
659 3335 856 3418 presenciam
889 3354 953 3395 non
978 3335 1066 3396 venit
1104 3353 1209 3416 neque
1234 3334 1376 3416 aliquem
1401 3352 1458 3416 pro

195 3464 230 3506 se
255 3444 381 3504 mittere
406 3441 537 3521 curavit,
570 3441 708 3523 ideoque
740 3441 879 3502 eundem
904 3440 1112 3502 Dominicum
1138 3441 1169 3501 in
1201 3454 1381 3522 presentem
1406 3441 1459 3502 ha-

194 3564 324 3612 ternum
357 3561 501 3611 nostrum
526 3549 633 3630 previa
669 3548 708 3608 de
740 3547 867 3609 racione
900 3546 1050 3608 duximus
1082 3545 1149 3608 fore
1182 3545 1459 3628 proscribendum,

196 3655 447 3734 committentes,
471 3668 505 3716 ut
529 3655 567 3715 de
592 3669 698 3716 cetero
724 3667 755 3716 et
778 3673 833 3736 per
853 3653 991 3735 amplius
1015 3653 1047 3714 in
1071 3651 1224 3734 prefatam
1250 3652 1411 3714 civitatem
1429 3665 1459 3712 et

197 3763 268 3825 eius
292 3761 487 3822 territorium
505 3762 595 3823 nullo
620 3761 718 3822 modo
743 3761 860 3822 intrare
884 3773 1056 3842 presumat,
1078 3759 1133 3840 qui
1158 3759 1182 3820 si
1208 3757 1247 3820 de
1272 3772 1377 3820 cetero
1402 3757 1457 3820 de·

195 3868 376 3952 prehensus
400 3865 495 3929 fuerit
517 3867 602 3949 juxta
627 3887 682 3928 sua
712 3867 865 3928 demerita
898 3865 1071 3927 vindictam
1103 3885 1160 3947 pro
1185 3885 1243 3926 suo
1268 3885 1365 3948 opere
1389 3885 1460 3949 pre-

194 3974 264 4037 fato
291 3987 504 4056 consequetur
527 3973 595 4054 jure
620 3987 650 4034 et
673 3973 818 4035 libertate
843 3985 949 4034 nostra
974 3971 1167 4054 requirente.

288 4193 385 4267 Ferla
413 4201 511 4266 sexta
538 4197 691 4284 proxima
719 4201 795 4283 post
823 4193 946 4265 festum
974 4193 1063 4264 beati
1093 4195 1182 4282 regis
1210 4193 1377 4282 Stephani.

728 4348 789 4425 (22.
814 4347 953 4422 augusti).

311 4487 387 4549 Item
413 4488 565 4551 Nicolaus
582 4489 703 4550 Bacusa
721 4487 824 4548 dictus
848 4500 958 4549 contra
978 4487 1183 4549 Valentinum
1202 4485 1340 4566 juratum
1358 4487 1461 4570 primo

195 4595 313 4658 citatus
344 4614 408 4656 uon
438 4595 626 4677 comparuit.

304 4699 385 4762 Item
419 4700 549 4784 Gyurak
588 4699 726 4762 carnifex
765 4714 884 4763 contra·
911 4701 1039 4761 Petrum
1072 4698 1210 4780 juratum
1243 4698 1345 4760 filium
1378 4697 1460 4760 Petri

196 4807 321 4890 Saphar
356 4809 498 4870 secundo
522 4809 635 4871 citatus
659 4827 722 4869 non
749 4808 937 4888 comparuit.

308 4913 385 4977 Item
409 4935 502 4978 causa
528 4915 609 4977 inter
634 4914 810 4997 Georgium
835 4929 998 4992 sartorem,
1023 4913 1147 4996 pridem
1173 4913 1324 4992 judicem,
1349 4926 1379 4974 ct
1403 4912 1459 4973 do-

196 5023 324 5084 minum
350 5021 552 5084 Anthonium
577 5021 788 5104 presbiterum
814 5021 845 5082 in
874 5019 957 5082 facto
981 5021 1152 5103 copertorii
1184 5019 1261 5082 selle
1285 5039 1343 5101 pro
1368 5039 1461 5101 erpe-
