3876 5798
611 577 697 635 Anno
720 574 815 655 [μό.
843 610 882 621 -
907 591 958 656 14.
975 579 1127 654 januan'i.
1427 595 1490 658 435

330 787 410 850 Item
427 789 605 872 Elyzabeth
629 801 660 850 et
685 789 771 851 Rosa
792 808 827 850 sc
845 789 1017 851 Scolastica
1033 790 1195 870 mulieres,
1219 790 1327 870 vidue,
1344 790 1488 872 quelibet

227 895 367 976 ipsarum
392 897 489 958 tercia
513 917 546 958 se
576 896 721 979 personis
748 897 808 958 sibi
840 896 1000 958 similibus
1030 910 1141 958 contra
1166 897 1341 958 Matrinum
1365 897 1485 980 Ztyzlra

227 1013 262 1062 ut
285 1014 426 1064 actorem
442 1015 557 1064 octavo
581 1002 634 1064 die
657 1021 714 1084 per
730 1001 1005 1083 adjudicacionem
1023 1001 1200 1084 juratorum
1217 1001 1368 1084 jurabunt
1390 1021 1486 1086 super

229 1127 280 1187 eu,
305 1121 340 1171 ut
363 1109 431 1192 ipse
454 1109 542 1190 ligna
574 1108 673 1191 ipsius
698 1108 827 1170 Martini
859 1109 978 1191 Ztyzlra
1003 1109 1137 1171 minime
1168 1110 1400 1188 subtraxerunt,
1431 1108 1488 1170 sed

226 1214 260 1275 in
284 1215 375 1276 totali
399 1205 529 1277 accione
561 1227 592 1277 et
623 1215 840 1297 acquisicione
872 1215 971 1297 ipsius
1003 1216 1131 1277 Martini
1155 1215 1275 1298 Ztyzka
1299 1215 1487 1278 innocentes

229 1333 334 1383 essent
357 1321 484 1403 penitus
507 1334 538 1382 et
566 1321 707 1383 innoxie.

335 1444 413 1508 Item
446 1444 607 1526 Georgius
637 1445 771 1506 servitor
803 1457 834 1506 et
864 1445 1080 1507 mercenarius
1103 1445 1275 1526 Augustini
1300 1447 1410 1508 Kusne
1433 1465 1490 1528 per

229 1549 508 1632 adjudicacionem
529 1551 706 1634 juratorum
730 1551 872 1613 secundo
897 1571 930 1612 se
953 1551 1099 1633 personis
1126 1551 1186 1614 sibi
1212 1551 1371 1612 similibus
1393 1570 1491 1634 penes

229 1658 390 1720 cicatrices
414 1671 444 1719 et
467 1658 632 1739 sanguinis
656 1656 845 1718 effusionem
875 1671 984 1719 contra
1009 1657 1203 1738 Gregorium
1228 1656 1331 1720 filium
1357 1655 1489 1738 Georgii

225 1764 430 1847 Bankowycb
454 1763 558 1846 jurare
581 1763 748 1826 tenebitur
771 1783 867 1845 super
891 1782 941 1843 eo,
965 1776 1002 1826 ut
1025 1764 1092 1846 ipse
1111 1763 1287 1844 Gregorius
1311 1763 1490 1846 predictum

164 1871 167 1876 ’
225 1868 404 1951 Georgium
435 1870 625 1932 servitorem
659 1870 758 1952 ipsius
790 1869 963 1950 Augustini
995 1870 1105 1931 Kusne
1136 1869 1302 1951 usquead
1329 1869 1490 1932 cicatrices

226 1989 258 2037 et
282 1977 447 2058 sanguinis
470 1975 660 2038 effusionem
683 1975 898 2058 percussisset.

238 2121 240 2126 ·
334 2099 412 2162 ltem
437 2099 605 2162 Emericus
628 2097 805 2161 Franchich
837 2113 868 2160 et
893 2098 1053 2181 Georgius
1076 2099 1249 2162 Ztanchich
1273 2113 1383 2164 contra
1409 2099 1488 2162 Gre-

224 2205 352 2286 gorium
376 2205 478 2268 filium
495 2205 624 2269 Andree
648 2205 800 2268 Zwecbar
823 2205 965 2267 secundo
982 2205 1068 2267 citati
1093 2225 1158 2268 non
1182 2219 1439 2288 comparuerunt.

277 2459 374 2535 Feria
401 2469 500 2535 sexta
529 2465 683 2552 proxima
720 2469 796 2552 post
824 2469 979 2535 octavam
1006 2460 1269 2552 Epiphaniarum
1296 2461 1437 2536 Domini.

728 2614 794 2696 (14.
817 2615 985 2694 januarii).

331 2757 411 2819 ltem
446 2756 640 2820 Benedictus
675 2756 890 2838 carpentarius
925 2768 1035 2818 contra
1070 2756 1213 2819 Blasium
1247 2757 1482 2841 carpentarium

225 2863 332 2946 primo
360 2863 473 2926 citatus
496 2882 562 2925 non
585 2861 775 2944 comparuit.

333 2986 411 3048 Item
429 2987 505 3068 quia
529 2984 690 3067 Georgius
713 2985 847 3051 servitor
864 3005 919 3048 seu
944 2985 1159 3048 mercenarius
1179 2987 1352 3068 Augustini
1376 2988 1486 3049 Kusne

226 3092 371 3155 secundo
397 3113 429 3154 se
462 3093 607 3175 personis
637 3111 736 3174 penes
768 3093 930 3154 cicatrices
954 3105 984 3155 et
1016 3091 1206 3154 effusionem
1237 3093 1402 3174 sanguinis
1432 3113 1489 3175 per

227 3199 505 3283 adjudicationem
529 3198 705 3282 juratorum
730 3211 840 3260 contra
865 3198 1057 3281 Gregorium
1075 3198 1176 3261 filium
1203 3197 1335 3281 Georgii
1361 3199 1488 3261 Banko-

225 3305 318 3390 wych
351 3305 567 3388 juramentum
599 3303 660 3366 sibi
691 3323 786 3387 super
817 3324 856 3366 eo
887 3303 1117 3386 adjudicatum,
1154 3318 1188 3366 ut
1220 3305 1286 3388 ipse
1312 3304 1488 3387 Gregorius

225 3411 329 3494 ipsum
357 3409 533 3494 Georgium
559 3429 660 3491 usque
685 3410 725 3472 ad
750 3410 910 3472 cicatrices
942 3424 972 3472 et
1002 3411 1167 3492 sanguinis
1199 3410 1389 3474 effusionem
1413 3431 1483 3493 per-

224 3518 380 3596 cussisset,
404 3517 501 3578 hodie
534 3516 670 3598 prestitit
702 3529 733 3577 et
764 3517 914 3598 deposuit
944 3515 1059 3578 eodem
1091 3515 1190 3578 modo
1221 3516 1303 3578 sicut
1333 3517 1394 3578 sibi
1428 3515 1488 3578 luit

227 3623 458 3704 adjudicatum,
482 3623 556 3686 ideo
581 3623 686 3706 ipsum
712 3620 890 3704 Georgium
914 3623 1042 3684 racione
1060 3622 1275 3704 deposicionis
1299 3621 1374 3684 dicti
1399 3621 1484 3704 jura-

224 3730 323 3792 menti
348 3730 569 3791 commisimus
602 3728 670 3791 lore
701 3729 846 3810 quietum
883 3741 914 3790 et
945 3728 1141 3810 expeditum,
1171 3728 1297 3811 ipsique
1322 3727 1482 3808 Gregorio

223 3837 444 3899 commisimus
468 3835 670 3917 judicialiter,
695 3849 730 3898 ut
754 3836 814 3918 ipsi
833 3833 976 3916 Georgio
993 3835 1191 3897 mercenario
1216 3835 1292 3897 dicti
1309 3835 1481 3916 Augustini

224 3944 333 4006 Kusne
357 3943 397 4004 de
421 3961 483 4004 una
517 3962 620 4004 marca
655 3941 862 4004 denariorum
898 3941 1062 4024 usquead
1095 3941 1275 4024 quindenas
1306 3943 1484 4025 plenariam

223 4049 350 4110 racione
374 4048 457 4110 dicte
482 4068 539 4110 sue
561 4048 774 4130 percussionis
798 4047 893 4109 debet
916 4047 1092 4129 inpendere
1116 4045 1381 4110 satisfaccionem.

331 4172 410 4234 ltem
436 4173 601 4234 Emericus
625 4171 803 4234 Franchich
827 4185 858 4234 et
875 4170 1050 4252 Gregorius
1074 4169 1158 4232 filius
1182 4172 1309 4234 Andree
1332 4170 1485 4234 Zwecbar

227 4297 259 4338 se
276 4277 372 4339 simul
397 4276 437 4338 ad
462 4277 701 4340 attestationem
718 4277 878 4340 sociorum
896 4296 1009 4338 eorum
1025 4277 1193 4340 videlicet:
1218 4278 1302 4338 Petri
1319 4277 1485 4361 Zydarych

223 4397 254 4446 et
278 4384 443 4446 Michaelis
467 4384 641 4467 Zywolych
667 4385 698 4446 in
723 4404 816 4446 causa
841 4402 953 4446 eorum
977 4385 1203 4449 submiserunt.

328 4508 406 4570 Item
431 4509 505 4589 quia
531 4508 655 4570 Blasius
678 4521 779 4570 sartor
802 4506 886 4569 lilius
911 4508 1039 4570 Thome
1068 4509 1166 4571 tercio
1190 4528 1223 4570 se
1248 4511 1392 4591 personis
1417 4510 1478 4571 sibi

225 4614 384 4676 similibus
407 4614 623 4696 juramentum
648 4614 708 4675 sibi
731 4634 788 4696 per
815 4615 936 4696 juratos
967 4615 1151 4697 nuperrime
1175 4615 1208 4676 in
1233 4613 1316 4678 facto
1341 4617 1484 4679 subtrac-

223 4721 324 4782 cionis
348 4721 559 4803 pecuniarum
576 4733 607 4783 et
631 4740 737 4782 rerum
761 4720 926 4782 Valentini
944 4719 1049 4802 jurati,
1066 4733 1175 4783 contra
1200 4721 1339 4783 eundem
1365 4721 1483 4783 Valen-

222 4828 325 4889 tinum
351 4827 489 4908 juratum
514 4826 617 4889 filium
643 4827 719 4905 lul,
741 4827 856 4889 eodem
881 4827 981 4890 modo
998 4827 1133 4910 prestitit
1157 4841 1188 4890 et
1211 4827 1361 4910 deposuit
1376 4841 1411 4889 ut
1429 4827 1484 4889 de·

224 4934 293 4995 buit
316 4933 425 5012 hodie,
450 4933 523 4994 ideo
548 4933 653 5016 ipsum
672 4933 813 4994 Blasium
839 4945 993 4995 sartorem
1010 4934 1139 4995 racione
1152 4933 1368 5015 deposicionis
1385 4934 1484 5016 ipsius

222 5039 392 5121 juramenti
419 5053 449 5102 et
474 5040 600 5101 racione
626 5038 699 5100 furti
732 5040 890 5122 prenotati
924 5053 1033 5102 contra
1058 5041 1163 5122 ipsum
1196 5040 1403 5102 Valentinum
1437 5041 1482 5120 ju·
