3740 5810
446 533 504 614 136
822 537 1018 612 Ann01431.
1046 569 1084 578 —
1111 533 1160 598 16.
1184 538 1292 596 martii.

442 746 589 809 intestata
614 746 798 808 decedentis
833 767 928 829 super
953 767 1068 824 pueros
1095 767 1171 810 euos
1195 747 1324 810 devolvi
1357 747 1510 811 videntur
1534 761 1565 810 et
1588 748 1699 812 redun-

442 851 510 914 dari
535 852 735 935 privilegiata
760 853 905 916 libertate
923 853 1060 916 civitatis
1075 855 1270 937 requirente,
1295 853 1437 937 ideoque
1457 874 1517 917 nos
1543 853 1700 937 quandam

441 973 556 1022 terram
581 959 735 1022 arabilem
752 958 865 1042 prefati
884 960 1007 1022 Nicolai
1024 961 1123 1043 patris
1139 961 1238 1044 ipsius
1253 961 1374 1024 Vrbani
1391 961 1424 1024 in
1448 961 1610 1024 territorio
1627 961 1699 1024 civi·

440 1067 513 1128 tatis
536 1085 593 1128 seu
609 1085 723 1148 campo
741 1065 893 1146 habitam,
918 1085 990 1128 cum
1006 1067 1072 1129 suis
1088 1068 1303 1150 pertinenciis,
1320 1068 1400 1130 duas
1415 1081 1450 1130 ut
1466 1068 1582 1131 dicitur
1600 1081 1699 1130 tantu·

443 1171 542 1235 modo
567 1172 668 1235 dietas
693 1173 725 1234 in
749 1193 783 1236 se
799 1173 1030 1254 continentem,
1054 1173 1178 1258 prelato
1195 1175 1326 1238 Vrbano
1343 1173 1411 1238 filio
1436 1189 1468 1238 et
1491 1175 1623 1260 Agyche
1639 1175 1698 1238 filie

441 1278 616 1361 supradicti
634 1279 771 1358 Nicolai‚
795 1299 831 1341 ac
854 1299 910 1360 per
927 1299 982 1342 eos
1007 1281 1149 1363 ipsorum
1168 1279 1340 1344 heredibus
1363 1283 1532 1345 statuimus
1549 1297 1698 1366 perpetuo

442 1384 667 1466 possidendam
693 1397 724 1446 et
748 1385 1056 1468 quomodocumque
1080 1387 1242 1450 voluerint
1266 1386 1513 1470 disponendam.

548 1490 626 1552 ltem
651 1492 777 1553 Marcus
808 1491 948 1554 decanus
979 1507 1089 1555 contra
1121 1493 1322 1556 Anthonium
1353 1495 1541 1558 servitorem
1573 1493 1697 1577 Georgii

442 1594 557 1678 iudicis
580 1596 685 1678 primo
709 1597 823 1660 citatus
846 1616 911 1660 non
935 1599 1124 1682 comparuit.

442 1794 539 1870 ieris
568 1806 664 1870 serta
695 1802 849 1888 proxima
886 1808 963 1871 ante
1000 1800 1199 1872 dominicam
1226 1799 1358 1892 Judica,
1394 1821 1452 1873 aea
1480 1810 1558 1892 pust
1585 1803 1696 1874 leston

759 1924 847 1994 beati
877 1921 1028 2012 Gregorii
1057 1944 1140 2014 pape
1167 1931 1201 1996 et
1229 1925 1388 1997 doctoris.

972 2073 1038 2155 (16.
1062 2079 1184 2156 martir).

549 2237 626 2299 ltem
651 2236 779 2299 Marcus
810 2235 950 2298 decanus
983 2249 1093 2298 contra
1126 2235 1329 2299 Anthonium
1361 2237 1547 2300 servitorem
1573 2237 1695 2321 Georgii

442 2341 559 2423 judicis
581 2343 724 2404 secundo
748 2343 862 2405 citatus
885 2363 951 2405 non
975 2343 1164 2426 comparuit.

548 2447 626 2510 ltem
650 2467 724 2510 curn
749 2447 909 2530 Georgius
932 2448 1076 2511 literatus
1093 2448 1186 2512 Duch
1208 2449 1321 2530 dictus,
1346 2448 1431 2512 filius
1452 2449 1592 2534 blathye,
1614 2450 1693 2512 habi·

442 2564 526 2614 tator
550 2554 696 2633 civitatis,
714 2555 745 2615 in
764 2553 848 2616 facto
865 2555 1032 2616 cuiusdam
1048 2568 1131 2617 terre
1149 2556 1284 2619 duarum
1303 2556 1472 2636 dictarum,
1490 2577 1552 2639 que
1568 2557 1693 2619 condam

443 2658 575 2742 Mathye
599 2660 711 2722 decani
736 2659 896 2743 prefuerat
920 2675 951 2724 et
975 2681 1031 2745 per
1054 2663 1194 2724 eundem
1219 2664 1329 2746 vigore
1355 2663 1521 2726 literarum
1559 2664 1692 2746 inpigno-

444 2764 626 2827 raticiarum
645 2781 801 2828 certarum
829 2781 974 2851 ternpore
998 2769 1157 2850 judicatus
1173 2768 1302 2832 Andree
1319 2768 1375 2832 lilii
1398 2753 1539 2849 Nicolai,
1556 2769 1692 2832 Michaeli

446 2871 525 2932 alias
549 2870 647 2952 judici
671 2873 807 2936 civitatis
831 2873 898 2936 filio
923 2875 1075 2958 Symonis
1106 2895 1165 2958 pro
1188 2888 1310 2958 septem
1343 2875 1412 2938 flor.
1439 2876 1506 2938 auri
1532 2874 1630 2938 iuerat
1650 2875 1690 2936 in·

445 2978 624 3060 pignorata,
648 2993 758 3042 contra
774 2981 982 3043 Valentinum
999 2979 1103 3044 filium
1120 2981 1233 3065 prelati
1251 2981 1418 3046 Michaelis
1436 2983 1469 3044 in
1484 2982 1690 3045 testimonium

442 3104 538 3168 super
562 3105 601 3147 eo
625 3087 818 3168 produxerat
840 3088 976 3150 Elenam
992 3106 1135 3150 sororem
1153 3089 1286 3180 predicti
1305 3089 1481 3169 Michaelis,
1505 3105 1537 3152 et
1558 3109 1590 3150 se
1605 3107 1689 3170 super

442 3192 682 3254 attestationem
705 3212 795 3254 suam
820 3193 1091 3256 conscienciosam
1109 3193 1282 3274 dimiserat,
1299 3209 1376 3257 tuuc
1400 3196 1468 3278 ipsa
1492 3205 1581 3258 more
1603 3195 1688 3257 solito

443 3297 650 3380 periuratum
666 3319 767 3361 unum
785 3299 940 3382 adjurata,
957 3301 1001 3363 sic
1018 3300 1104 3382 juxta
1117 3321 1173 3364 sue
1190 3302 1389 3366 consciencie
1406 3303 1578 3386 puritatem
1590 3315 1688 3366 testata

444 3417 490 3465 est
515 3417 546 3466 et
569 3403 725 3485 confessa,
749 3419 785 3468 ut
808 3404 949 3488 prefatus
974 3407 1111 3470 Michael
1142 3407 1238 3489 judex
1268 3423 1341 3490 post
1364 3409 1617 3492 complecionem
1647 3409 1688 3470 sui

442 3511 634 3590 testamenti,
658 3512 796 3593 quadam
830 3512 881 3574 die
906 3533 959 3574 ser
990 3513 1101 3594 glebas
1131 3534 1186 3576 seu
1215 3515 1321 3576 sulcos
1352 3516 1438 3598 wlgo
1471 3516 1567 3601 zlogy
1591 3517 1690 3593 dictos,

444 3615 499 3697 qui
524 3635 580 3698 per
605 3617 744 3679 eundem
769 3617 927 3680 decanum
954 3619 1117 3703 Mathyam
1141 3621 1241 3684 eciam
1266 3621 1325 3704 ipsi
1350 3621 1501 3684 Michaeli
1524 3622 1619 3702 judici
1642 3640 1691 3704 pro

443 3721 500 3782 llll
525 3723 632 3804 pensis
654 3723 859 3786 denariorum
890 3726 1064 3788 literatorie
1096 3746 1152 3809 per
1184 3747 1217 3790 se
1250 3727 1444 3810 inpignorati
1468 3725 1606 3808 fuerunt,
1629 3747 1691 3811 pre·

446 3825 511 3888 lato
537 3827 680 3911 Georgio
698 3830 824 3892 literato
847 3833 1021 3894 successori
1039 3833 1138 3914 ipsius
1153 3833 1265 3896 decani
1283 3833 1414 3916 Mathye
1429 3835 1570 3898 totaliter
1585 3835 1691 3898 liberos

442 3947 473 3994 et
497 3934 663 3997 absolutos
686 3935 859 3999 dimisisset
884 3953 915 4001 et
938 3939 1111 4020 resignavit
1134 3953 1264 4022 propter
1296 3941 1394 4002 deum
1416 3961 1473 4024 pro
1497 3942 1603 4004 anima
1623 3961 1690 4017 sua;

442 4039 600 4121 predictas
623 4055 730 4104 autem
756 4044 835 4105 duas
858 4045 959 4106 dietas
979 4065 1037 4127 pro
1055 4047 1131 4128 ipsis
1155 4046 1210 4109 Vll
1234 4045 1303 4110 flor.
1328 4047 1396 4109 auri
1421 4048 1645 4131 inpignoratas,
1661 4061 1689 4110 ut

443 4145 611 4227 prefertur,
635 4148 713 4209 dum
745 4149 830 4231 ipsos
853 4164 975 4232 septem
1009 4151 1147 4214 florenos
1171 4153 1239 4214 auri
1264 4153 1330 4235 ipse
1355 4152 1626 4236 GeorgiusDuch
1643 4167 1689 4216 aut

445 4251 576 4314 Kathria
590 4274 670 4316 uxor
686 4275 742 4317 sua
756 4256 864 4319 relicta
875 4257 1008 4339 predicti
1023 4258 1153 4341 Mathye
1170 4259 1282 4321 decani
1296 4260 1510 4342 persolverint
1520 4263 1578 4344 ipsi
1587 4261 1688 4324 Valen-

443 4360 511 4422 tino
536 4375 591 4423 aur
606 4364 867 4444 procuratoribus
883 4366 958 4444 suis,
983 4379 1058 4427 tunc
1082 4364 1168 4427 idem
1185 4365 1375 4429 Valentinus
1392 4367 1477 4450 ipsas
1501 4369 1579 4430 duas
1602 4368 1689 4429 dietas

441 4481 521 4529 terre
540 4469 615 4551 ipsis
629 4468 771 4552 Georgio
789 4484 820 4532 et
837 4470 968 4534 Kathrie
984 4491 1040 4533 sue
1054 4473 1193 4534 consorti
1207 4473 1307 4535 libere
1319 4474 1480 4536 remittere
1496 4477 1686 4538 tenebuntur.

547 4574 625 4637 ltem
651 4577 751 4638 Elena
776 4577 859 4639 dicta
886 4578 1040 4660 Dragawa
1057 4579 1166 4640 relicta
1191 4579 1329 4642 condam
1354 4579 1488 4662 Georgii
1513 4579 1688 4658 Zernthich,

441 4680 614 4744 habitatrix
639 4683 785 4763 civitatis,
818 4683 850 4745 id
883 4704 939 4766 per
970 4683 1131 4747 sufficiens
1161 4687 1382 4749 testimonium
1414 4707 1523 4750 coram
1554 4688 1642 4752 uobis
1662 4686 1688 4747 iu

440 4785 561 4868 judicio
586 4790 818 4872 comprobavit,
850 4804 886 4852 ut
910 4792 1100 4853 Valentinus
1132 4793 1293 4875 Lepchich
1318 4807 1349 4856 et
1379 4793 1463 4856 filius
1487 4795 1594 4878 junior
1616 4795 1687 4856 Lan·

441 4892 605 4955 chinarich
622 4896 754 4958 nomine
772 4896 906 4979 Symon,
930 4898 1044 4959 silvam
1062 4899 1160 4981 ipsius
1182 4899 1282 4962 Elene
1299 4903 1358 4963 sub
1375 4901 1469 4964 vinea
1486 4921 1543 4964 sua
1560 4901 1687 4965 habitam

443 5003 692 5065 combussissent
716 5018 747 5064 et
771 5019 1036 5068 concremassent.
