3876 5798
412 581 478 660 406
780 583 870 642 Antio
892 595 985 659 1444.
1008 614 1052 625 —
1074 593 1125 660 27.
1150 583 1317 642 novembris.

417 815 507 858 suam
532 815 569 856 ex
602 795 828 857 commissione
860 808 891 856 et
922 795 1074 856 mandato
1106 793 1220 874 judicis
1248 795 1322 856 anni
1354 795 1507 877 presentis
1537 796 1679 856 venienti

417 903 534 986 pignus
558 902 698 985 recipere
723 921 789 964 non
813 901 967 984 permisit,
997 902 1053 962 sed
1078 919 1152 963 eum
1185 901 1405 982 potencialiter
1437 900 1579 980 exclusit,
1603 901 1679 962 ideo

415 1010 482 1092 ipse
508 1009 632 1091 Symon
656 1007 853 1090 Zmolchych
877 1019 986 1069 contra
1011 1009 1115 1089 ipsum
1140 1007 1281 1088 judicem
1306 1020 1337 1069 et
1360 1009 1489 1090 Juratos¹
1505 1009 1679 1070 modernos

414 1115 566 1178 remansit
590 1115 622 1176 in
646 1115 786 1196 birsagio
802 1115 950 1197 potencie
975 1113 1125 1176 videlicet
1147 1114 1307 1176 indecem
1332 1115 1446 1176 marcis
1470 1113 1675 1176 denariorum

415 1235 446 1284 et
470 1235 579 1284 contra
603 1219 762 1303 prelatum
787 1220 915 1282 Petrum
941 1238 1114 1302 preconem
1145 1220 1296 1282 remansit
1329 1221 1361 1282 in
1386 1233 1515 1282 centum
1540 1219 1680 1282 denariis

415 1328 529 1390 ordine
553 1325 720 1409 judiciario
745 1326 910 1388 convictus
933 1339 965 1388 et
988 1339 1189 1408 aggravatus.

522 1434 600 1496 ltem
625 1434 700 1516 quia
725 1433 912 1495 Franciscus
929 1431 1069 1514 frenipar
1088 1431 1173 1494 filius
1191 1433 1274 1496 Petri
1299 1432 1376 1496 dicti
1395 1431 1583 1516 Goryanecz
1601 1432 1677 1515 dya-

418 1541 522 1606 bolica
554 1540 763 1622 instigatione
803 1540 970 1622 instigatus
1001 1539 1203 1602 Clementem
1235 1559 1407 1624 preconem
1440 1540 1679 1602 communitatis

415 1647 525 1732 gladio
543 1645 700 1710 interiecit
716 1659 747 1709 et
771 1645 889 1708 occidit
917 1660 1027 1708 contra
1045 1647 1224 1708 libertatem
1242 1647 1388 1727 civitatis,
1406 1647 1556 1728 idemque
1574 1647 1678 1728 ipsum

418 1753 630 1818 homicidium
654 1753 686 1814 in
711 1753 867 1815 suburbio
884 1753 1021 1815 civitatis
1044 1753 1185 1835 predicte
1203 1767 1388 1836 perpetrans
1404 1753 1445 1815 de
1465 1753 1591 1816 civitate
1608 1773 1678 1835 pre·

418 1862 502 1924 dicta
527 1875 558 1922 et
582 1860 650 1922 eius
673 1859 834 1921 territorio
859 1879 894 1921 ac
917 1859 1072 1921 suburbio
1096 1860 1293 1922 clandestine
1316 1859 1442 1940 aufugit
1466 1873 1497 1922 et
1521 1860 1620 1922 evasit
1643 1860 1676 1920 in

418 1969 546 2049 signum
572 1979 602 2028 et
633 1963 838 2028 manifestum
871 1965 1026 2027 indicium
1058 1984 1113 2026 sue
1147 1965 1388 2048 culpabilitatis‚
1422 1965 1561 2046 ideoque
1593 1964 1678 2040 iuxta

416 2073 579 2136 decretum
604 2085 634 2134 et
656 2071 835 2134 libertatem
859 2071 995 2134 civitatis
1020 2085 1185 2154 prenotate
1218 2073 1244 2134 si
1269 2073 1302 2134 in
1327 2072 1454 2134 civitate
1478 2072 1619 2154 predicta
1645 2086 1677 2133 et

417 2181 485 2241 eius
509 2179 663 2241 suburbio
688 2199 724 2240 ac
752 2178 912 2240 territorio
944 2177 1140 2260 deprehendi
1173 2179 1300 2260 poterit,
1323 2180 1409 2261 juata
1442 2179 1596 2241 demerita
1620 2200 1678 2241 sua

416 2305 532 2366 penam
557 2285 668 2348 mortis
691 2304 788 2366 quam
813 2284 1007 2347 demeruerit
1030 2300 1252 2366 consequetur.

522 2393 599 2455 ltem
625 2392 769 2455 Thomas
793 2405 881 2454 sutor
905 2406 1013 2454 contra
1038 2391 1237 2454 Dorotheum
1262 2393 1469 2476 Kusychnam
1494 2393 1598 2476 primo
1635 2393 1679 2455 ci-

415 2513 499 2563 tatus
523 2519 589 2561 non
613 2500 802 2582 comparuit.

437 2717 534 2791 laria
562 2726 661 2790 sexta
689 2720 844 2807 proxima
872 2725 947 2808 post
975 2717 1098 2790 festum
1125 2719 1222 2791 beate
1251 2719 1431 2792 liatherlne
1458 2722 1601 2808 virginis
1629 2728 1664 2792 et

882 2845 1038 2914 martiris
1067 2840 1204 2915 Christi.

904 2999 966 3073 (27.
996 2995 1181 3079 novembris).

523 3139 601 3200 ltem
634 3139 843 3218 Benedictus,
875 3139 1021 3201 Thomas
1052 3153 1082 3200 et
1114 3140 1211 3222 Elyas
1239 3153 1363 3202 sutores
1395 3153 1504 3202 contra
1529 3140 1678 3202 Vrsulam

417 3247 560 3310 relictam
585 3245 721 3306 condam
748 3244 878 3326 Georgii
904 3247 1020 3308 sutoris
1036 3246 1112 3308 dicti
1135 3246 1353 3330 Buhwethych
1371 3247 1476 3330 primo
1500 3247 1585 3309 citati
1610 3267 1675 3308 non

419 3365 678 3434 comparuerunt.

525 3457 602 3519 ltem
628 3457 752 3519 Blasius
775 3472 863 3520 sutor
888 3471 997 3520 contra
1014 3459 1182 3520 dominum
1205 3457 1405 3520 Anthonium
1430 3459 1677 3540 prebendarium

418 3565 458 3627 ad
484 3564 743 3647 respondendum
761 3566 832 3642 sibi,
857 3567 881 3625 si
907 3567 998 3647 probi
1021 3565 1168 3626 homines
1185 3566 1267 3627 inter
1291 3585 1346 3628 eos
1362 3585 1473 3648 pacem
1491 3565 1595 3629 lacere
1613 3586 1677 3628 oon

418 3673 557 3755 poterint
581 3672 706 3733 interim
744 3673 797 3752 qui
824 3691 951 3733 causam
976 3673 1057 3733 inter
1085 3691 1139 3732 eos
1172 3671 1314 3734 habitam
1345 3673 1511 3754 usquead
1537 3673 1676 3754 primum

418 3778 573 3856 iudicium
597 3778 636 3839 ad
661 3798 771 3860 pacem
801 3792 998 3860 receperunt,
1031 3779 1062 3839 in
1095 3777 1210 3839 eodem
1235 3779 1340 3860 primo
1372 3777 1492 3858 judicio
1518 3780 1679 3840 tenebitur

419 3884 622 3967 respondere.

523 3991 600 4052 ltem
626 3991 742 4052 Paulus
758 3990 842 4053 filius
858 3991 995 4052 condam
1014 3989 1168 4051 lobannis
1193 3991 1344 4053 institoris
1360 4004 1391 4053 et
1410 3989 1555 4052 Thomas
1573 3991 1676 4053 dictus

419 4097 587 4180 Marysych
604 4099 752 4159 concives
776 4112 806 4159 et
822 4097 1056 4159 cohabitatores
1077 4098 1175 4158 nostri
1200 4117 1309 4158 causas
1329 4117 1441 4158 eorum
1464 4117 1543 4179 quas
1567 4099 1625 4180 ipsi
1644 4099 1676 4160 in

417 4202 501 4266 lacto
525 4204 753 4266 subtraccionis
777 4223 882 4264 rerum
907 4217 937 4264 et
962 4205 1121 4264 bonorum
1150 4204 1292 4265 virorum
1317 4203 1527 4285 providorum
1545 4203 1673 4287 Mathye

418 4311 533 4371 sutoris
558 4310 681 4392 pridem
707 4310 798 4390 jurati
823 4310 1028 4391 concivisque
1049 4311 1148 4370 nostri
1175 4309 1231 4370 filii
1251 4309 1427 4388 Michaelis,
1452 4323 1483 4370 et
1508 4309 1672 4372 Michaelis

419 4415 586 4498 freniparis
609 4415 666 4478 filii
692 4416 820 4478 Thome
847 4416 972 4498 pridem
997 4415 1143 4477 similiter
1170 4415 1264 4497 jurati
1289 4429 1320 4478 et
1343 4416 1483 4478 concivis
1507 4416 1618 4494 nostri,
1642 4436 1678 4478 ac

418 4523 450 4583 in
475 4521 558 4584 facto
583 4524 831 4604 repercussionis
855 4524 971 4584 domus
996 4542 1105 4584 eorum
1129 4535 1262 4599 murate‚
1288 4542 1367 4603 quas
1391 4523 1449 4604 ipsi
1476 4521 1622 4604 Mathyas
1645 4536 1677 4584 et

421 4629 557 4690 Michael
582 4628 674 4710 jurati
700 4643 809 4690 contra
841 4630 1001 4710 predictos
1025 4629 1160 4690 Paulum
1193 4642 1223 4690 et
1248 4627 1409 4690 Thomam
1435 4629 1524 4690 utin
1550 4648 1676 4691 causam

417 4747 576 4814 attractos,
601 4736 633 4796 in
658 4735 822 4816 judiciaria
847 4735 921 4796 sede
946 4735 1073 4817 publice
1099 4736 1323 4816 proponebant
1347 4749 1378 4796 et
1401 4736 1594 4814 asserebant,
1618 4755 1676 4819 pro

416 4841 534 4922 quibus
564 4841 664 4902 eciam
697 4843 799 4902 causis
832 4843 889 4923 ipsi
923 4841 1041 4902 Paulus
1073 4856 1103 4902 et
1135 4841 1281 4902 Thomas
1304 4841 1345 4902 ad
1377 4841 1622 4922 inquisicionem
1648 4855 1678 4904 et

419 4948 613 5030 peticionem
650 4949 818 5009 instantem
856 4949 1044 5009 eorumdem
1078 4948 1208 5030 Mathye
1243 4961 1272 5008 et
1305 4948 1470 5010 Michaelis
1501 4947 1677 5028 juratorum

417 5054 499 5135 capti
525 5068 555 5115 et
579 5055 610 5114 in
637 5055 818 5136 captivitate
844 5055 1020 5115 conservati
1053 5073 1088 5114 ac
1113 5053 1151 5115 ad
1178 5053 1324 5115 eculeum
1357 5055 1444 5135 ligati
1471 5053 1620 5115 conducti
1646 5069 1676 5116 et
