3852 5820
539 1473 688 1574 (llnno
719 1471 901 1564 Domini
930 1469 1190 1572 MCCCCXII).

263 1691 360 1768 ieris
388 1699 496 1768 tercia
524 1697 680 1786 proxima
710 1703 788 1768 ante
816 1695 940 1768 festum
977 1697 1153 1768 beatorum
1184 1695 1273 1768 Petri
1304 1705 1337 1768 et
1367 1695 1462 1768 Pauli

745 1819 985 1909 apostolorum.

761 1985 829 2068 (28.
848 1989 964 2066 sunit).

324 2160 401 2207 tem
427 2146 564 2207 lacobus
596 2145 743 2208 Horuath
774 2159 883 2207 contra
910 2146 1081 2207 Lucasium
1109 2146 1251 2208 secundo
1283 2147 1396 2208 citatus
1429 2167 1493 2210 non

311 2221 527 2333 lcompsruit.

256 2355 272 2398 ⁹
319 2343 416 2420 'Item
440 2376 534 2418 csusa
567 2357 677 2420 Jacobi
710 2357 767 2419 filii
801 2357 927 2420 Perulro
959 2370 990 2418 et
1018 2357 1131 2418 Briccii
1163 2357 1330 2440 piscatoris
1354 2359 1385 2421 ln
1412 2358 1496 2422 facto

235 2465 373 2527 duorum
399 2463 596 2526 florenorum
621 2464 661 2525 sd
685 2477 758 2526 octo
783 2463 852 2526 dies
875 2477 922 2526 est
946 2475 1127 2544 prorogata.

340 2569 419 2632 Item
444 2588 538 2630 causa
556 2569 711 2632 Iohannis
727 2569 784 2632 lilii
802 2569 939 2652 Myklini
961 2581 992 2631 et
1009 2568 1094 2630 lwan
1112 2567 1276 2631 fabrorum
1293 2569 1333 2631 ad
1347 2583 1496 2634 octavum

234 2677 321 2739 dIem
346 2689 392 2738 est
416 2675 456 2737 ad
481 2695 593 2757 pacem
617 2689 742 2757 recepta
767 2689 798 2738 et
821 2687 1002 2758 prorogata.

343 2781 421 2844 Item
450 2780 536 2843 stn
568 2779 658 2843 faber
692 2781 845 2844 Prezmelr
875 2794 984 2844 contra
1008 2779 1216 2843 Valentinum
1248 2782 1353 2864 primo
1384 2783 1498 2845 citatus

234 2908 300 2950 non
324 2887 514 2969 comparuit.

338 2993 417 3055 Item
434 3012 565 3055 consors
582 2993 711 3055 Martini
735 2993 853 3055 sutoris
869 3005 979 3055 contra
996 3012 1128 3055 uxorem
1147 2993 1253 3076 Herga
1272 2994 1377 3076 prImo
1401 2995 1495 3056 citata

234 3119 300 3161 non
324 3099 513 3182 comperuit.

340 3207 417 3269 Item
441 3207 632 3269 Valentinus
656 3205 783 3290 Molych
816 3219 926 3268 contrs
950 3205 1122 3268 Crisanum
1154 3206 1258 3288 primo
1283 3206 1397 3268 citatus
1429 3225 1495 3267 non

233 3314 424 3396 comparuit.

340 3419 417 3482 Item
442 3418 535 3500 iurati
560 3417 744 3498 judicarunt
766 3437 896 3480 causam
926 3417 1008 3478 inter
1039 3416 1198 3498 Agatham
1223 3429 1255 3479 et
1281 3417 1494 3480 Laurentium

232 3547 268 3587 oc
294 3524 471 3608 Georgium
487 3523 592 3587 Vulclr
616 3543 667 3602 eo,
684 3523 772 3606 quod
797 3523 864 3606 ipse
886 3521 1046 3604 Georgius
1063 3523 1193 3584 eosdem
1210 3523 1401 3602 verberavit,
1419 3523 1493 3586 ideo

234 3632 301 3712 ipse
327 3628 487 3712 Georgius
510 3629 642 3692 cuilibet
666 3648 779 3692 eorum
812 3629 843 3690 in
873 3628 998 3691 duabus
1021 3629 1135 3690 marcis
1166 3627 1336 3704 remansit;
1361 3627 1400 3690 de
1425 3647 1491 3710 quo

231 3735 353 3816 iudicio
377 3735 445 3818 ipse
469 3733 629 3816 Georgius
653 3755 717 3796 non
743 3747 910 3796 contentus
926 3733 967 3796 od
985 3733 1134 3815 antIquos
1157 3733 1281 3816 judices
1305 3733 1492 3816 appellavit.

339 3841 417 3904 Item
442 3841 517 3922 quia
541 3841 733 3903 Dominicus
754 3853 855 3902 sartor
879 3837 964 3902 filius
997 3839 1216 3902 Bartholomei
1242 3841 1275 3902 In
1300 3837 1440 3904 facinore
1466 3853 1497 3903 et

232 3946 263 4007 in
291 3947 456 4008 cuiusdam
474 3946 617 4029 scampoi
635 3947 802 4009 torcularis
826 3945 989 4010 Iurticinio
1007 3947 1223 4028 deprehensus
1240 3947 1404 4027 extitisset,
1422 3947 1496 4009 ideo

231 4051 456 4132 adjudicarunt
480 4065 514 4114 ut
538 4071 612 4114 eum
636 4051 676 4114 ad
702 4051 850 4114 eculeum
873 4052 965 4134 lIgari
994 4041 1114 4114 debent
1137 4065 1169 4114 et
1192 4073 1288 4114 unam
1314 4053 1495 4115 auriculum

231 4159 351 4236 abcidi,
389 4171 484 4240 atque
509 4157 549 4220 de
573 4157 701 4220 civitate
725 4157 860 4240 turpiter
892 4157 1073 4239 expellere;
1105 4171 1136 4218 et
1169 4157 1244 4239 quia
1268 4157 1327 4218 viri
1352 4157 1493 4238 religiosi

233 4279 263 4325 et
289 4283 424 4346 persone
450 4263 661 4326 ecclesiastice
680 4283 738 4345 pro
756 4282 795 4325 eo
819 4282 913 4324 causa
937 4262 989 4323 dei
1011 4263 1265 4340 intercesserunt,
1292 4261 1365 4324 ideo
1390 4262 1496 4324 eidem

234 4369 409 4432 DomInico
432 4370 573 4452 graciam
598 4367 732 4430 lecimus
765 4371 819 4447 ita,
850 4368 938 4451 quod
962 4370 988 4430 si
1012 4369 1151 4451 amplius
1183 4369 1214 4429 In
1239 4367 1381 4430 facioors
1405 4387 1495 4450 rspe-

232 4477 356 4554 riretur,
381 4488 459 4538 tunc
483 4495 557 4536 eum
582 4475 733 4557 suspendi
758 4475 887 4538 debent.

339 4581 417 4644 Item
442 4581 517 4664 quia
536 4581 667 4644 Laadlro
683 4581 905 4644 testimonium
925 4599 1019 4641 suum
1037 4599 1144 4642 coram
1162 4579 1256 4642 nobis
1273 4592 1382 4642 contra
1399 4579 1495 4640 Nico·

231 4687 318 4748 laum
344 4686 460 4770 Ztrych
493 4686 669 4769 producere
701 4684 822 4748 debens
846 4695 911 4747 riou
944 4685 1095 4768 produxit
1130 4685 1258 4768 pluries,
1291 4683 1364 4746 ideo
1390 4683 1494 4765 ipsum

232 4793 403 4855 Nicolaum
429 4791 544 4874 Ztrych
568 4793 789 4854 commisimus
814 4791 1010 4874 expeditum.

338 4899 416 4961 Item
441 4899 516 4979 quia
541 4897 670 4960 Gerdsla
697 4913 785 4960 sutor
814 4899 1020 4960 Petrum...
1054 4898 1085 4958 In
1110 4895 1194 4959 facto
1220 4895 1371 4958 forticioii
1396 4915 1493 4977 pecu·

234 5004 357 5065 nlarum
390 5023 450 5064 con
470 5050 605 5065 ......
632 5023 704 5084 suo¹
724 5003 764 5064 de
793 5004 896 5085 capite
928 5003 960 5063 In
993 5017 1087 5084 caput
1118 5002 1260 5064 snnotati
1290 5001 1372 5062 Petri
1399 5047 1495 5078 ....,

1399 5128 1407 5168 r

313 2119 323 2166 I
