3740 5810
777 547 863 604 Anno
885 559 977 623 1420.
1002 579 1045 589 —
1069 560 1117 607 12.
1133 544 1293 623 januan't'.

511 756 587 818 Item
616 756 796 840 Stephanus
819 758 950 841 pellifex
977 771 1086 822 contra
1115 759 1290 820 Martinum
1314 756 1491 842 Goychech
1522 756 1662 820 secundo

405 863 518 924 citatus
541 866 828 947 non‘comparuit.

471 1061 567 1137 Furia
595 1069 701 1139 tercIa
731 1069 883 1156 proxima
913 1075 991 1140 ante
1029 1068 1151 1140 lestum
1179 1068 1270 1138 beati
1298 1065 1422 1138 Thomu
1450 1066 1603 1156 apostoli

892 1225 957 1296 (19.
988 1221 1160 1296 decembre).

511 1361 667 1423 Martinus
699 1359 874 1445 Goychech
907 1375 1015 1454 contra
1045 1361 1181 1424 Paulum
1215 1362 1398 1444 sagiparum
1420 1361 1525 1442 primo
1549 1358 1665 1421 citatus

403 1487 467 1530 non
494 1467 683 1551 comparuit.
778 1485 781 1494 ’

509 1574 586 1636 Item
611 1575 736 1635 Iwanelr
761 1587 849 1636 sutor
866 1595 938 1636 curn
963 1573 1103 1636 evidenti
1121 1574 1306 1637 testimonio
1323 1573 1356 1636 id
1380 1571 1612 1655 comprobavit,
1630 1583 1667 1631 ut

405 1681 481 1742 dum
507 1682 674 1744 Emericus
697 1679 793 1743 frater
816 1701 892 1743 suus
916 1682 948 1742 in
977 1681 1126 1743 extremis
1157 1681 1342 1758 laborasset,
1374 1693 1450 1741 tunc
1473 1695 1535 1740 tres
1558 1689 1665 1759 partes

404 1789 520 1850 domus
543 1809 599 1851 sue
624 1789 683 1870 Ipsi
709 1788 836 1850 Iwanelr
861 1803 892 1849 et
915 1803 1062 1870 quartam
1093 1801 1216 1870 partem
1241 1785 1441 1869 Margarethe
1472 1785 1579 1847 relicte
1604 1803 1662 1844 sue

401 1896 667 1958 testamentaliter
699 1895 878 1977 legavisset,
911 1909 941 1956 et
972 1895 1087 1956 uItImo
1120 1891 1285 1956 Dionisius
1316 1891 1548 1976 comprobavit,
1574 1890 1665 1972 quod

400 2001 514 2064 eadem
540 2001 739 2083 Margaretha
764 2001 852 2083 quod
877 2001 978 2082 ipsam
1002 2013 1126 2083 partem
1146 2014 1293 2083 quartam
1316 2001 1377 2083 ipsi
1403 1998 1550 2060 DionIsio
1575 1999 1663 2078 lega-

400 2107 495 2170 visset
517 2122 548 2169 et
571 2107 658 2169 idem
683 2107 848 2169 Dionisius
871 2107 1008 2170 eandem
1026 2119 1172 2188 quartam
1196 2119 1319 2189 partem
1345 2105 1461 2168 domus
1484 2117 1665 2166 memorato

402 2213 527 2274 Iwanelr
551 2233 610 2295 pro
634 2213 719 2276 XIIII
743 2213 873 2275 florenis
896 2213 1102 2275 vendidisset.

508 2320 586 2382 Item
611 2319 779 2382 Elizabeth
802 2320 911 2382 relicta
937 2320 1101 2382 Benedicti
1120 2319 1249 2382 Cralich
1274 2319 1306 2380 id
1323 2338 1397 2380 cum
1421 2316 1561 2379 evidenti
1576 2315 1664 2377 testi·

402 2425 513 2487 monio
531 2427 764 2508 comprobavit,
788 2439 824 2488 ut
847 2425 925 2488 dum
943 2425 1029 2488 idem
1047 2425 1240 2488 Benedictus
1257 2425 1289 2486 in
1306 2424 1455 2486 extremis
1478 2423 1665 2498 laborasset,

399 2543 475 2592 tunc
500 2531 627 2593 vineam
652 2551 742 2593 suam
767 2533 800 2593 in
824 2545 935 2593 nostro
958 2532 1119 2594 territorio
1143 2532 1203 2613 ipsi
1230 2529 1396 2592 Elizabcth
1422 2527 1601 2590 dimisisset.

505 2637 584 2698 Item
609 2636 769 2718 Georgius
793 2637 933 2700 Puchich
958 2651 1067 2700 contra
1091 2638 1293 2700 Anthonium
1318 2636 1457 2718 judIcem
1482 2635 1584 2716 prImo
1618 2633 1662 2694 ci·

399 2755 482 2804 tatus
504 2763 569 2804 non
594 2745 783 2826 comparuit.

504 2849 621 2912 Paulus
647 2850 823 2912 Sollrouich
846 2863 956 2913 contra
974 2849 1137 2912 Thomam
1162 2849 1306 2912 Ochuirlr
1330 2849 1435 2932 primo
1460 2848 1572 2910 citatus
1594 2865 1661 2908 non

399 2957 588 3038 comparuit.

504 3063 583 3126 Item
607 3083 701 3126 causa
734 3064 815 3126 inter
847 3063 1081 3145 Margaretham
1106 3077 1136 3125 et
1169 3062 1347 3145 Georgium
1381 3059 1579 3144 Oprasnicha
1611 3079 1660 3121 re-

399 3182 489 3251 cepta
514 3169 624 3232 estad
648 3189 759 3252 pacem
785 3171 825 3232 ad
849 3170 989 3252 primum
1014 3170 1181 3251 judIcium.

506 3276 583 3338 Item
608 3277 791 3339 AnthonIus
815 3276 899 3339 filius
930 3278 1055 3338 Nicolai
1087 3296 1161 3338 cum
1189 3275 1331 3338 evidenti
1361 3274 1545 3337 testimonio
1571 3292 1660 3336 com-

398 3382 545 3463 probavit
562 3396 596 3444 ut
620 3383 742 3465 AgIcha
767 3383 928 3466 pivaricha
945 3383 1085 3446 eundem
1107 3385 1188 3445 circa
1210 3402 1242 3444 se
1266 3381 1487 3463 assumpsisset
1510 3380 1661 3442 omnium

400 3490 569 3566 bonorum,
607 3490 756 3553 videlicet
787 3491 973 3552 victualium
1013 3491 1165 3553 directam
1197 3491 1403 3553 medietatem
1440 3488 1544 3550 eidem
1584 3487 1663 3549 dare

399 3595 629 3677 assumpsisset.

470 3775 566 3850 terta
595 3787 692 3852 sexta
722 3785 876 3870 proxima
903 3793 980 3872 post
1008 3783 1129 3854 lestum
1158 3780 1419 3872 Epiphanlarum
1447 3781 1587 3852 Domini.

803 3937 866 4006 (12.
881 3931 1032 4013 januarii,
1056 3953 1125 3995 ann.
1150 3937 1257 4013 1420).

506 4054 687 4138 Stephanus
710 4058 836 4118 institor
860 4072 969 4119 contra
995 4057 1206 4120 Benedictum
1229 4056 1330 4118 filium
1355 4056 1417 4118 ler
1443 4055 1546 4138 primo
1570 4068 1661 4117 tene·

400 4162 486 4224 bitur
510 4175 648 4244 prestare
666 4162 891 4243 juramentum,
917 4164 1005 4246 quod
1026 4165 1093 4246 lpse
1111 4163 1291 4246 Stephanus
1317 4165 1421 4245 ipsum
1447 4161 1658 4224 Benedictum

398 4287 463 4328 non
488 4269 677 4350 apreciasset
701 4270 739 4330 ad
763 4270 928 4350 Venecias,
954 4284 984 4332 et
1011 4272 1152 4332 secundo
1178 4271 1210 4331 In
1233 4290 1283 4350 eo,
1307 4271 1396 4352 quod
1420 4270 1526 4352 ipsum
1551 4270 1658 4347 rebus,

399 4374 495 4435 armis
519 4388 550 4435 et
572 4375 714 4437 vestibus
738 4395 802 4436 non
827 4377 1002 4458 spoliasset.

504 4480 581 4542 Item
607 4482 705 4543 Lucis
728 4481 837 4543 relicta
862 4481 993 4564 Georgii
1013 4497 1122 4545 contra
1148 4483 1284 4546 Elenam
1309 4481 1386 4544 ieria
1410 4496 1496 4545 sexta
1513 4483 1658 4564 proxIms

398 4599 470 4668 post
494 4585 609 4648 festum
635 4587 889 4670 Epiphaniarum
909 4589 1040 4651 Domini
1061 4590 1160 4650 tercio
1185 4609 1218 4650 se
1234 4590 1395 4651 tenebitur
1419 4601 1557 4672 prestare
1575 4587 1658 4668 jura-

400 4707 555 4772 mentum,
581 4694 668 4775 quod
694 4695 761 4776 ipsa
786 4694 883 4756 Lucia
919 4715 982 4757 non
1016 4696 1221 4758 subtraxisset
1245 4697 1344 4778 ipsius
1376 4711 1522 4758 auratum
1546 4713 1659 4756 manu-

398 4799 534 4880 tergium
561 4813 591 4860 et
614 4799 690 4862 allas
715 4821 773 4862 res.

506 4906 583 4968 Item
616 4927 709 4968 causa
734 4909 816 4969 inter
848 4907 1057 4969 Benedictum
1091 4909 1164 4971 Dile
1192 4925 1222 4972 et
1254 4909 1372 4970 Malich
1396 4923 1521 4992 recepta
1545 4909 1657 4970 estad

399 5031 512 5104 pacem
537 5012 576 5074 ad
600 5013 740 5098 primum
765 5013 930 5095 judicium.
