3796 5812
224 695 358 702 ...-...-..
381 696 491 702 -.--.
526 695 719 702 .-.-.-...
878 697 946 702 .-.-
1425 591 1490 670 469

327 799 406 862 Item
439 799 584 882 Dragcch
609 814 710 862 sartor
741 819 839 882 gener
864 800 946 862 Petri
972 800 1048 862 dicti
1073 799 1150 880 Tot,
1174 800 1304 864 Andrce
1330 803 1485 884 Hungaro

222 905 419 985 stipendario
444 925 545 988 usque
568 906 748 988 quindenas
778 906 863 986 juxta
897 905 1131 968 continenciam
1164 905 1329 969 literarum
1355 909 1489 970 Ioannis

221 1012 320 1075 Vasas
342 1013 444 1075 solvet
467 1013 581 1093 viginti
606 1013 685 1074 duas
711 1031 832 1075 marcas
857 1012 1074 1074 denariorum.

328 1118 408 1182 Item
433 1118 609 1200 Gregorius
625 1133 726 1180 sartor
746 1131 855 1180 contra
873 1119 1089 1200 Dragozlaum
1107 1119 1246 1182 condam
1271 1120 1409 1202 juratum
1427 1142 1483 1204 per

222 1225 378 1287 Iacobum
403 1225 493 1302 Bole‚
519 1223 712 1306 Gregorium
737 1225 855 1306 Angeli
880 1239 911 1286 et
935 1227 1104 1287 Marenum
1128 1225 1267 1308 juratum
1292 1225 1369 1289 feria
1387 1228 1484 1290 tercia

221 1333 368 1415 proxime
392 1345 536 1411 ventura,
560 1331 639 1414 quid
664 1331 740 1413 ipsis
765 1331 804 1394 de
832 1329 916 1394 facto
941 1332 1130 1394 eorumdem
1156 1346 1288 1414 constat,
1314 1336 1483 1398 attestabit.

330 1437 408 1500 Item
426 1457 518 1499 causa
543 1436 669 1499 Nicolai
694 1435 765 1497 ruffi
790 1437 927 1498 condam
955 1436 1069 1517 judicis
1094 1451 1204 1499 contra
1229 1439 1393 1502 Matheifro
1418 1425 1485 1502 car-

222 1542 349 1606 nificem
375 1564 432 1627 per
457 1543 651 1626 GregorIum
680 1563 817 1625 vosgyar
848 1542 1097 1624 etGregorium
1122 1544 1240 1625 Angeli
1271 1546 1311 1608 ad
1336 1560 1485 1624 octavum

223 1649 309 1711 diem
334 1651 374 1712 ad
399 1669 510 1732 pacem
540 1663 586 1713 est
609 1663 745 1732 recepta.

329 1756 406 1818 Item
430 1776 523 1818 causa
548 1756 658 1818 Jacobi
683 1755 762 1817 Bole
794 1767 904 1818 contra
928 1755 1140 1819 Benedictum
1164 1758 1291 1821 Mezera
1323 1778 1380 1840 per
1405 1758 1484 1820 Gre-

219 1862 347 1944 gotium
372 1882 509 1946 vosgyar
525 1875 556 1925 et
572 1861 790 1943 Dragozfaum
814 1862 954 1945 juratum
978 1862 1017 1924 ad
1036 1878 1186 1926 octavum
1204 1865 1290 1927 diem
1314 1865 1354 1927 ad
1371 1883 1484 1948 pacem

222 1983 268 2030 est
291 1983 429 2051 recepta.

327 2075 405 2138 Item
430 2074 583 2158 Gyurgek
614 2094 705 2137 socer
729 2075 812 2137 Petri
844 2089 954 2138 contra
987 2075 1159 2138 Nicolaum
1184 2074 1355 2138 Gerbauch
1379 2077 1483 2158 prImo

223 2181 337 2244 citatus
368 2201 433 2243 non
458 2181 648 2263 comparuit.

326 2287 404 2350 Item
429 2287 591 2350 Iohannes
616 2287 763 2369 PIahtigh
781 2301 891 2350 contra
909 2287 1095 2371 Gyaninum
1121 2288 1190 2350 Bon
1207 2288 1349 2350 secundo
1368 2289 1482 2351 citatus

222 2412 286 2455 non
313 2394 502 2476 comparuit.

329 2499 407 2562 Item
433 2501 549 2583 Mykus
573 2499 711 2562 carnifex
733 2514 843 2562 contra
861 2500 1017 2562 Iacobum
1043 2501 1222 2562 institorem
1240 2500 1345 2583 primo
1370 2501 1484 2564 citatus

222 2626 287 2668 non
313 2607 502 2690 comparuit.
948 2687 950 2696 y

330 2713 406 2776 Item
433 2733 526 2775 causa
544 2713 676 2775 domIne
694 2713 799 2775 Iwane
816 2711 1013 2775 Wlkouiche
1030 2725 1140 2775 contra
1157 2712 1305 2775 Matheus
1322 2713 1483 2795 hIebopek

219 2839 276 2902 per
310 2821 439 2882 Petrum
473 2819 665 2901 Hungacum
697 2834 728 2882 et
752 2819 936 2882 Di0nisium
969 2819 1089 2880 dictum
1122 2818 1229 2881 Ilench
1262 2819 1302 2881 ad
1334 2833 1483 2882 octavum

220 2925 305 2987 diem
330 2925 370 2987 ad
395 2945 506 3008 pacem
532 2938 578 2988 est
602 2939 737 3006 recepta.

329 3032 406 3094 Item
432 3031 608 3115 Gregorius
632 3032 735 3094 dictus
760 3031 925 3116 Preychyn
942 3044 1050 3094 contra
1077 3031 1274 3114 Stephanum
1292 3029 1395 3092 filium
1416 3030 1483 3093 Ste-

219 3139 317 3222 phani
343 3152 457 3202 octavo
482 3139 533 3200 die
558 3139 775 3222 respondebit.

325 3245 403 3308 Item
428 3245 535 3307 Endre
562 3245 627 3328 Syb
652 3259 761 3306 contra
794 3226 993 3326 Stephanum
1024 3242 1162 3326 juratum
1195 3242 1338 3304 secundo
1370 3242 1483 3304 citatus

221 3371 286 3413 non
319 3351 508 3434 comparuit.

326 3457 403 3520 Item
428 3457 559 3519 domina
577 3475 707 3518 consors
724 3456 863 3518 Emerici
880 3456 1018 3539 IapIcide
1035 3469 1144 3517 contra
1162 3455 1290 3518 Gerdak
1316 3475 1480 3518 cursorem

219 3565 361 3626 secundo
396 3563 489 3626 citata
515 3583 579 3625 non
604 3563 791 3646 comparuit.

326 3669 404 3731 Item
430 3670 559 3732 Lachko
583 3668 749 3753 Borchych
782 3683 891 3731 contra
917 3668 1110 3750 Gregorium
1136 3687 1271 3752 vosgyar
1303 3669 1407 3751 primo
1439 3670 1481 3730 ci-

220 3788 303 3838 tatus
328 3795 394 3838 non
419 3775 607 3860 comparuit.

325 3882 403 3945 Item
430 3902 523 3944 causa
549 3881 688 3964 Philippi
713 3880 769 3943 filii
795 3881 899 3942 Mauri
924 3895 1032 3942 contra
1058 3880 1228 3943 Nicolaum
1253 3879 1355 3942 filium
1383 3880 1481 3942 Dolas

218 4009 274 4070 per
301 3989 420 4050 Lucam
451 3988 650 4070 selliparium
674 4001 704 4050 et
736 3987 890 4049 Cosmam
921 3985 1120 4049 aurifabrum
1151 3986 1192 4049 ad
1216 3999 1366 4048 octavum
1392 3986 1478 4048 diem

218 4095 258 4157 ad
283 4115 394 4178 pacem
418 4109 464 4157 est
488 4109 624 4176 recepta.

327 4201 404 4264 Item
440 4221 534 4264 causa
568 4201 721 4284 Stephani
753 4201 941 4284 carpentarii
974 4213 1082 4263 contra
1115 4200 1251 4262 Paulum
1283 4197 1479 4261 aurifabrum

221 4328 277 4391 per
301 4309 457 4370 Iacobum
481 4307 661 4370 carnificem
691 4321 722 4369 et
754 4307 952 4388 Stephanum
984 4305 1109 4368 fabrum
1137 4306 1176 4367 ad
1209 4319 1357 4367 octavum
1392 4306 1479 4368 diem

219 4415 258 4476 ad
284 4434 396 4497 pacem
422 4429 467 4476 est
491 4428 628 4496 recepta.

326 4521 404 4583 Item
430 4520 514 4582 Iwan
539 4519 685 4604 Zperden
711 4533 820 4583 contra
845 4521 974 4582 Petrum
995 4519 1098 4581 filium
1123 4519 1246 4581 Ceuetk
1269 4517 1411 4590 secundo
1435 4519 1477 4580 ci-

218 4642 301 4690 tatus
325 4647 390 4688 non
416 4628 605 4709 comparuit.

324 4733 401 4795 Item
426 4753 520 4795 causa
546 4732 676 4797 Gerdak
699 4733 836 4794 cursoris
852 4743 962 4793 contra
986 4731 1187 4794 Anthonium
1213 4731 1346 4792 Truden
1372 4731 1414 4792 ita
1431 4744 1477 4793 est
1522 4711 1525 4718 ⁴

217 4841 373 4922 judicata,
407 4840 495 4921 quod
527 4859 622 4922 super
654 4851 771 4921 quanta
812 4857 845 4900 re
878 4838 965 4900 idem
997 4837 1126 4900 Gerdak
1156 4838 1243 4900 solus
1280 4851 1393 4899 octavo
1424 4837 1476 4898 die

218 4946 346 5026 jurabit,
379 4961 532 5028 quantam
563 4966 631 5008 rem
663 4963 763 5007 unum
796 4944 938 5026 palleum
969 4957 1000 5006 et
1031 4965 1113 5006 unus
1145 4944 1247 5026 pileus
1272 4957 1302 5006 et
1325 4945 1477 5006 satulares

219 5054 356 5132 valeant,
381 5054 517 5114 eandem
543 5052 629 5114 idem
646 5051 829 5113 Anthonius
852 5050 964 5112 solvet.
