3734 5796
519 727 595 788 Item
632 728 723 808 jurati
761 726 1025 807 adjudicaverunt
1060 747 1187 787 causam
1226 727 1307 788 inter
1342 728 1498 789 Jacobum
1534 728 1674 808 judicem

411 833 516 894 filium
541 834 696 896 lobannis
720 834 822 917 Bolye
845 847 876 896 et
909 834 989 894 inter
1015 833 1141 894 Petrum
1168 833 1358 914 Hungarum
1391 833 1494 896 filiurn
1521 835 1611 896 Pauli
1634 837 1675 897 si-

411 942 529 1002 militer
553 941 692 1021 judicem
723 941 876 1019 habitam,
909 959 948 1001 eo
982 938 1092 1018 modo,
1123 955 1157 1000 ut
1182 940 1248 1022 ipse
1282 940 1419 1001 lacobus
1444 940 1540 1022 judex
1572 941 1675 1022 jurare

410 1048 505 1109 debet
527 1062 641 1110 octavo
666 1048 717 1109 die
742 1067 837 1129 super
861 1066 947 1108 aram
973 1047 1005 1107 iu
1030 1046 1163 1108 ecclesia
1200 1047 1298 1108 sancti
1324 1047 1422 1108 Marci
1448 1068 1545 1130 super
1568 1069 1618 1126 e0,
1641 1063 1679 1110 ut

410 1155 477 1234 ipse
503 1155 641 1215 lacobus
665 1153 759 1234 judex
786 1173 844 1214 nec
874 1153 906 1214 in
940 1153 984 1214 ira
1009 1173 1067 1214 nec
1100 1153 1132 1214 in
1157 1151 1237 1213 furia
1270 1173 1375 1234 neque
1400 1153 1501 1216 eciam
1526 1155 1559 1216 in
1591 1156 1678 1216 bona

409 1260 573 1322 voluntate
598 1260 678 1321 dixit
702 1259 795 1320 Petro
821 1258 917 1334 judici
942 1259 1097 1340 predict0,
1122 1259 1209 1340 quod
1235 1259 1274 1321 de
1300 1273 1406 1322 meatu
1430 1279 1489 1322 suo
1514 1281 1590 1323 vero
1615 1260 1677 1322 flu-

410 1366 497 1426 vium
522 1365 761 1428 Chernomercz
785 1365 849 1426 hoc
873 1385 959 1426 anno
984 1365 1140 1426 emisisset
1164 1384 1236 1426 cum
1254 1365 1363 1446 ligone
1388 1365 1619 1428 transfodendo
1644 1383 1678 1429 et

411 1472 728 1554 transligonizand03
752 1487 827 1532 tunc
845 1472 991 1552 deposito
1015 1473 1085 1553 ipso
1102 1471 1282 1552 juramento
1300 1473 1405 1534 eidem
1431 1474 1552 1536 Jacobo
1575 1473 1675 1554 judici

410 1577 448 1637 de
473 1578 615 1660 dampno
639 1597 697 1639 suo
722 1578 815 1658 jurati
840 1577 1045 1639 satisfacient.

516 1684 593 1746 Item
626 1685 778 1746 Nicolaus
810 1685 953 1746 literatus
992 1697 1120 1746 exactor
1150 1684 1381 1746 tricesimarum
1411 1685 1528 1767 jurabit
1560 1703 1674 1748 octavo

409 1789 460 1850 die
486 1810 581 1872 super
605 1810 691 1852 aram
716 1811 812 1872 super
835 1811 874 1852 eo
891 1805 1001 1852 contra
1020 1791 1194 1852 Martinum
1218 1791 1357 1872 judicem
1382 1811 1481 1873 penes
1505 1793 1674 1873 registrum

408 1916 501 1977 super
526 1916 564 1958 eo
588 1917 644 1978 per
669 1897 946 1978 adjudicacionem
978 1897 1166 1978 juratorum,
1190 1913 1224 1958 ut
1255 1899 1322 1979 ipse
1348 1898 1500 1960 Nicolaus
1524 1899 1673 1960 literatus

408 2003 509 2084 ipsam
533 2003 726 2064 tricesimam
751 2005 789 2065 ab
815 2004 884 2084 ipso
910 2004 1048 2064 Martino
1065 2003 1170 2084 judice
1195 2003 1448 2085 provenientem,
1474 2005 1580 2066 eidem
1606 2025 1672 2066 non

408 2109 597 2188 remisisset,
622 2125 653 2170 et
684 2109 831 2191 deposito
865 2110 934 2191 ipso
966 2110 1146 2190 juramento
1171 2111 1238 2192 ipse
1270 2111 1426 2171 Martinus
1450 2111 1546 2191 judex
1570 2112 1672 2193 ipsam

407 2215 600 2276 tricesimam
624 2217 804 2297 persolvere
829 2216 968 2280 debebit.

516 2322 592 2382 ltem
617 2321 734 2404 jurabit
759 2323 870 2384 Petrus
892 2336 979 2383 sutor
1002 2321 1101 2383 tercio
1135 2342 1167 2382 se
1197 2323 1341 2404 personis
1372 2323 1432 2384 sibi
1457 2323 1617 2385 similibus
1640 2325 1671 2384 in

408 2428 539 2489 ecelesia
566 2429 650 2488 beati
685 2429 783 2489 Marci
816 2429 1020 2509 ewangeliste
1051 2448 1146 2510 super
1174 2447 1261 2488 aram
1292 2441 1398 2490 sancte
1423 2428 1537 2490 Crucis
1562 2442 1671 2490 contra

407 2548 529 2616 partem
555 2535 722 2595 adversam
747 2555 896 2616 supereo
922 2535 952 2596 in
979 2534 1061 2596 facto
1079 2533 1245 2596 cuiusdam
1263 2535 1342 2595 cutis
1367 2534 1485 2595 bovine
1509 2555 1670 2617 supereo,

407 2641 496 2722 quod
521 2641 588 2722 ipse
612 2641 806 2720 nescivisset,
832 2640 920 2722 quod
945 2641 1012 2721 ipsa
1045 2641 1126 2702 cutis
1150 2640 1260 2703 fuisset
1291 2642 1461 2719 subtracta,
1487 2661 1545 2702 nec
1571 2643 1670 2724 ipsam

407 2750 599 2809 subtractam
624 2748 727 2808 sciens
751 2761 975 2829 comparasset.

511 2853 590 2914 ltem
614 2873 743 2914 causam
777 2855 858 2915 iuter
890 2854 1064 2915 Martinum
1096 2853 1235 2936 judicem
1265 2867 1296 2915 et
1327 2853 1409 2915 inter
1433 2853 1599 2936 Mathyam
1625 2854 1670 2932 ju·

408 2971 510 3019 ratum
534 2979 690 3038 generum
716 2959 873 3020 Rakarich
897 2975 1019 3022 motam
1044 2974 1075 3022 et
1091 2973 1266 3022 vertentem
1292 2979 1399 3021 coram
1425 2959 1546 3041 juratis,
1571 2960 1668 3022 iidem

406 3065 498 3144 jurati
524 3065 564 3126 ad
595 3066 735 3147 primum
768 3066 922 3145 iudicium
955 3088 1012 3150 pro
1037 3067 1136 3149 ipsius
1168 3086 1261 3128 cause
1293 3067 1531 3128 deliberacione
1556 3087 1666 3149 proro-

405 3186 571 3252 gaverunt.

459 3406 554 3480 feria
581 3417 681 3481 sexta
709 3413 865 3500 proxima
893 3419 971 3482 ante
999 3411 1122 3482 festum
1151 3412 1248 3482 beate
1276 3410 1458 3500 lilyzabetb
1485 3413 1595 3483 vidue.

892 3561 960 3640 (18,
993 3565 1177 3641 novembris).

513 3703 591 3764 ltem
621 3705 759 3765 lacobus
783 3705 875 3766 aliter
893 3705 1022 3765 laxinus
1046 3719 1177 3766 vocatus
1201 3703 1287 3765 filius
1304 3705 1388 3765 Petri
1414 3704 1537 3786 Saphar
1562 3720 1669 3766 contra

406 3809 574 3870 dominum
594 3811 723 3872 Petrum
744 3811 976 3889 sacristianum,
993 3812 1178 3872 servitorem
1198 3810 1321 3871 domini
1339 3811 1495 3871 lobannis
1519 3811 1667 3888 custodis,

405 3917 509 3997 primo
534 3917 647 3977 citatus
672 3936 737 3977 non
763 3918 952 3998 comparuit.

511 4023 588 4084 ltem
607 4024 682 4104 quia
699 4025 746 4083 vir
763 4023 916 4105 providus
929 4024 1022 4084 Vitus
1038 4019 1177 4084 carnifex
1195 4021 1279 4083 filius
1300 4023 1448 4106 Dyonisii
1465 4023 1541 4084 dicti
1559 4023 1666 4085 Biber-

405 4129 523 4208 warad,
559 4130 699 4190 concivis
724 4143 840 4208 noster,
873 4130 905 4190 id
938 4149 1010 4190 cum
1041 4127 1211 4190 sufficienti
1236 4143 1267 4190 et
1298 4128 1462 4210 fidedigno
1487 4143 1666 4192 nostrorum

404 4236 588 4296 concivium
612 4237 798 4296 testimonio
822 4237 854 4296 in
876 4236 950 4296 sede
968 4249 1075 4296 nostra
1099 4235 1265 4316 judiciaria
1282 4236 1365 4296 clare
1390 4251 1421 4297 et
1445 4237 1563 4298 seriose
1581 4257 1666 4299 com·

404 4342 552 4423 probavit
576 4361 681 4403 coram
702 4343 804 4421 nobis,
830 4355 864 4403 ut
886 4342 962 4403 dum
980 4341 1134 4424 providus
1150 4342 1287 4403 condam
1313 4343 1360 4402 vir
1377 4341 1513 4404 Cosmas
1530 4343 1665 4405 carnifex

404 4447 488 4509 lilius
512 4448 678 4510 Benedicti
705 4449 868 4510 Zobanich
894 4449 968 4510 dicti
994 4449 1026 4509 in
1044 4447 1192 4508 extremis
1216 4449 1280 4510 vite
1304 4468 1361 4510 sue
1377 4450 1566 4530 temporalis
1581 4451 1665 4511 labo·

403 4570 512 4634 rasset,
536 4569 612 4616 tunc
638 4557 704 4638 ipse
729 4557 902 4638 quamdam
927 4556 1061 4616 domurn
1078 4575 1168 4617 suam
1193 4555 1290 4617 simul
1307 4575 1381 4617 cum
1399 4555 1500 4616 fundo
1525 4569 1557 4617 et
1581 4557 1665 4618 hedi-

405 4663 484 4723 ficiis
510 4663 542 4722 in
567 4663 639 4722 vico
665 4663 763 4741 ipsius
794 4663 928 4722 civitatis
964 4662 1111 4723 exteriori
1143 4677 1289 4724 sutorum
1320 4662 1474 4740 habitam,
1498 4683 1573 4724 cum
1606 4663 1666 4723 suis

403 4768 610 4849 pertinenciis
642 4768 775 4829 domino
807 4769 971 4830 Demetrio
1004 4768 1089 4828 dicto
1122 4769 1215 4829 Balsa
1240 4769 1379 4851 plebano
1411 4769 1543 4830 ecclesie
1569 4769 1664 4830 sancti

406 4874 505 4934 Marci
531 4874 734 4954 ewangeliste
760 4889 865 4936 nostre
890 4875 1039 4937 videlicet
1070 4874 1264 4957 parochialis
1295 4875 1427 4936 ecclesie
1452 4891 1483 4937 et
1507 4876 1578 4936 aliis
1600 4875 1663 4957 ple·

405 4981 494 5041 banis
526 4982 669 5042 eiusdem
702 4983 833 5044 ecclesie
864 4983 1014 5044 videlicet
1041 4997 1072 5046 et
1103 4983 1261 5045 consociis
1292 4983 1357 5044 suis
1389 4982 1529 5045 vendere
1554 4998 1584 5044 et
1607 5001 1661 5065 pro
