3678 5800
423 528 485 590 ²3²
710 523 712 530 ’
825 509 1023 589 Asno1435.
1048 543 1089 553 -
1113 519 1160 587 17.
1176 510 1270 586 juss's'.

421 740 518 804 super
540 722 718 804 predictum
742 721 952 784 Benedictum
975 719 1102 783 fratrem
1118 739 1211 782 suum
1236 719 1396 782 carnalem
1414 720 1472 782 rite
1497 719 1602 781 extitit
1626 720 1676 779 de·

421 835 542 908 voluta,
564 827 677 910 porcio
709 841 817 890 autem
848 827 993 890 eiusdem
1025 827 1162 889 Emerici
1187 825 1218 888 in
1251 824 1382 908 prelatis
1405 826 1477 888 aliis
1507 825 1677 907 possessio

421 935 526 1013 nibus,
549 935 642 996 vinea
668 948 700 997 et
729 935 819 996 terris
851 933 1025 996 arabilibus
1055 934 1161 1016 ipsum
1191 932 1339 995 similiter
1370 952 1407 995 ex
1431 933 1597 1015 premissis
1622 932 1675 992 rite

422 1060 629 1120 concernens,
654 1059 749 1124 super
772 1039 930 1125 prefatum
948 1039 1157 1102 Benedictum
1177 1037 1307 1102 fratrem
1331 1051 1363 1101 et
1385 1058 1481 1122 super
1504 1037 1677 1122 predictam

421 1147 655 1229 Margaretham
676 1123 822 1225 matrem,
846 1165 929 1225 snas,
949 1147 1009 1208 rite
1033 1145 1180 1207 similiter
1195 1144 1301 1207 existit
1323 1143 1517 1207 hereditario
1542 1145 1611 1226 jure
1627 1143 1678 1204 de-

422 1253 543 1333 voluta,
569 1253 708 1335 ideoque
732 1272 791 1315 nos
811 1250 986 1336 predictam
1011 1251 1147 1314 domum
1178 1265 1209 1314 et
1232 1249 1369 1313 fundum
1402 1251 1501 1333 ipsius
1525 1249 1677 1312 lobannis

421 1360 511 1443 parvi
535 1379 607 1423 cum
632 1359 697 1422 suis
728 1359 919 1422 utilitatibus
942 1371 976 1422 et
997 1357 1203 1442 pertinenciis
1226 1357 1384 1420 universis
1411 1357 1556 1441 predicto
1582 1357 1679 1418 Bene·

420 1466 507 1529 dicto
523 1464 591 1529 filio
608 1467 708 1549 ipsius
724 1461 878 1528 lobannis
894 1477 928 1527 ut
945 1465 1007 1546 jam
1019 1478 1129 1527 nostro
1145 1465 1281 1543 concivi,
1294 1484 1331 1526 ac
1346 1484 1403 1546 per
1420 1483 1494 1526 eum
1508 1465 1574 1526 suis
1590 1463 1677 1525 here·

421 1573 516 1636 dibus
539 1573 885 1656 statuimnsperpetuo
909 1571 1136 1656 possidendam
1161 1583 1192 1634 et
1208 1572 1518 1653 quomodocumque
1542 1571 1681 1634 voluerit

420 1678 674 1763 disponendam3
698 1679 737 1739 de
755 1678 904 1762 predictis
920 1691 1027 1741 autem
1051 1677 1121 1739 aliis
1138 1677 1403 1760 possessionibus,
1420 1677 1571 1739 videlicet
1589 1677 1679 1738 vinea

420 1798 452 1848 et
476 1785 567 1847 terris
591 1783 774 1864 arabilibus,
798 1785 874 1867 quia
898 1781 1011 1868 prelati
1034 1783 1228 1846 Benedictus
1244 1781 1328 1846 filius
1352 1797 1384 1845 et
1407 1783 1611 1864 Margaretha
1634 1803 1678 1845 re·

411 1891 493 1954 licta
517 1891 650 1974 predicti
681 1890 836 1954 lobannis
867 1891 956 1974 parvi
981 1909 1041 1974 per
1071 1890 1346 1973 composicionem
1378 1903 1409 1952 et
1433 1888 1677 1951 ordinacionem

419 1997 635 2080 plurimorum
659 1997 802 2080 virorum
819 1995 1021 2080 ydoneorum
1038 2014 1078 2058 eo
1102 1995 1201 2059 modo
1221 2015 1255 2058 se
1279 1995 1489 2057 concordasse
1507 1995 1681 2058 retulerunt

338 2135 342 2148 ·
421 2121 530 2166 coram
554 2103 648 2165 nobis
671 2103 866 2165 unanimiter
890 2116 921 2164 et
944 2100 1031 2164 bono
1056 2102 1165 2182 modo,
1190 2115 1225 2164 ut
1248 2103 1345 2164 tercia
1369 2121 1442 2184 pars
1467 2101 1567 2183 ipsius
1592 2101 1679 2163 vinee

422 2221 454 2272 et
477 2209 691 2293 predictarum
716 2222 871 2271 terrarum
896 2209 1066 2270 arabilium
1095 2227 1168 2270 cum
1191 2209 1257 2270 suis
1280 2209 1486 2292 pertinenciis
1509 2221 1541 2269 et
1565 2208 1678 2270 utilita-

423 2316 510 2378 tibus
533 2315 689 2378 universis
712 2313 843 2399 prefate
858 2313 1057 2397 Margarethe
1089 2315 1121 2376 in
1146 2314 1334 2397 porcionem
1365 2333 1455 2376 suam
1487 2313 1677 2376 condivisio-

422 2421 530 2484 nalem
554 2422 721 2484 cessissent
743 2422 948 2505 perhenniter
972 2421 1175 2504 possidenda,
1197 2421 1260 2483 due
1284 2435 1390 2484 sutem
1408 2433 1514 2504 partes
1538 2421 1677 2482 eiusdem

419 2527 513 2589 vinee
537 2541 569 2590 et
592 2529 733 2611 ipsarum
756 2540 911 2590 terrarum
936 2527 1104 2589 arabilium
1125 2527 1271 2590 similiter
1296 2547 1368 2588 cum
1385 2528 1451 2588 suis
1475 2527 1675 2608 pertinenciis

419 2645 450 2695 et
473 2633 666 2696 utilitatibus
698 2633 855 2696 universis
886 2632 1010 2717 prelato
1042 2633 1217 2695 Benedicto
1249 2633 1396 2696 similiter
1428 2633 1461 2694 in
1494 2633 1675 2714 porcionem

418 2758 509 2800 suam
533 2739 824 2802 condivisionalem
841 2741 1008 2803 cessissent
1031 2740 1178 2802 similiter
1194 2739 1387 2823 possidende
1412 2739 1626 2822 perhenniter,
1641 2759 1675 2802 ex

418 2865 522 2928 eoque
545 2865 605 2909 nos
628 2846 805 2928 predictam
829 2847 959 2909 terciam
983 2859 1105 2930 partem
1130 2845 1252 2930 prefate
1284 2847 1377 2908 vinee
1402 2859 1434 2908 et
1457 2847 1597 2928 ipsarum
1619 2861 1673 2908 ter·

418 2969 525 3013 rarum
549 2951 720 3015 arabilium
744 2971 817 3015 cum
842 2953 908 3014 suis
931 2953 1137 3035 pertinenciis
1168 2965 1321 3016 annotate
1345 2953 1548 3034 Margarethe
1571 2967 1602 3014 et
1624 2973 1674 3035 per

417 3075 488 3118 eam
511 3057 576 3119 suis
600 3057 782 3138 heredibus,
807 3058 971 3141 dictasque
996 3059 1077 3120 duas
1108 3071 1213 3141 partes
1237 3058 1380 3121 residuas
1411 3059 1554 3141 predicte
1587 3059 1670 3120 vinee

419 3175 450 3223 et
474 3161 614 3245 ipsarum
637 3177 793 3226 terrarum
810 3164 980 3226 arabilium
1005 3183 1078 3226 cum
1095 3165 1257 3246 premissis
1272 3165 1395 3226 cunctis
1410 3165 1477 3226 suis
1494 3163 1669 3227 utilitatibus

421 3281 451 3330 et
475 3269 680 3350 pertinenciis
704 3270 860 3332 universis
891 3269 1034 3352 predicto
1059 3271 1235 3334 Benedicto
1263 3291 1300 3333 ac
1322 3290 1379 3353 per
1403 3289 1477 3332 enm
1504 3272 1567 3332 suis
1590 3269 1667 3332 here-

419 3373 513 3435 dibus
544 3375 712 3437 statuimus
742 3390 898 3458 perpetuo
930 3391 961 3438 et
991 3377 1243 3439 irrevocabiliter
1274 3376 1505 3459 possidendam
1537 3390 1567 3438 et
1597 3395 1664 3457 quo·

419 3479 657 3562 modocumque
681 3481 819 3542 voluerit
843 3482 1076 3565 disponendam
1094 3483 1179 3564 juxta
1205 3483 1431 3546 condicionem
1451 3483 1585 3546 civitatis
1605 3499 1662 3564 pre·

418 3599 525 3648 notate
548 3587 588 3648 sb
612 3587 747 3669 antiquo
771 3589 990 3670 approbatam.

522 3691 599 3752 ltem
624 3712 717 3754 causa
741 3693 823 3755 inter
847 3693 1031 3756 Emericum
1056 3708 1211 3758 sartorem
1236 3696 1388 3758 claudum
1413 3710 1449 3758 ut
1483 3710 1613 3757 actorem
1634 3705 1658 3753 et

417 3793 498 3854 inter
516 3794 710 3877 Gregorium
727 3797 865 3879 juratum
882 3799 984 3861 lilium
1002 3801 1179 3880 Benedicti,
1203 3803 1332 3864 racione
1349 3800 1423 3864 facti
1442 3799 1617 3864 incendiarii
1631 3809 1656 3856 et

417 3901 686 3964 concremacionis
718 3904 800 3984 ignis
830 3924 937 3966 coram
969 3907 1063 3967 nobis
1094 3921 1181 3969 mota
1214 3921 1246 3970 et
1276 3921 1430 3986 vertente,
1462 3909 1504 3971 ad
1535 3907 1651 3990 primun

415 4002 569 4083 judicium
593 4027 651 4089 pro
675 4009 762 4071 bono
786 4011 872 4091 pacis
896 4025 942 4075 est
969 4026 1151 4093 prorogata.

523 4111 600 4173 ltem
634 4112 794 4195 Georgius
824 4115 963 4180 carnifex
995 4118 1098 4180 dictus
1131 4117 1338 4201 Oprasnycza
1373 4119 1471 4182 debet
1501 4115 1653 4181 satisfacere

418 4213 542 4276 Marino
567 4216 669 4294 jurato
695 4222 859 4300 usquead
885 4223 1066 4303 quindenas
1094 4244 1131 4285 ex
1163 4237 1252 4308 parte
1277 4224 1378 4286 debiti
1410 4227 1460 4287 sui
1486 4219 1651 4308 quotidem

418 4315 496 4378 dixit
520 4340 552 4381 se
577 4341 684 4384 coram
708 4327 800 4386 nobis
825 4331 892 4389 lore
916 4328 1106 4394 debitorem.

415 4527 510 4604 Faria
538 4545 636 4610 sexta
663 4547 815 4628 proxima
843 4553 919 4634 post
946 4548 1069 4620 festum
1098 4551 1326 4623 sacratissimi
1356 4549 1514 4640 Corporis
1538 4542 1649 4619 tlrtstt.

952 4719 1014 4794 (17·
1031 4720 1135 4796 sans).

458 4939 464 4950 ι
521 4839 597 4902 ltem
623 4847 805 4910 Anthonius
829 4855 995 4935 privignus
1012 4857 1185 4943 Dudinych
1203 4873 1314 4924 contra
1333 4859 1497 4926 Thomam
1519 4856 1647 4923 cultorem

418 4955 521 5017 primo
546 4947 657 5012 citatus
682 4971 745 5014 non
771 4961 959 5041 comparuit.
