3678 5800
565 531 653 588 Anno
677 543 768 608 1432.
794 563 834 574 -
859 544 889 590 2.
912 529 995 590 maii.

1351 528 1405 588 161

252 740 331 802 Item
356 741 488 802 sabbato
513 741 669 822 sequenti,
694 741 836 802 seniores
860 740 982 822 judices
1006 759 1133 801 causam
1159 738 1411 820 adjudicacionis

145 847 322 928 juratorum
354 847 570 930 supradictam
602 847 684 908 inter
716 846 923 930 Gyurgethek
955 848 995 908 de
1028 848 1150 908 Nowalc
1176 859 1205 908 et
1231 845 1410 928 Georgium

148 955 269 1016 dictum
295 954 431 1034 Juricza,
455 952 557 1016 filium
588 953 749 1035 Gregorii,
780 954 933 1032 habitam,
965 966 1085 1016 motam
1111 966 1143 1015 et
1166 965 1342 1015 vertentem
1366 954 1410 1014 sic

146 1080 202 1142 per
226 1073 322 1122 testes
346 1060 377 1121 in
404 1059 517 1122 eadem
542 1080 635 1122 causa
659 1073 764 1142 partes
796 1061 878 1122 inter
901 1060 1059 1143 predictas
1091 1059 1276 1143 productos,
1300 1060 1411 1141 singil-

145 1166 236 1227 latim
255 1167 463 1246 examinatos,
481 1166 784 1246 determinaverunt,
803 1167 892 1248 quod
913 1167 987 1248 quia
1006 1166 1103 1228 iidem
1120 1179 1216 1228 testes
1239 1167 1283 1227 sic
1306 1166 1410 1228 testati

146 1284 231 1350 sunt,
258 1286 291 1334 ut
309 1272 367 1354 ipsi
386 1273 642 1336 ammonuissent
658 1286 689 1336 et
705 1273 858 1334 dixissent
881 1271 1025 1354 predicto
1043 1272 1177 1350 Juricze,
1195 1273 1283 1354 quod
1299 1272 1410 1334 vinum

146 1399 240 1441 suum
267 1379 351 1441 intro
376 1379 407 1440 in
434 1380 598 1442 cellarium
623 1378 736 1462 prelati
758 1399 823 1440 non
854 1379 1033 1462 inponeret,
1065 1379 1141 1460 quia
1165 1379 1190 1439 si
1213 1379 1411 1460 introponea,

144 1487 289 1561 amittes;
304 1486 370 1567 ipse
386 1499 492 1548 autern
508 1487 633 1546 Juricza
649 1485 755 1567 ipsum
772 1486 883 1546 vinum
901 1486 1111 1567 introponens
1126 1485 1308 1568 respondit:
1323 1484 1411 1566 quod

144 1592 170 1652 si
195 1591 370 1671 amittetur,
395 1592 491 1653 michi
517 1592 689 1654 amittetur.
716 1590 842 1654 Prelato
859 1605 966 1654 autern
996 1589 1203 1673 Gyurgethelr
1229 1591 1330 1652 eciam
1351 1589 1411 1672 ipsi

146 1711 243 1760 testes
267 1697 416 1760 dixerunt
440 1711 471 1759 et
494 1711 743 1760 ammonuerunt
767 1717 852 1776 eum,
874 1697 962 1779 quod
987 1697 1093 1779 ipsum
1118 1697 1230 1757 vinum
1254 1697 1330 1757 dicti
1355 1696 1408 1758 lu·

148 1805 234 1866 ricze
259 1804 299 1864 ad
324 1805 489 1866 cellarium
513 1823 607 1866 suum
633 1823 696 1866 non
723 1805 854 1866 deberet
873 1804 1056 1886 permittere
1081 1803 1298 1885 introponere,
1322 1802 1411 1884 quod

143 1911 169 1972 si
196 1911 388 1993 permiserit,
413 1911 473 1973 erit
496 1911 687 1992 persolvere.
720 1911 760 1972 Et
791 1911 866 1991 quia
898 1909 1042 1992 predicto
1068 1908 1275 1992 Gyurgethelc
1301 1909 1410 1970 nullus

142 2017 252 2100 potuit
275 2015 468 2078 violenciam
493 2015 596 2079 fecere
621 2018 653 2078 in
678 2017 777 2078 domo
801 2037 868 2089 sua,
892 2037 951 2078 nec
970 2035 1027 2098 per
1050 2017 1115 2077 vim
1140 2016 1171 2077 in
1197 2015 1330 2078 domum
1356 2027 1412 2076 aut

146 2123 315 2185 cellarium
337 2142 431 2184 suum
448 2123 560 2184 vinum
584 2142 739 2205 reponere
763 2123 878 2204 aliquis
898 2123 1013 2206 potuit,
1038 2141 1144 2203 neque
1169 2123 1270 2184 eciam
1295 2121 1412 2204 aliquis

145 2229 293 2311 judicum
318 2243 349 2292 et
372 2229 547 2310 juratorum
566 2229 779 2310 singularium
805 2229 845 2290 de
868 2249 925 2309 per
941 2247 973 2290 se
990 2229 1095 2310 potuit
1119 2228 1194 2290 dare
1219 2241 1410 2310 potestatem

142 2335 271 2418 prelato
297 2334 505 2418 Gyurgethek
530 2335 561 2396 in
586 2335 720 2396 domum
745 2354 834 2396 suam
860 2333 962 2396 lacere
986 2354 1141 2416 reponere
1170 2335 1280 2396 vinum
1306 2333 1411 2396 loren-

142 2442 228 2504 sium
254 2455 285 2504 et
309 2455 532 2504 extraneorum
557 2441 725 2503 hominum
750 2455 860 2504 contra
891 2442 1054 2504 decretum
1079 2441 1329 2521 communitatis,
1353 2441 1409 2502 sed

144 2549 170 2608 si
197 2547 255 2609 dat
277 2561 466 2630 potestatem
490 2548 643 2630 aliquam,
668 2549 700 2610 in
724 2548 780 2610 tali
805 2547 888 2609 lacto
917 2548 1131 2610 communitas
1154 2533 1227 2610 tota
1245 2547 1298 2610 dat
1322 2567 1409 2610 corn·

142 2654 299 2733 munirer,
317 2655 455 2736 ideoque
474 2655 540 2736 ipse
554 2653 763 2736 Gyurgethelc
780 2655 921 2716 concivis
938 2667 1044 2716 noster
1060 2654 1156 2716 debet
1174 2655 1278 2737 ipsum
1294 2655 1409 2716 vinum

145 2760 333 2842 persolvere
365 2759 488 2843 prelato
521 2761 666 2840 Juricze,
704 2761 729 2822 si
762 2773 870 2822 autern
902 2758 1019 2842 aliquis
1050 2760 1090 2822 ad
1123 2761 1344 2842 reponendum
1381 2773 1412 2821 et

141 2867 376 2929 assumendum
400 2867 512 2928 vinum
531 2881 754 2928 extraneorum
772 2867 942 2928 hominum
971 2868 1076 2949 ipsum
1094 2865 1302 2950 Gyurgethelc
1328 2886 1410 2927 asse·

143 2973 281 3052 curavit,
305 2973 402 3035 talem
428 2987 662 3035 assecurantem
687 2987 899 3056 prosequatur
927 2973 1039 3035 ordine
1063 2973 1150 3054 juris.

285 3209 382 3284 Feria
410 3219 508 3284 serta
537 3215 690 3302 proxima
718 3221 796 3304 post
824 3221 963 3286 octavas
994 3213 1096 3285 Pasce
1124 3213 1263 3286 Domini.

695 3365 739 3448 (2.
763 3365 859 3448 mais).

256 3504 333 3567 ltem
358 3505 433 3587 quia
466 3507 617 3588 magister
650 3507 831 3590 Stephanus
862 3520 963 3569 sartor
1002 3507 1106 3570 dictus
1139 3507 1294 3585 Pundich,
1326 3505 1410 3568 filius

146 3609 297 3692 Georgii,
329 3625 439 3674 contra
471 3613 600 3674 Petrum
631 3627 772 3676 sutorem
804 3612 905 3675 hlium
940 3614 1105 3674 Michaelis
1138 3614 1170 3674 in
1206 3611 1289 3675 lacto
1315 3633 1410 3696 pecu·

144 3718 278 3779 niarum
296 3737 352 3800 per
368 3719 507 3782 eundem
532 3720 660 3782 Petrum
687 3721 869 3802 nuperrime
887 3719 1036 3780 videlicet
1060 3717 1137 3782 feria
1162 3733 1248 3781 sexta
1273 3719 1304 3780 in
1330 3719 1410 3782 festo

144 3823 236 3887 beati
254 3823 416 3886 Benedicti
435 3826 558 3887 abbatis
575 3839 606 3887 et
623 3825 813 3888 confessoris
829 3826 973 3908 proxime
991 3826 1108 3907 elapsa,
1126 3826 1362 3907 propositarum
1380 3841 1411 3887 et

143 3929 352 3992 actitatarum
370 3943 479 3993 contra
495 3931 654 4014 prelatum
672 3933 858 4014 magistrum
884 3932 1093 4014 Stephanum,
1117 3932 1333 4012 juramentum
1350 3934 1410 3995 sibi

142 4057 203 4120 per
231 4035 349 4117 juratos
373 4052 489 4101 eotunc
506 4039 735 4120 adjudicatum,
752 4038 848 4100 hodie
866 4039 1001 4120 prestitit
1017 4052 1048 4100 et
1064 4039 1213 4121 deposuit
1238 4053 1271 4100 ut
1289 4039 1410 4119 debuit,

142 4145 290 4225 ideoque
325 4145 428 4226 ipsum
461 4145 648 4228 magistrum
681 4144 880 4228 Stephanum
914 4145 1041 4206 racione
1071 4145 1146 4207 dicti
1177 4145 1348 4226 juramenti
1381 4159 1412 4207 et

143 4249 368 4332 deposicionis
392 4251 537 4314 eiusdem
561 4271 596 4313 ac
622 4252 749 4314 racione
774 4251 931 4314 dictarum
955 4252 1163 4334 pecuniarum
1188 4252 1411 4333 litigiosarum,

143 4371 176 4418 et
204 4377 241 4418 ex
265 4372 354 4439 parte
371 4357 470 4439 ipsius
487 4358 571 4419 Petri
589 4359 704 4420 actoris
720 4358 920 4420 reddidimus
937 4372 968 4420 et
985 4359 1205 4420 commisimus
1230 4358 1298 4421 lore
1318 4379 1411 4442 expe-

143 4463 251 4524 ditum
277 4477 308 4525 et
332 4463 415 4526 facto
441 4465 473 4524 in
498 4465 652 4546 premisso
675 4485 732 4546 per
756 4465 864 4526 omnia
889 4465 1084 4526 absolutum.

255 4569 335 4631 ltem
359 4570 434 4651 quia
460 4571 604 4632 Mrawko
628 4570 713 4632 filius
736 4570 903 4649 Anthonii,
921 4571 999 4632 alias
1023 4571 1183 4633 habitator
1207 4573 1352 4650 civitatis,
1377 4572 1409 4632 in

144 4674 235 4737 facto
261 4675 462 4738 detencionis
492 4677 593 4758 ipsius
622 4677 827 4756 Mrawlronis,
860 4697 916 4759 per
940 4679 1104 4739 accionem
1139 4677 1224 4739 Galli
1249 4679 1411 4740 servitoris

144 4781 289 4844 Ladislai
310 4780 473 4862 aurifabri,
490 4803 585 4865 super
609 4784 714 4866 ipsum
732 4784 952 4846 Mrawkonem
969 4785 1161 4866 judicialiter
1185 4783 1278 4862 facte,
1303 4786 1343 4846 ad
1361 4786 1410 4846 in-

145 4889 303 4950 stanciam
330 4889 429 4969 ipsius
454 4888 540 4951 Galli
566 4903 597 4952 et
624 4909 680 4972 per
712 4909 912 4972 consequens
936 4889 1048 4972 prelati
1081 4890 1220 4951 Ladislai
1246 4889 1409 4970 aurifabri,

145 4995 272 5060 domini
298 4995 398 5078 ipsius
423 4995 521 5070 Galli,
545 4995 762 5076 juramentum
779 4997 837 5059 sibi
857 5017 952 5079 super
976 5018 1015 5059 eo
1032 4997 1262 5079 adjudicatum,
1287 5011 1321 5057 ut
1345 4998 1413 5078 ipse

1314 5108 1322 5148 1
1336 5107 1344 5146 1
