3740 5810
472 1526 620 1626 (Anno
652 1523 833 1616 Domini
861 1521 1161 1628 ntcccxxx).

411 1881 486 1943 ideo
518 1901 578 1944 nos
609 1902 646 1944 ex
670 1883 799 1945 instanti
832 1883 975 1964 ipsorum
1007 1883 1222 1966 plurimorum
1254 1883 1456 1967 ydoneorum

187 1987 334 2048 virorum
361 1987 579 2050 misericordia
604 1989 655 2050 dei
681 1989 771 2067 moti,
803 2001 838 2051 ut
861 1989 1010 2072 preterita
1034 2010 1090 2051 aua
1123 2003 1154 2052 et
1177 1991 1343 2072 presencia
1368 1991 1452 2052 mala

188 2092 309 2155 defleat
341 2107 373 2156 et
403 2092 509 2156 futura
541 2095 675 2156 ulterius
709 2115 775 2157 non
807 2095 1004 2174 committat,
1036 2096 1170 2159 eandem
1205 2097 1332 2180 culpam
1364 2116 1455 2159 suam

188 2200 318 2281 pridem
344 2200 494 2262 duximus
518 2200 724 2263 relaxandam
747 2201 802 2263 tali
827 2200 937 2280 modo,
962 2216 996 2264 ut
1013 2202 1146 2265 ulterius
1170 2222 1229 2264 nec
1252 2203 1371 2266 similia
1396 2225 1456 2267 nec

187 2305 253 2368 alia
272 2308 382 2388 peiora
400 2321 455 2368 aut
472 2307 555 2369 mala
573 2327 638 2370 non
656 2309 846 2388 committat,
864 2309 919 2390 qui
940 2309 965 2370 si
982 2309 1189 2390 commiserit,
1203 2323 1317 2372 extunc
1336 2330 1453 2392 penam

189 2413 354 2494 supplicii,
380 2433 477 2495 quarn
510 2413 624 2475 exinde
656 2414 794 2497 amplius
822 2415 1026 2494 demeruerit‚
1047 2415 1206 2496 condigne
1231 2431 1457 2498 consequetur.

299 2517 377 2580 Item
391 2520 518 2581 Marcus
535 2519 674 2582 carnifex
692 2520 832 2582 decanus
845 2533 957 2583 contra
973 2521 1134 2604 Mathyam
1154 2521 1335 2584 carnificem
1353 2522 1456 2585 filium

189 2621 348 2684 Johannis
372 2625 470 2686 tercio
495 2626 609 2688 citatus
632 2645 697 2688 non
727 2627 917 2708 comparuit,
941 2640 975 2689 ut
997 2647 1184 2710 comparere
1209 2628 1357 2691 debebat.

299 2728 379 2791 Item
403 2731 479 2812 quia
503 2730 650 2793 Thomas
677 2731 781 2794 dictus
813 2731 966 2795 Ochwirk
998 2747 1106 2796 contra
1132 2734 1305 2796 Martinam
1330 2735 1456 2817 pridem

189 2833 333 2916 juratum
357 2835 460 2898 filium
485 2836 613 2899 Thonre
638 2838 670 2899 in
696 2837 780 2900 facto
805 2839 900 2900 unius
931 2837 1045 2901 floreni
1070 2839 1254 2922 peripsum
1280 2841 1455 2903 Martinam

190 2939 331 3021 juratum
355 2955 463 3004 contra
488 2943 609 3006 dictum
634 2943 799 3006 Thomam
823 2945 1006 3028 nuperrime
1030 2945 1207 3028 proposito,
1238 2945 1454 3026 juramentum

190 3047 252 3108 sibi
278 3047 400 3130 deponi
421 3060 452 3110 et
475 3063 614 3132 prestare
638 3049 868 3132 adjudicatum,
899 3051 931 3112 in
959 3051 1098 3114 termino
1115 3051 1332 3134 deposicionis
1356 3052 1456 3136 ipsius

192 3153 365 3236 juramenti
379 3174 455 3217 vero
468 3175 534 3217 non
551 3155 700 3238 deposuit
713 3177 771 3219 nec
782 3157 918 3240 prestitit
930 3169 965 3220 ut
978 3157 1142 3236 debuerat,
1157 3157 1230 3220 ideo
1248 3157 1370 3220 dictum
1387 3158 1457 3222 flor.

191 3261 260 3322 euri
285 3260 463 3342 litigiosum
488 3261 556 3345 ipse
580 3261 726 3324 Thomas
750 3262 855 3326 eidem
881 3263 1020 3326 Martioo
1044 3261 1147 3344 jurato
1172 3263 1338 3346 usquead
1363 3263 1457 3347 q'uin·

192 3365 293 3428 denas
315 3367 498 3448 persolvere
523 3367 619 3430 debet
642 3388 680 3430 ex
704 3368 947 3450 adjudicatione
973 3368 1161 3451 juratorum.

290 3583 388 3657 Faria
416 3593 515 3658 sexta
541 3589 696 3676 proxima
725 3595 802 3677 post
830 3588 950 3660 festum
979 3585 1132 3660 Omnium
1159 3597 1364 3662 sanctornm.

704 3739 747 3816 (3.
770 3739 954 3821 novembris).

299 3878 377 3941 Item
402 3880 529 3942 Marcus
553 3878 692 3942 carnifex
709 3879 848 3942 decanus
873 3879 968 3942 debet
984 3878 1165 3944 satisfacere
1183 3881 1222 3944 de
1248 3883 1361 3966 viginti
1380 3883 1450 3949 flor.

191 3987 260 4049 auri
288 3988 417 4071 Mathye
437 3987 577 4050 carnifici
601 3985 669 4049 filio
687 3987 841 4050 Johaunis
863 3987 920 4049 filii
946 3987 1072 4049 Miklini
1089 4007 1191 4069 usque
1208 3989 1249 4050 ad
1267 3990 1459 4072 quindenas,

191 4094 312 4174 quibus
336 4115 368 4155 se
393 4094 499 4156 eidem
525 4093 704 4156 debitorem
729 4095 898 4156 asserebat.

301 4200 379 4262 Item
415 4200 567 4262 dominus
598 4199 781 4262 Anthonius
813 4200 969 4282 presbiter
999 4201 1156 4282 plebanus
1191 4203 1324 4264 ecclesie
1357 4203 1456 4266 sancti

194 4305 295 4368 Marci
328 4307 532 4388 ewangeliste
564 4319 674 4368 contra
705 4307 911 4368 Leonardum
944 4305 1088 4368 Italicum
1121 4309 1226 4390 primo
1255 4309 1369 4371 citatus
1393 4328 1457 4371 non

194 4413 386 4495 comparuit.

304 4518 381 4580 Item
406 4518 530 4581 Elasius
555 4519 680 4580 institor
704 4532 814 4581 contra
840 4519 968 4581 Petrum
993 4517 1184 4581 Crowacum
1217 4523 1322 4603 primo
1346 4522 1460 4584 citatus

193 4643 260 4686 non
286 4625 475 4706 comparuit.

303 4729 381 4792 Item
408 4731 546 4792 Barbara
570 4751 650 4792 uxor
674 4730 835 4792 Valentini
864 4735 1025 4816 arcuparis
1056 4747 1167 4796 contra
1192 4733 1366 4796 Nicolaum
1390 4733 1459 4794 lite·

192 4849 303 4897 raturn
329 4836 434 4918 prirno
466 4837 560 4898 citata
584 4857 649 4898 non
674 4839 863 4919 comparuit.

306 4943 384 5004 Item
410 4943 485 5024 quia
509 4943 643 5025 provida
662 4943 778 5004 mulier
796 4945 905 5006 Katria
923 4945 1030 5008 relicta
1048 4958 1079 5007 et
1096 4947 1253 5008 Martinus
1271 4960 1360 5007 autor
1376 4945 1460 5008 filius

195 5048 333 5110 condam
367 5048 497 5110 Tharne
528 5049 645 5111 sutoris
677 5048 732 5111 filii
758 5051 840 5128 Isko,
863 5051 893 5110 id
923 5070 994 5112 curn
1026 5051 1199 5114 sufficienti
1232 5067 1263 5113 et
1296 5051 1460 5132 fidedigno
