3876 5798
647 552 735 610 Anno
758 564 851 629 1444.
876 585 919 594 —
943 565 991 629 14.
1016 554 1143 625 augusti.
1472 571 1532 632 401

273 657 506 664 ...ω-μ...-
534 658 646 664 ——---
1230 659 1461 666 -—-----—---
1476 660 1534 666 ——.

271 759 373 822 fessus
398 774 454 840 est,
479 761 567 844 quod
593 761 659 844 ipse
684 783 757 824 curn
780 762 904 846 prelato
925 762 1087 845 Stephano
1113 763 1320 846 Sterkowych
1346 783 1400 846 per
1417 763 1535 825 scalam

270 867 405 929 Fabiani
429 867 522 949 jurati
541 869 621 930 circa
639 869 774 931 domum
791 889 880 931 suam
899 882 1060 951 receptam
1077 882 1235 930 nocturno
1252 881 1408 950 tempore,
1425 889 1535 931 ascen-

275 972 391 1034 derunt
413 974 453 1034 ad
478 974 612 1036 domum
636 975 812 1036 Judeorum
848 989 878 1036 et
902 975 1022 1036 ibidem
1054 976 1278 1036 subtraxerunt
1302 975 1410 1056 plures
1435 989 1537 1036 vestes

272 1092 303 1139 et
334 1079 503 1160 capucium
537 1080 680 1161 ipsorum
713 1080 889 1142 Judeorum
923 1093 954 1142 et
981 1081 1072 1141 certis
1102 1080 1289 1142 hominibus
1313 1081 1537 1158 vendiderunt,

272 1185 359 1267 quod
385 1185 486 1247 eciam
519 1186 585 1268 ipse
619 1186 800 1269 Stephanus
831 1185 1019 1264 affirmavit3
1052 1187 1126 1248 item
1160 1187 1262 1248 eciam
1293 1187 1359 1268 ipse
1393 1187 1538 1269 Mathyas

275 1291 429 1374 Kunsych
453 1291 541 1353 solus
566 1290 729 1354 confessus
745 1305 802 1371 est,
823 1292 911 1374 quod
936 1292 1003 1374 ipse
1020 1306 1103 1354 recte
1121 1311 1222 1373 usque
1246 1291 1285 1353 ad
1302 1293 1437 1373 gradum
1455 1293 1537 1354 circa

273 1396 373 1479 ipsam
399 1397 533 1460 domum
558 1411 714 1459 muratam
740 1398 956 1480 predictorum
985 1397 1161 1478 juratorum
1186 1398 1362 1459 ambulavit
1387 1411 1417 1460 et
1447 1399 1536 1480 quod

274 1504 305 1564 in
332 1504 420 1565 omni
446 1503 532 1566 furtu
556 1504 701 1586 predicto
724 1519 754 1566 et
775 1502 996 1566 confraccione
1014 1503 1187 1566 domorum
1211 1503 1443 1565 etstacionum
1467 1523 1537 1586 pre·

274 1611 443 1689 dictarum,
467 1624 573 1692 preter
603 1609 761 1693 predictas
790 1611 942 1692 pecunias
970 1611 1070 1692 ipsius
1101 1609 1211 1671 Jacobi
1243 1608 1422 1672 Corintiani
1459 1629 1538 1691 quas

275 1716 341 1798 ipse
366 1716 455 1778 solus
479 1715 660 1798 Stephanus
681 1715 835 1777 subtraxit
863 1730 893 1777 et
925 1715 1086 1797 expendit,
1118 1713 1228 1777 luisset
1259 1715 1364 1778 socius
1388 1729 1418 1776 et
1442 1715 1536 1798 parti-

276 1841 360 1904 ceps,
384 1836 415 1884 et
435 1821 509 1884 ideo
526 1821 607 1884 facta
631 1835 662 1884 et
678 1821 751 1883 data
775 1821 936 1883 sentencia
952 1841 1008 1883 seu
1025 1821 1268 1903 adjudicacione
1293 1823 1436 1904 ipsorum
1453 1821 1536 1902 jura-

276 1943 382 1991 torum
396 1929 627 1992 modernorum
645 1929 771 2011 capitali
790 1929 821 1989 in
839 1927 967 1989 eosdem
984 1927 1182 2010 Stephanum
1196 1941 1227 1990 et
1241 1927 1414 2011 Mathyam,
1440 1927 1537 1989 iidem

277 2033 458 2118 Stephanus
482 2035 689 2118 Sterlrowych
714 2049 744 2097 et
769 2035 905 2096 Mathias
929 2034 1081 2117 Kunsych
1117 2034 1267 2117 predictis
1290 2053 1402 2095 eorum
1427 2033 1536 2096 deme·

271 2143 339 2204 ritis
363 2141 574 2221 exigentibus,
598 2141 695 2203 hodie
720 2160 836 2223 penam
868 2154 899 2202 et
931 2140 1125 2223 supplicium
1150 2140 1285 2221 patibuli
1317 2139 1484 2201 subierunt
1507 2153 1538 2200 et

273 2247 312 2308 de
338 2246 422 2310 facto
447 2264 520 2310 sunt
544 2248 688 2329 suspensi
714 2267 812 2329 penes
834 2245 991 2328 justiciam
1020 2260 1160 2307 nostram
1185 2245 1430 2326 privilegiatam.

381 2353 459 2414 ltem
483 2353 557 2414 licet
581 2351 743 2414 lohannes
767 2353 870 2414 dictus
892 2353 994 2414 Janko
1019 2350 1103 2412 filius
1120 2351 1258 2412 condam
1283 2351 1437 2412 lobannis
1461 2352 1537 2414 dicti

273 2457 374 2541 Bolye
398 2478 457 2540 pro
490 2457 575 2520 furtu
600 2479 658 2520 suo
691 2456 872 2537 manifesto,
904 2471 1033 2540 propter
1065 2457 1153 2538 quod
1184 2457 1367 2538 nuperrime
1388 2457 1538 2521 videlicet

276 2562 353 2626 feria
378 2578 465 2626 sexta
489 2565 634 2647 proxima
659 2577 731 2646 post
758 2563 872 2626 festum
905 2575 1088 2626 sanctorum
1112 2562 1187 2640 Viti,
1212 2562 1350 2624 Modesti
1383 2579 1413 2624 et
1444 2562 1536 2625 Cres·

272 2670 381 2732 cencie
406 2671 584 2748 martirum,
609 2670 793 2752 nuperrime
814 2671 1011 2752 preteritum,
1036 2669 1068 2729 in
1086 2670 1253 2730 laternum
1279 2681 1424 2730 nostrum
1449 2688 1536 2731 com-

273 2795 372 2837 mune
396 2795 527 2858 presens
551 2790 617 2838 erat
640 2776 828 2858 prosriptus,
853 2794 969 2857 penam
998 2773 1182 2838 eductionis
1205 2787 1236 2835 et
1260 2774 1414 2836 elacionis
1438 2775 1537 2857 ipsius

272 2881 305 2943 in
330 2881 447 2945 feretro
472 2882 512 2943 ad
537 2882 644 2944 locum
666 2882 874 2944 cremationis
891 2879 1111 2943 maleficorum
1136 2893 1167 2941 et
1190 2879 1311 2942 ibidem
1336 2900 1453 2963 penam
1470 2901 1537 2943 cre-

275 2988 431 3050 mationis
455 3003 486 3050 et
508 2989 686 3050 adustionis
717 3008 790 3049 cum
822 2987 962 3049 candelis
994 2987 1238 3050 colendinorum
1271 2987 1378 3049 subire
1409 3001 1440 3050 et
1471 2989 1536 3070 pati

276 3093 439 3157 debuisset
462 3093 547 3176 juxta
573 3094 678 3176 legem
710 3095 1022 3156 consvetudinariam
1055 3093 1189 3155 civitatis
1220 3105 1397 3176 prenotate,
1429 3107 1536 3156 tamen

273 3219 331 3262 nos
356 3200 574 3262 misericordia
599 3200 650 3262 dei
675 3201 754 3262 moti
780 3213 810 3262 et
834 3199 1049 3282 peticionibus
1071 3199 1233 3282 seniorum
1259 3213 1442 3262 nostrorum
1467 3221 1536 3262 orn·

275 3307 365 3368 nium
398 3305 541 3388 judicum
572 3305 724 3368 videlicet
758 3319 788 3368 et
820 3305 995 3386 juratorum
1027 3319 1209 3368 nostrorum
1241 3307 1447 3388 antiquorum
1481 3326 1536 3390 per

273 3413 404 3474 eosdem
428 3413 523 3475 nobis
546 3433 604 3495 pro
629 3413 744 3474 eodem
769 3411 914 3474 iohanne
938 3432 994 3474 seu
1020 3412 1163 3474 Janlrone
1188 3411 1278 3474 iactis
1303 3427 1480 3475 annuentes
1506 3427 1536 3475 et

275 3519 429 3600 inclinati,
454 3519 559 3581 eidem
584 3519 722 3581 Johan‘ni
753 3539 810 3580 seu
834 3518 972 3580 Jankoni
1004 3518 1036 3579 in
1060 3538 1195 3600 persona
1221 3532 1251 3580 et
1283 3520 1315 3580 in
1340 3520 1443 3600 capite
1468 3520 1533 3580 suis

272 3627 413 3708 graciam
439 3639 469 3687 et
485 3626 739 3688 misericordiam
763 3625 868 3687 taliter
885 3623 1018 3686 fecimus
1038 3625 1220 3706 specialem,
1238 3639 1273 3687 ut
1289 3626 1355 3708 ipse
1373 3626 1536 3687 lohannes

274 3732 377 3794 Janko
401 3733 551 3814 preterita
575 3752 631 3795 sua
656 3730 737 3793 facta
761 3731 845 3792 mala
874 3730 990 3794 defleat
1021 3743 1051 3792 et
1075 3731 1188 3794 eadem
1220 3750 1285 3792 non
1309 3745 1452 3810 renovet,
1477 3731 1532 3792 sed

273 3858 306 3900 se
330 3841 370 3900 ab
394 3838 581 3900 huiusmodi
605 3851 636 3899 et
658 3837 720 3900 hiis
744 3837 903 3898 similibus
927 3837 1059 3898 ulterius
1089 3851 1257 3919 precaveat
1281 3851 1311 3900 et
1334 3850 1534 3920 compescat;

274 3945 330 4026 qui
355 3945 380 4006 si
406 3945 444 4006 de
469 3959 575 4007 cetero
608 3945 674 4026 ipsa
702 3964 758 4006 sua
789 3941 871 4006 iacta
902 3943 986 4005 mala
1022 3945 1223 4006 renovaverit
1254 3964 1310 4006 seu
1341 3945 1537 4007 reiteraverit

274 4063 328 4111 aut
352 4049 413 4112 hiis
436 4051 552 4112 similia
577 4051 710 4112 ulterius
743 4049 938 4111 commiserit
970 4063 1000 4110 et
1023 4051 1261 4131 perpetraverit,
1294 4071 1411 4133 penam
1436 4071 1535 4132 quam

275 4155 470 4218 demeruerit
494 4171 724 4237 consequetur,
753 4176 801 4217 res
831 4175 906 4216 vero
932 4169 962 4216 et
993 4156 1210 4237 possessiones
1240 4177 1296 4218 sue
1321 4155 1481 4238 judicibus
1506 4170 1536 4218 et

274 4262 386 4344 juratis
410 4283 446 4325 ac
471 4263 671 4326 debitoribus
698 4263 763 4324 suis
794 4263 907 4325 cedere
939 4262 1058 4324 debent
1080 4264 1152 4344 lege
1184 4264 1319 4325 civitatis
1343 4265 1535 4345 requirente.

274 4480 369 4555 Feria
398 4491 495 4555 sexta
537 4485 690 4573 proxima
719 4491 796 4554 ante
824 4483 946 4554 festum
983 4481 1236 4572 Assumpcionis
1273 4485 1369 4555 beate
1405 4504 1536 4572 semper

766 4607 907 4695 virginis
936 4606 1052 4678 llarie.

782 4755 848 4838 (14.
878 4755 1028 4836 auguste).

381 4898 459 4960 ltem
484 4897 600 4980 jurabit
624 4896 807 4960 Anthonius
831 4895 917 4958 filius
941 4897 1074 4980 Georgii
1099 4898 1304 4981 Oprasnycza
1329 4900 1397 4962 sola
1421 4921 1477 4961 sua
1503 4902 1535 4962 in

272 5023 408 5088 persona
432 5025 488 5086 per
504 5004 783 5086 adjudicacionem
803 5003 981 5086 juratorum
1005 5017 1118 5066 octavo
1141 5005 1193 5067 die
1209 5025 1306 5088 super
1322 5026 1409 5068 aram
1427 5019 1536 5068 contra

1390 5114 1430 5174 26
