3734 5796
602 487 688 544 Anno
710 500 802 562 1440.
823 521 867 528 —
890 500 937 544 12.
962 489 1091 560 augusti.
1418 505 1480 568 327

219 699 319 780 ipsius
332 699 468 760 civitatis
486 699 677 761 remiserunt
687 711 842 780 perpetuo
859 697 1097 779 possidendam,
1112 697 1251 779 ideoque
1268 718 1327 760 nos
1344 698 1480 760 eandem

188 805 330 866 -silvam
356 825 429 867 cum
454 806 605 867 omnibus
629 805 693 866 suis
722 804 926 886 pertinenciis
956 804 1124 866 statuimus
1155 820 1310 888 perpetuo
1343 826 1380 866 ex
1410 825 1480 888 pre-

216 911 320 972 missis
343 911 569 993 possidendam
595 925 626 974 et
650 909 958 993 quomodocumque
975 911 1115 972 voluerit
1135 911 1370 993 disponendam
1393 911 1477 994 juxta

216 1017 391 1100 predictam
417 1019 642 1080 condicionem
666 1017 802 1078 civitatis
825 1030 1001 1098 prenotate.

322 1124 400 1186 Item
432 1123 572 1186 infacto
596 1124 745 1206 potencie
771 1135 802 1184 et
818 1122 1062 1204 depredacionis
1086 1123 1203 1185 domus
1227 1125 1337 1186 Jacobi
1362 1125 1477 1206 judicis

215 1230 271 1292 filii
297 1230 452 1292 lohannis
483 1231 560 1292 dicti
584 1229 684 1313 Bolye
717 1231 797 1292 inter
834 1229 938 1312 ipsum
967 1230 1123 1291 Jacobum
1147 1230 1286 1312 judicem
1318 1245 1349 1293 et
1373 1233 1474 1294 Bene·

217 1337 337 1399 dictum
362 1336 465 1398 filium
484 1336 650 1398 Michaelis
667 1335 845 1398 Sebastiani
867 1349 897 1397 et
921 1335 1002 1396 Pero
1019 1355 1055 1397 ac
1072 1336 1228 1398 Jacobum
1245 1337 1366 1399 dietum
1384 1339 1475 1400 Jaxin

216 1443 299 1506 filios
322 1444 406 1505 Petri
431 1444 506 1504 dicti
525 1442 647 1526 Saphar
671 1443 703 1504 in
728 1462 856 1504 causam
872 1455 1021 1504 attractos
1041 1461 1150 1504 coram
1174 1444 1267 1504 nobis
1291 1445 1477 1526 peripsum

217 1551 373 1612 Jacobum
398 1549 538 1630 judicem
563 1569 670 1612 coram
694 1549 788 1636 nobis
804 1563 901 1629 mote,
925 1549 1068 1611 habitam
1092 1568 1220 1612 causam
1237 1570 1276 1612 eo
1300 1551 1399 1613 modo
1423 1552 1479 1614 ad·

217 1656 450 1737 judicaverunt,
468 1671 502 1718 ut
515 1656 590 1736 qula
607 1655 667 1738 ipsi
688 1655 781 1735 jurati
806 1655 837 1716 id
855 1656 1081 1736 investigantes
1097 1657 1271 1718 rescierunt
1288 1677 1326 1718 ex
1347 1677 1365 1719 a
1382 1670 1479 1738 cert0‚

219 1763 386 1844 quomodo
420 1761 533 1844 prefati
566 1761 767 1840 Benedictus,
792 1762 873 1822 Pero
905 1775 936 1823 et
959 1762 1097 1824 lacobus
1129 1763 1161 1824 in
1192 1782 1319 1824 causam
1343 1765 1477 1844 attracti,

214 1889 303 1930 more
331 1869 538 1951 depredativo
563 1869 595 1928 in
620 1867 737 1929 dictam
762 1867 897 1929 domum
921 1868 1021 1950 ipsius
1038 1869 1150 1932 Jacobi
1173 1869 1288 1950 judicis
1312 1883 1384 1952 post
1407 1890 1479 1952 pre-

214 1976 333 2037 dictum
359 1974 562 2036 Anthonium
586 1987 739 2036 sartorem
764 1972 866 2036 filium
891 1973 967 2034 dicti
988 1974 1122 2036 Adriani
1147 1975 1277 2058 (ipsum)
1301 1976 1476 2058 predonice

214 2081 380 2163 pellentes,
405 2081 486 2142 circa
510 2080 647 2162 gradum
673 2080 756 2142 dicte
780 2079 896 2140 domus
912 2079 1025 2162 prelati
1049 2080 1164 2163 judicis
1181 2083 1342 2144 irruerunt
1370 2096 1478 2144 contra

218 2189 399 2250 libertatem
430 2187 568 2249 civitatis
601 2200 631 2247 et
662 2186 767 2268 ipsum
799 2185 1000 2247 Anthonium
1032 2187 1134 2248 dictus
1165 2187 1358 2249 Benedictus
1385 2208 1479 2271 super

218 2313 352 2356 manum
370 2293 469 2375 ipsius
486 2293 641 2354 Anthonii
667 2293 817 2354 mactavit
833 2291 953 2353 ibidem
978 2293 1059 2354 circa
1077 2293 1180 2376 ipsum
1204 2295 1339 2375 gradum
1364 2295 1480 2357 domus

217 2402 318 2484 ipsius
335 2401 445 2462 Jacobi
463 2399 587 2480 judicis,
604 2397 744 2482 prefatus
760 2412 867 2460 autem
885 2399 966 2460 Pero
984 2399 1122 2460 eundem
1140 2401 1340 2462 Anthonium
1358 2401 1479 2464 ibidem

217 2508 256 2568 ad
285 2514 380 2589 caput
397 2526 469 2568 cum
495 2506 583 2567 clava
601 2504 701 2567 ferrea
726 2504 915 2588 (percuss)it,
931 2506 1092 2588 predictus
1116 2519 1222 2568 autem
1240 2508 1377 2570 lacobus
1395 2507 1479 2570 filius

217 2613 292 2674 dicti
317 2613 402 2674 Petri
427 2612 550 2694 Saphar
573 2625 736 2692 tamquam
762 2611 868 2672 socius
892 2631 1015 2690 eorum,
1041 2611 1161 2674 eisdem
1178 2613 1328 2694 predictis
1352 2633 1479 2695 percus-

214 2720 341 2782 soribus
364 2739 458 2780 suum
483 2718 671 2780 benivolum
700 2737 891 2778 consensum
923 2717 1088 2801 prebendo
1120 2718 1251 2780 eosdem
1274 2738 1477 2801 percussores

212 2826 287 2888 dicti
314 2825 470 2887 Anthonii
495 2845 597 2906 usque
620 2824 661 2886 ad
686 2824 783 2886 finem
807 2845 901 2886 cause
925 2839 1052 2887 secutus
1076 2839 1123 2888 est
1146 2839 1177 2888 et
1200 2829 1305 2888 verbis
1329 2828 1394 2890 suis
1418 2828 1474 2892 de-

211 2931 313 2994 fendit
337 2945 433 3014 atque
458 2929 553 3010 facto,
577 2931 717 3012 ideoque
742 2931 877 3012 quilibet
908 2951 1020 2993 eorum
1045 2932 1077 2992 in
1102 2932 1213 2994 decem
1237 2934 1352 2996 marcia
1377 2935 1475 2998 dena·

211 3039 333 3100 riorum
367 3051 476 3100 contra
515 3035 674 3120 prefatum
708 3038 863 3099 Jacobum
894 3037 1034 3118 judicem
1071 3039 1282 3119 birsagialiter
1310 3041 1478 3103 convictus

212 3144 314 3207 extitit
338 3157 369 3206 et
391 3157 581 3226 aggravatus
597 3143 682 3206 salva
701 3145 854 3225 porcione
871 3143 985 3225 judicis
1010 3158 1041 3205 et
1056 3143 1200 3226 judicum
1218 3145 1362 3208 eiusdem
1380 3166 1473 3209 cause

211 3273 268 3334 per
293 3251 571 3334 adjudicacionem
594 3250 772 3330 juratorum
796 3251 1048 3329 modernorum;
1081 3252 1140 3333 ipsi
1165 3253 1314 3332 lacobus,
1338 3253 1420 3314 Pero
1444 3266 1475 3314 et

211 3358 406 3421 Benedictus
430 3359 469 3418 de
493 3357 635 3439 predicta
660 3357 903 3438 adjudicacione
928 3377 993 3419 non
1018 3359 1158 3420 contenti
1184 3359 1320 3420 eandem
1345 3379 1474 3421 causam

212 3465 252 3526 ad
277 3463 431 3546 judicium
458 3465 621 3525 seniorum
645 3463 789 3544 judicum
813 3463 1015 3545 appellarunt
1038 3463 1289 3546 dijudicandam.

319 3571 396 3632 ltem
421 3589 477 3652 per
501 3569 677 3651 juratorum
695 3568 971 3650 adjudicacionem
1004 3590 1130 3632 causam
1162 3571 1326 3652 sanguinis
1351 3585 1381 3632 et
1405 3572 1475 3633 vul·

210 3677 296 3739 neris
321 3696 416 3759 super
440 3689 535 3758 caput
559 3676 721 3738 Dominici
746 3677 838 3758 jurati
864 3678 963 3738 nostri
984 3676 1130 3738 moderni
1156 3677 1246 3756 illati,
1271 3677 1412 3739 secundo
1437 3698 1470 3740 se

209 3784 355 3866 personis
377 3803 476 3866 penes
493 3782 682 3844 effusionem
708 3784 872 3864 sanguinis
890 3782 1034 3845 eiusdem
1059 3784 1222 3845 Dominici
1246 3783 1339 3867 jurati
1357 3797 1471 3846 octavo

210 3891 260 3952 die
285 3909 380 3972 super
403 3909 490 3950 aram
515 3890 547 3950 in
573 3889 705 3950 ecclesia
730 3889 812 3950 beati
839 3889 936 3950 Marci
969 3890 1172 3970 ewangeliste
1197 3910 1235 3952 eo
1261 3890 1358 3951 modo
1383 3890 1466 3970 judi·

210 4009 317 4057 cantes
330 3995 555 4058 decreverunt.
568 4042 604 4074 ..,
619 4008 654 4057 ut
666 3995 733 4077 ipse
750 4007 859 4056 contra
875 3995 1072 4077 Stephanum
1089 3995 1228 4077 juratum
1244 3997 1413 4077 antiquum
1432 3996 1470 4057 de

209 4105 314 4184 platea
339 4116 495 4180 sutorum,
527 4115 562 4164 ut
592 4101 659 4184 ipse
693 4100 872 4183 Stephanus
902 4101 1023 4183 juratus
1055 4101 1172 4162 dictam
1204 4103 1369 4182 sanguinis
1393 4102 1471 4164 effu-

209 4209 335 4270 sionem
359 4229 453 4290 super
484 4209 589 4290 ipsum
622 4207 830 4269 Dominicum
868 4221 1088 4289 perpetrasset,
1112 4208 1143 4268 in
1170 4226 1208 4268 eo
1240 4223 1358 4287 autem,
1384 4209 1472 4289 quod

209 4317 276 4397 ipse
302 4315 482 4396 Stephanus
506 4314 627 4396 juratus
652 4315 773 4375 dictum
798 4314 1005 4376 Dominicum
1022 4315 1161 4395 juratum
1187 4313 1349 4376 falsarium
1368 4331 1398 4377 et
1415 4315 1471 4378 do-

208 4421 314 4482 losum
339 4420 505 4482 hominem
524 4421 715 4503 appellasset
739 4421 770 4481 in
788 4421 893 4501 primo
910 4420 1030 4501 judicio
1048 4421 1135 4482 idem
1153 4419 1332 4502 Stephanus
1348 4419 1468 4502 juratus

209 4528 305 4589 debet
329 4526 498 4588 efficaciter
522 4529 732 4609 comprobare
764 4527 884 4588 dictum
912 4527 1117 4588 Dominicum
1141 4526 1280 4607 juratum
1305 4525 1471 4588 falsarium

209 4649 239 4696 et
266 4635 445 4696 hominem'
461 4635 609 4695 dolosum
634 4654 730 4714 quem
748 4635 889 4716 appellat
916 4647 1011 4716 prout
1039 4634 1125 4696 idern
1142 4634 1333 4695 Dominicus
1350 4633 1471 4714 juratus

209 4761 316 4803 coram
341 4741 436 4802 nobis
460 4741 682 4821 comprobavit
713 4739 915 4816 sufficienter,
941 4755 971 4802 et
1002 4741 1068 4823 ipse
1100 4741 1187 4802 solus
1211 4739 1391 4822 Stephanus
1423 4739 1469 4821 ju·

208 4859 295 4908 ratus
320 4845 482 4928 idipsum
505 4866 562 4928 per
583 4846 687 4928 ipsum
705 4845 849 4906 locutum
874 4846 1004 4926 proprio
1022 4867 1079 4907 suo
1104 4867 1159 4908 ore
1183 4865 1267 4907 nunc
1293 4846 1325 4906 in
1348 4845 1469 4926 judicio

209 4952 344 5015 asseruit
367 4966 398 5014 et
414 4950 593 5031 affirmavit,
618 4965 649 5014 et
665 4952 936 5034 comprobacione
954 4953 1021 5034 ipsa
1038 4951 1119 5014 facta
1144 4953 1177 5013 id
1201 4951 1289 5033 quod
1314 4951 1374 5032 juri
1394 4971 1469 5012 con·
