3796 5812
371 531 436 607 464
753 530 837 586 Anno
861 525 955 606 1448.
982 561 1018 572 —-
1046 539 1097 604 27.
1121 531 1248 603 augusti.

491 747 586 822 Feria
615 755 713 820 sexta
741 749 896 838 proxima
924 755 1002 819 ante
1030 748 1153 820 iestnm
1180 755 1296 820 sancte
1324 747 1515 820 Trinitatis.

908 900 969 978 (17.
992 900 1089 981 mair).

478 1039 555 1102 item
586 1039 748 1101 Jobannes
772 1037 912 1101 carnifex
945 1053 1053 1101 contra
1087 1039 1284 1122 Stephanum
1310 1041 1495 1124 Zaykonem
1526 1042 1628 1104 carni-

373 1145 467 1208 ficem
493 1145 597 1228 primo
622 1145 734 1207 citatus
758 1165 823 1207 non
848 1146 1036 1228 comparuit.

477 1253 554 1314 item
591 1252 717 1314 blasius
752 1250 892 1334 frenipar
924 1251 1044 1333 juratus
1075 1267 1184 1316 contra
1217 1252 1412 1335 Gregorium
1445 1255 1633 1316 Barbetium

371 1359 477 1442 primo
508 1360 622 1421 citatus
645 1379 710 1420 non
739 1359 945 1442 comparuit.¹

476 1466 555 1528 Item
579 1466 732 1527 Nicolaus
763 1465 857 1546 judex
883 1478 992 1526 contra
1025 1465 1200 1547 Baptistam
1231 1487 1386 1548 generum
1410 1487 1502 1530 suum
1528 1469 1633 1550 primo

370 1574 485 1635 citams
513 1593 577 1634 non
603 1572 792 1654 comparuit.

479 1679 556 1741 Item
581 1679 734 1740 Nicolaus
750 1677 845 1758 judex
870 1692 978 1739 contra
1005 1678 1139 1740 Paulum
1157 1679 1291 1762 Kopryn
1315 1692 1410 1742 testes
1434 1680 1473 1742 ad
1492 1681 1630 1763 primum

369 1785 525 1866 judicium
551 1786 694 1867 proxime
720 1804 889 1846 occurrens
905 1784 1082 1866 producere
1108 1784 1203 1846 debet
1228 1785 1258 1846 in
1277 1805 1370 1847 causa
1387 1805 1499 1848 eorum
1523 1806 1630 1848 coram

369 1893 462 1953 nobis
486 1910 572 1953 nunc
596 1905 693 1954 mota.

396 2109 492 2182 Feria
520 2120 618 2184 sexta
649 2114 804 2201 proxima
833 2119 911 2184 ante
947 2111 1070 2183 testum
1098 2113 1209 2182 sancti
1238 2111 1412 2184 Laurencii
1441 2112 1606 2183 martiris.

888 2262 935 2344 (9.
959 2263 1101 2344 augusti).

477 2405 553 2466 Item
580 2405 679 2466 Elena
704 2405 787 2466 dicta
812 2406 950 2488 Kukyna
974 2417 1088 2466 octavo
1122 2405 1174 2468 die
1198 2425 1293 2488 super
1319 2425 1406 2466 aram
1431 2425 1520 2467 more
1545 2421 1629 2467 treu-

368 2532 481 2594 garum
506 2525 659 2573 sextamet
683 2531 739 2592 per
762 2511 1041 2592 adjudicacionem
1068 2511 1245 2593 juratorum
1277 2525 1386 2575 contra
1412 2513 1541 2574 Petrum
1568 2513 1630 2574 Zu-

368 2617 521 2701 drowych
547 2617 651 2698 jurare
675 2618 836 2680 tenebitur
870 2637 965 2699 super
997 2637 1046 2697 eo,
1072 2631 1106 2679 ut
1139 2621 1205 2701 ipsa
1229 2619 1465 2700 manutergium
1497 2619 1631 2701 predicti

369 2724 451 2785 Petri
476 2723 676 2806 Zudrowych
702 2744 767 2785 non
791 2724 1007 2803 subtraxisset,
1032 2724 1087 2785 sed
1113 2725 1144 2785 in
1169 2724 1259 2786 totali
1284 2709 1419 2786 accione
1440 2737 1471 2785 et
1494 2725 1632 2805 acquisi-

368 2831 459 2892 cione
484 2828 560 2890 dicti
585 2830 700 2893 actoris
725 2830 879 2892 innocens
902 2845 984 2892 esset
1006 2831 1133 2912 penitus
1157 2844 1188 2892 et
1212 2831 1362 2894 inmunis.

368 3049 465 3123 Feria
494 3057 592 3120 sexta
629 3053 783 3140 proxima
817 3058 894 3140 post
936 3051 1059 3124 festum
1086 3049 1340 3142 nssnnpcnnn
1377 3052 1474 3124 beate
1501 3071 1633 3142 semper

853 3177 998 3264 virginis
1027 3177 1140 3248 idarie.

889 3342 955 3424 (16.
978 3345 1120 3426 augusti).

474 3484 551 3546 item
576 3486 651 3566 quia
668 3485 810 3567 predicta
835 3486 936 3547 Elena
953 3487 1069 3548 mulier
1093 3486 1175 3548 dicta
1195 3487 1333 3568 Kukyna
1350 3484 1528 3567 predictum
1547 3483 1630 3564 jura·

366 3605 510 3653 mentum
534 3591 594 3652 sibi
620 3611 676 3672 per
700 3591 819 3671 juratos
843 3591 1061 3672 adjudicatum
1083 3591 1180 3654 bodie
1200 3593 1315 3654 eodem
1338 3590 1437 3653 modo
1461 3591 1543 3651 sicut
1566 3589 1626 3651 sibi

365 3695 424 3758 fuit
448 3696 666 3778 adjudicatum
690 3699 826 3779 prestitit
850 3711 881 3759 et
912 3697 1061 3780 deposuit
1092 3698 1147 3760 tali
1173 3699 1283 3776 modo,
1309 3712 1343 3759 ut
1375 3698 1441 3779 ipsa
1467 3694 1627 3778 prefatum

366 3803 602 3883 manutergium
635 3803 734 3885 ipsius
766 3805 849 3865 Petri
882 3803 1083 3886 Zudrowych
1115 3823 1181 3866 non
1206 3805 1370 3882 subtraxit,
1400 3802 1455 3864 sed
1480 3803 1513 3864 in
1537 3803 1627 3863 totali

365 3909 495 3970 accione
528 3923 559 3971 et
592 3910 808 3990 acquisicione
840 3909 982 3972 eiusdem
1017 3910 1100 3971 Petri
1128 3910 1330 3993 Zudrowych
1361 3910 1516 3971 innocens
1548 3921 1630 3970 esset

365 4015 492 4097 penitus
516 4027 547 4077 et
571 4015 711 4094 innoxia,
735 4016 809 4077 ideo
833 4015 934 4098 ipsam
961 4015 1095 4077 Elenam
1125 4017 1293 4078 mulierem
1325 4015 1526 4077 reddidimus
1559 4012 1627 4076 fore

365 4121 546 4204 expeditam
571 4135 602 4183 et
626 4122 767 4203 quietam
792 4123 920 4184 racione
942 4121 1024 4183 dicte
1042 4121 1181 4182 accionis
1206 4122 1305 4204 ipsius
1323 4121 1405 4184 Petri
1424 4119 1628 4202 Zudrowych

365 4241 396 4289 et
419 4225 588 4308 juramenti
613 4229 781 4310 prenotati.

409 4443 505 4520 Feria
534 4449 642 4519 tercia
670 4450 824 4537 proxima
853 4455 930 4520 ante
958 4447 1081 4520 festum
1113 4448 1202 4520 beati
1231 4445 1411 4538 Augustini
1441 4448 1587 4537 episcopi

848 4579 949 4662 atque
978 4571 1137 4644 doctoris.

884 4747 945 4821 (27.
969 4741 1111 4824 auguste).

470 4885 547 4947 item
572 4885 704 4946 domina
723 4885 900 4966 Elyzabeth
925 4885 1034 4946 relicta
1051 4883 1188 4945 condam
1207 4883 1347 4946 Ladislai
1370 4881 1534 4962 aurifabri,
1551 4902 1628 4945 con·

367 4991 498 5052 thoralis
523 5012 608 5053 nunc
636 4992 775 5072 magistri
795 4991 913 5052 Mathei
931 4990 1045 5052 notarii
1069 4990 1308 5052 communitatis
1333 5001 1443 5051 contra
1461 4988 1628 5051 dominam
