3876 5798
480 565 544 624 450
870 547 955 602 Anno
980 557 1066 621 1447.
1093 579 1135 588 —-
1159 559 1207 603 21.
1231 545 1347 618 aprilis.

480 757 645 837 judiciaria
669 757 753 818 clare
778 771 808 816 et
824 757 942 816 seriose
959 756 1181 836 comprobavit
1202 775 1309 816 coram
1328 755 1431 832 nobis,
1449 767 1483 814 ut
1500 753 1576 815 dum
1602 753 1739 835 prefatus

482 863 605 924 Blasius
627 861 712 924 filius
737 862 837 944 ipsius
863 861 1004 939 Martini,
1028 881 1118 922 socer
1134 861 1268 940 predicti
1288 860 1426 922 Emerici
1452 861 1483 920 in
1509 861 1658 922 extremis
1682 860 1740 920 vite

481 988 537 1030 sue
560 969 747 1051 temporalis
770 968 957 1046 laborasset,
981 981 1058 1028 tunc
1091 967 1157 1048 ipse
1193 965 1347 1048 quasdam
1373 966 1452 1027 duas
1485 967 1593 1028 vineas
1616 987 1689 1028 suas
1712 968 1741 1026 in

481 1075 641 1136 territorio
666 1074 802 1136 civitatis
826 1073 967 1156 predicte
992 1073 1127 1151 habitas,
1152 1073 1256 1154 ipsum
1284 1071 1404 1134 scilicet
1428 1073 1569 1134 Blasium
1594 1091 1737 1134 socerum

483 1181 580 1262 ipsius
604 1181 741 1242 Emerici
767 1179 901 1260 juridice
919 1193 949 1242 et
973 1179 1147 1242 literatorie
1165 1192 1404 1257 concernentes,
1429 1198 1501 1240 cum
1524 1198 1632 1240 earum
1659 1179 1741 1240 utili·

482 1287 599 1349 tatibus
616 1301 646 1347 et
663 1287 868 1369 pertinenciis
891 1287 1047 1348 universis
1061 1285 1188 1346 mulieri
1207 1285 1341 1367 provide
1355 1285 1479 1366 Agatha
1496 1298 1606 1346 vocate
1624 1285 1743 1345 Wrana

483 1393 720 1473 cognominate,
745 1391 810 1454 filie
837 1411 892 1453 sue
915 1393 1084 1474 legavisset
1113 1405 1143 1452 et
1160 1391 1333 1452 dimisisset
1356 1389 1423 1472 jure
1441 1388 1626 1472 perhennali
1645 1391 1743 1471 possi·

483 1499 614 1578 dendus,
640 1499 774 1580 ipsaque
799 1499 923 1580 Agatha
948 1498 1063 1558 mulier
1087 1497 1233 1558 similiter
1257 1497 1288 1558 in
1314 1497 1462 1558 extremis
1490 1497 1553 1559 vite
1577 1517 1633 1558 sue
1659 1498 1745 1558 labo·

483 1625 568 1684 rans,
592 1605 721 1667 easdem
747 1605 856 1666 vineas
873 1604 952 1666 duas
976 1604 1035 1686 ipsi
1052 1603 1177 1684 Agathe
1198 1603 1325 1665 mulieri
1343 1623 1399 1685 ρετ
1423 1602 1578 1685 prelatum
1603 1603 1743 1664 Blasium

483 1726 604 1793 patrem
630 1731 724 1773 suum
749 1711 848 1772 modo
866 1711 1020 1793 premisso
1045 1709 1165 1790 legatas
1190 1708 1312 1790 prefato
1331 1709 1478 1770 Emerico
1502 1729 1560 1792 pro
1583 1723 1661 1771 tunc
1679 1711 1744 1771 viro

482 1836 541 1878 suo
568 1817 727 1898 legittimo
752 1817 898 1878 similiter
921 1816 1057 1898 legasset
1080 1829 1111 1878 et
1143 1815 1315 1877 dimisisset
1338 1815 1406 1896 jure
1438 1816 1623 1898 perhennali
1649 1818 1746 1899 possi-

483 1922 616 2002 dendas,
641 1923 779 2004 ideoque
805 1943 863 1984 nos
896 1922 1022 1984 easdem
1056 1921 1135 1982 duas
1158 1921 1269 1982 vineas
1301 1925 1422 2004 prefate
1454 1922 1578 2002 Agathe
1603 1923 1746 1984 mulieris

483 2031 585 2112 ipsam
610 2030 765 2111 premisso
784 2029 958 2110 legacionis
974 2029 1069 2088 titulo
1091 2027 1262 2089 literatorie
1281 2043 1519 2107 concernentes,
1543 2049 1615 2090 cum
1634 2048 1743 2090 earum

484 2136 606 2198 cunctis
630 2135 821 2196 utilitatibus
845 2149 876 2196 et
899 2135 1105 2218 pertinenciis
1129 2135 1285 2195 universis
1317 2135 1461 2216 predicto
1486 2135 1635 2197 Emerico
1661 2137 1745 2197 dicto

484 2241 632 2326 Wranyn
658 2243 826 2303 statuimus
843 2255 874 2303 et
890 2241 1111 2302 commisimus
1135 2259 1171 2300 ex
1189 2241 1351 2322 premissis
1367 2255 1522 2324 perpetuo
1538 2243 1747 2324 possidendas

484 2361 515 2408 et
541 2348 850 2430 quomodocumque
875 2348 1012 2409 voluerit
1029 2347 1245 2430 disponendas
1261 2347 1347 2426 juxta
1364 2347 1588 2410 condicionem
1613 2349 1748 2410 civitatis

486 2467 652 2534 prenotate
678 2455 717 2515 ab
744 2455 877 2536 antiquo
902 2455 1122 2536 approbatam.

618 2689 712 2764 Feria
741 2701 840 2764 sexta
868 2696 1023 2782 proxima
1051 2702 1127 2783 post
1155 2703 1310 2767 octavam
1340 2696 1443 2768 Pasce
1470 2697 1613 2770 Domini.

1004 2860 1065 2922 (21.
1088 2843 1220 2923 apriles).

593 2983 671 3044 Item
696 2985 823 3045 Marcus
840 2983 924 3045 lilius
949 2984 1058 3047 Gurak
1083 2999 1191 3048 contra
1210 2986 1394 3069 Philippum
1420 2987 1618 3052 aurifabrum
1645 2993 1748 3074 primo

485 3090 599 3150 citatus
623 3109 689 3150 non
714 3091 903 3170 comparuit.

594 3197 671 3258 ltem
689 3197 836 3258 Thomas
852 3197 972 3278 juratus
989 3198 1162 3258 modernus
1183 3213 1291 3261 contra
1309 3199 1468 3282 prelatum
1486 3203 1627 3264 Marcum
1648 3204 1748 3266 filium

486 3303 585 3384 ipsius
595 3301 704 3364 Gurak
720 3304 751 3364 in
765 3304 869 3385 primo
881 3303 1002 3384 judicio
1011 3305 1156 3386 proxime
1170 3321 1354 3367 occurrente
1366 3309 1526 3369 tenebitur
1543 3311 1747 3390 respondere.

594 3410 670 3470 ltem
705 3409 897 3470 Benedictus
928 3409 1049 3490 juratus
1087 3411 1261 3472 modernus
1293 3427 1401 3474 contra
1434 3414 1572 3476 eundem
1605 3415 1749 3477 Marcum

486 3515 589 3578 filium
615 3517 714 3597 ipsius
740 3515 849 3577 Gurak
874 3516 1020 3577 similiter
1049 3517 1079 3578 in
1111 3519 1216 3599 primo
1240 3517 1362 3598 judicio
1392 3521 1537 3602 proxime
1562 3535 1749 3583 occurrente

486 3623 649 3684 tenebitur
673 3621 877 3704 respondere.

594 3729 671 3790 ltem
702 3730 776 3809 quia
802 3728 995 3790 Benedictus
1025 3729 1110 3792 filius
1142 3732 1297 3794 Johannis
1329 3734 1511 3796 Krathehen
1545 3735 1611 3796 sola
1637 3757 1696 3798 sua
1720 3737 1748 3796 in

486 3854 622 3916 persona
646 3835 862 3915 juramentum
887 3836 946 3895 sibi
972 3857 1028 3917 per
1061 3836 1180 3917 juratos
1213 3851 1320 3900 eontra
1346 3839 1553 3902 Valentinum
1585 3841 1746 3904 literatum

486 3942 671 4002 servitorem
698 3941 823 4002 domini
842 3941 997 4002 Johannis
1018 3943 1124 4004 vicarii
1144 3945 1175 4004 in
1201 3943 1284 4007 lacto
1302 3946 1467 4008 cuiusdam
1493 3947 1589 4029 panni
1614 3962 1648 4009 et
1673 3949 1749 4010 dua·

486 4067 556 4108 rum
580 4047 727 4125 telarum,
752 4047 847 4108 unius
872 4049 958 4130 kytel
984 4063 1014 4109 et
1037 4049 1167 4112 alterius
1190 4052 1293 4132 spinal
1323 4067 1445 4131 vocate,
1470 4073 1526 4135 per
1550 4053 1673 4134 juratos
1697 4055 1748 4117 ad-

488 4153 664 4232 judicatum
691 4153 806 4234 pridie,
831 4173 915 4214 nunc
939 4175 996 4214 seu
1020 4155 1115 4216 hodie
1139 4157 1253 4218 eodem
1271 4159 1370 4220 modo
1394 4161 1530 4240 prestitit
1546 4175 1577 4222 et
1601 4161 1750 4244 deposuit

488 4260 569 4321 sicut
594 4261 653 4320 sibi
678 4280 734 4341 per
759 4259 888 4320 eosdem
913 4259 1032 4340 juratos
1064 4261 1238 4323 modernos
1263 4262 1322 4325 luit
1354 4264 1585 4344 adjudicatum,
1610 4267 1749 4349 ideoque

489 4385 548 4426 nos
574 4365 712 4426 eundem
731 4365 941 4427 Benedictum
961 4367 1239 4450 Krathehnowych
1269 4371 1395 4432 racione
1413 4371 1512 4452 ipsius
1533 4372 1748 4454 deposicionis

488 4471 564 4533 dicti
590 4471 760 4552 juramenti
785 4492 822 4532 ac
855 4473 983 4533 racione
1016 4473 1155 4554 ipsarum
1192 4495 1296 4536 rerum
1331 4476 1406 4538 dicti
1438 4476 1599 4539 Valentini
1634 4479 1747 4541 literati

487 4578 687 4638 reddidimus
712 4577 779 4640 fore
804 4580 961 4660 quietum,
987 4580 1170 4661 expeditum
1196 4596 1226 4642 et
1249 4601 1305 4663 per
1333 4583 1441 4644 omnia
1466 4583 1662 4648 absolutum.

593 4730 1262 4748 .....................
1295 4690 1428 4768 (armore
1450 4711 1573 4762 exesum,
1598 4691 1748 4762 laceram).

597 4789 674 4851 ltem
700 4810 826 4851 causam
853 4792 948 4852 Blasii
967 4792 1059 4873 jurati
1077 4791 1134 4852 filii
1161 4793 1312 4875 Stephani
1339 4809 1370 4856 et
1386 4796 1492 4856 uxoris
1517 4796 1658 4859 Emerici
1676 4797 1747 4859 dicti

491 4894 624 4956 Skertha
649 4896 695 4956 sic
717 4897 981 4976 adjudicaverunt
997 4897 1100 4979 jurati,
1125 4900 1212 4979 quod
1239 4901 1305 4981 ipsc
1323 4902 1446 4962 Blasius
1462 4903 1586 4982 juratus
1610 4905 1680 4966 sola
1697 4923 1749 4965 sua

491 5001 521 5060 in
546 5021 684 5083 persona
710 5018 818 5065 contra
851 5003 1004 5086 prefatam
1039 5025 1169 5066 uxorem
1206 5007 1303 5087 ipsius
1329 5008 1467 5070 Emerici
1498 5010 1615 5071 sutoris
1639 5025 1749 5073 octavo
