3734 5796
399 561 459 640 336
760 560 963 634 Ann01440.
989 589 1029 600 -
1053 551 1104 616 16.
1131 555 1292 615 decembris.

449 779 547 852 Ferla
576 787 675 850 sexta
704 779 857 866 proxima
886 785 964 866 post
992 775 1115 846 testum
1143 787 1260 846 sancte
1288 775 1385 848 lucie
1412 777 1557 863 vir-ginis
1586 783 1619 846 et

863 902 1018 972 martiris
1057 898 1195 971 Christi.
1454 899 1460 912 '

895 1049 959 1130 (16.
990 1051 1164 1126 decembris).

506 1197 582 1258 ltem
608 1196 682 1277 quia
709 1193 847 1257 Michael
872 1193 957 1256 filius
981 1193 1110 1255 Tbome
1142 1207 1231 1255 sexto
1255 1213 1289 1255 se
1312 1193 1458 1275 personis
1490 1193 1550 1254 sibi
1574 1192 1663 1254 simi-

397 1303 482 1365 libus
507 1303 538 1364 in
563 1301 697 1362 ecclesia
722 1300 807 1362 beati
841 1299 940 1362 Marci
974 1298 1180 1380 ewangeliste
1207 1318 1303 1382 super
1333 1317 1421 1360 aram
1445 1297 1662 1380 juramentum

396 1409 456 1469 sibi
481 1409 513 1470 in
538 1427 631 1469 causa
657 1408 738 1468 inter
763 1406 937 1468 Martinum
960 1404 1101 1486 judicem
1125 1404 1156 1466 in
1182 1402 1266 1466 lacto
1283 1404 1530 1487 depredacionis
1553 1419 1584 1466 et
1607 1403 1662 1465 de-

396 1515 602 1576 mactationis
634 1515 733 1576 boum
766 1513 911 1574 eiusdem
944 1511 1074 1574 Martini
1107 1511 1222 1590 judicis
1253 1523 1284 1573 et
1316 1511 1397 1573 inter
1429 1511 1568 1572 eundem
1601 1511 1661 1572 Mi·

396 1621 540 1683 chaelem
565 1639 673 1681 coram
708 1619 801 1682 nobis
825 1618 927 1701 pridie
956 1632 1042 1680 mota
1074 1617 1304 1698 adjudicatum,
1336 1637 1375 1679 eo
1399 1618 1500 1681 modo
1526 1616 1663 1700 prestitit

396 1741 426 1789 et
459 1727 608 1809 deposuit
640 1726 722 1788 sicut
753 1725 813 1786 sibi
846 1723 907 1786 fuit
938 1724 1158 1806 adjudicatum
1191 1738 1221 1786 et
1256 1725 1338 1786 sicut
1368 1725 1491 1803 debuit,
1522 1725 1660 1805 ideoque

398 1834 537 1896 eundem
563 1831 754 1895 Michaelem
787 1830 890 1894 filium
923 1830 1000 1893 dicti
1026 1830 1155 1892 Thome
1187 1831 1315 1892 racione
1345 1831 1490 1893 eiusdem
1514 1848 1606 1891 cause
1631 1841 1661 1890 et

397 1939 524 2002 racione
550 1939 649 2021 ipsius
674 1938 845 2019 juramenti
872 1951 982 1999 contra
1013 1936 1172 2020 prefatum
1205 1938 1378 2000 Martinum
1410 1936 1550 2018 judicem
1575 1955 1660 1997 com·

397 2045 543 2107 misimus
567 2059 599 2106 et
622 2045 812 2125 reliquimus
836 2043 904 2106 lore
929 2044 1115 2125 expeditum
1140 2057 1170 2105 et
1194 2044 1382 2106 omnimode
1405 2044 1600 2105 absolutum.

508 2151 585 2213 ltem
611 2151 686 2232 quia
704 2150 850 2212 Thomas
874 2149 1014 2233 frenipar
1029 2148 1114 2211 filius
1131 2150 1259 2213 Andree
1284 2150 1317 2211 id
1339 2147 1534 2211 sufficienter
1551 2167 1658 2210 coram

398 2257 494 2320 nobis
517 2257 549 2318 in
574 2256 695 2338 judicio
719 2257 802 2318 clare
827 2257 1059 2339 comprobavit,
1091 2269 1126 2318 ut
1157 2255 1234 2317 dum
1259 2253 1412 2338 providus
1444 2254 1583 2317 condam
1614 2253 1661 2314 vir

398 2364 590 2426 benedictus
613 2377 714 2425 sartor
737 2363 826 2446 olym
851 2362 991 2425 concivis
1019 2375 1126 2424 noster
1157 2361 1242 2424 filius
1267 2361 1427 2424 Francisci
1451 2362 1483 2422 in
1509 2360 1658 2423 extremis

395 2471 458 2533 vite
482 2490 537 2532 sue
561 2469 746 2552 temporalis
769 2471 953 2547 laborasset,
985 2481 1061 2530 tunc
1086 2469 1152 2550 ipse
1184 2468 1358 2550 quemdam
1391 2466 1532 2529 fundum
1563 2486 1655 2528 suum

396 2577 523 2639 civilem
549 2577 579 2637 in
608 2575 679 2638 vico
704 2575 803 2658 ipsius
827 2575 962 2637 civitatis
986 2574 1134 2636 exteriori
1154 2593 1210 2636 seu
1234 2574 1339 2657 platea
1371 2574 1476 2636 lutosa
1500 2573 1658 2651 habitum,

398 2703 494 2745 unam
528 2695 674 2764 quartam
707 2681 793 2742 curie
826 2681 857 2743 in
891 2701 924 2742 se
956 2679 1185 2759 continentem,
1214 2699 1287 2742 cum
1318 2679 1383 2742 suis
1406 2680 1599 2742 utilitatibus
1630 2695 1661 2740 et

395 2789 603 2872 pertinenciis
627 2787 782 2850 universis
804 2788 949 2869 predicto
974 2786 1104 2850 Thome
1128 2786 1280 2870 irenipari
1311 2800 1477 2869 tamquam
1509 2786 1660 2848 commis-

395 2895 479 2958 sario
511 2915 587 2956 vero
611 2913 717 2956 rerum
750 2907 781 2955 et
813 2895 972 2955 bonorum
1005 2911 1138 2954 suorum
1169 2891 1339 2972 legavisset
1369 2891 1438 2973 jure
1470 2891 1659 2974 perhennali

395 3002 633 3086 possidendam,
659 3001 797 3082 ideoque
821 3019 881 3062 nos
905 3000 1044 3062 eundem
1063 2999 1199 3062 fundum
1226 2999 1320 3061 unius
1344 3013 1455 3081 quarte
1481 2999 1569 3060 curie
1586 3017 1658 3059 cum

395 3109 460 3170 suis
484 3107 674 3170 utilitatibus
698 3121 728 3168 et
752 3105 958 3189 pertinenciis
992 3107 1149 3168 universis
1173 3107 1316 3190 predicto
1350 3105 1480 3167 Thome
1505 3103 1657 3188 frenipari

396 3215 521 3276 concivi
547 3227 656 3274 nostro
680 3234 717 3274 ac
741 3232 797 3295 per
821 3231 895 3274 eum
919 3211 984 3274 suis
1001 3211 1172 3274 heredibus
1196 3213 1364 3274 statuimus
1380 3227 1537 3295 perpetuo
1561 3211 1659 3293 possi·

397 3321 540 3382 dendum
558 3333 588 3381 et
605 3319 913 3400 quomodocumque
925 3319 1064 3380 voluerit
1080 3318 1317 3400 disponendum
1331 3317 1416 3398 juxta
1434 3317 1658 3379 condicionem

397 3427 534 3488 civitatis
559 3439 723 3508 prenotate
748 3427 787 3487 ab
812 3426 946 3506 antiquo
970 3427 1190 3508 approbatam.

505 3533 582 3595 ltem
601 3531 785 3594 Anthonius
801 3530 941 3593 carnifex
966 3531 1106 3593 decanus
1122 3529 1307 3592 carnificum
1325 3531 1357 3592 in
1379 3529 1463 3592 lacto
1481 3531 1577 3591 unius
1593 3529 1658 3592 lior.

397 3655 426 3702 et
451 3655 579 3702 centum
604 3639 782 3700 solidorum
801 3639 896 3700 debet
912 3637 1133 3699 testimonium
1151 3638 1327 3719 producere
1345 3651 1455 3699 contra
1481 3637 1659 3698 Fabianum

396 3745 535 3828 juratum
561 3744 664 3807 filium
690 3744 844 3806 lobannis
867 3744 907 3805 ad
936 3744 1075 3826 primum
1107 3744 1262 3826 judicium
1296 3745 1440 3825 proxime
1473 3743 1656 3806 affuturum.

502 3852 579 3913 ltem
605 3852 697 3934 jurati
731 3849 995 3931 adjudicaverunt
1026 3871 1154 3912 causam
1181 3851 1310 3933 Mathye
1341 3851 1434 3932 jurati
1459 3850 1570 3931 generi
1595 3850 1656 3910 Ra·

397 3957 503 4020 karich
529 3978 567 4019 eo
593 3957 702 4036 modo,
727 3971 761 4018 ut
789 3959 855 4038 ipse
880 3957 1023 4018 secundo
1045 3977 1078 4018 se
1103 3957 1246 4038 personis
1270 3976 1368 4038 penes
1392 3955 1554 4017 cicatrices
1574 3975 1656 4032 suas,

397 4086 476 4147 quas
500 4065 603 4146 jurato
628 4065 867 4125 demonstrabat
885 4076 915 4125 et
936 4064 1154 4142 demostravit,
1172 4076 1286 4125 octavo
1311 4062 1363 4125 die
1386 4082 1482 4144 super
1506 4081 1595 4124 aram
1613 4061 1658 4143 ju·

397 4192 464 4233 rare
488 4172 650 4234 tenebitur
674 4191 768 4252 super
792 4189 841 4248 eo,
868 4184 901 4231 ut
926 4170 993 4251 ipse
1022 4169 1205 4230 Anthonius
1231 4168 1365 4231 Plezech
1392 4169 1476 4252 ipsas
1498 4169 1659 4231 cicatrices

397 4299 491 4361 super
516 4279 619 4359 ipsum
646 4276 809 4359 Mathyam
828 4275 985 4337 Rakarich
1010 4274 1085 4338 fecit
1108 4289 1139 4337 et
1154 4276 1358 4358 perpetravit,
1383 4288 1415 4336 et
1438 4275 1514 4337 dum
1534 4275 1657 4358 jurabit,

399 4400 474 4446 tunc
488 4385 548 4445 sibi
562 4384 656 4444 debet
669 4404 707 4444 ex
724 4395 810 4465 parte
823 4382 921 4465 ipsius
938 4381 1092 4443 Anthonii
1108 4381 1165 4462 ipsi
1180 4381 1310 4464 Mathye
1322 4379 1501 4442 satisfaccio
1516 4379 1656 4463 inpendi.

503 4492 580 4552 item
605 4489 765 4570 Georgius
789 4487 874 4550 filius
892 4489 980 4550 Pauli
999 4487 1266 4550 Czarantlrowich
1291 4501 1405 4548 octavo
1430 4487 1483 4549 die
1506 4505 1656 4568 supereo

399 4600 501 4681 jurare
527 4598 687 4658 tenebitur
704 4607 813 4657 contra
830 4594 1025 4675 Gregorium
1047 4593 1149 4654 filiurn
1168 4593 1341 4672 Valentini,
1359 4606 1394 4654 ut
1415 4593 1482 4674 ipse
1500 4591 1658 4674 Georgius

400 4705 459 4785 ipsi
486 4701 645 4782 Gregorio
663 4701 788 4762 nullum
806 4701 983 4782 dampnum
1000 4698 1075 4761 iecit
1091 4718 1150 4760 nec
1175 4718 1254 4760 uxor
1270 4717 1326 4760 sua
1352 4717 1410 4758 nec
1428 4697 1545 4779 aliquis
1562 4699 1657 4759 homo

398 4831 486 4890 suus,
511 4810 567 4871 sed
592 4810 624 4870 in
648 4809 740 4871 totali
764 4809 894 4869 accione
918 4827 974 4868 sua
998 4807 1153 4868 innocens
1176 4805 1225 4868 sit.

503 4917 581 4978 ltem
606 4935 662 4997 per
686 4914 963 4997 adjudicacionem
988 4911 1177 4994 juratorum,
1202 4911 1386 4974 Anthonius
1418 4910 1503 4973 lilius
1525 4909 1655 4972 Adriani

399 5023 517 5108 jurabit
541 5022 683 5084 secundo
707 5043 740 5084 se
765 5041 862 5104 penes
887 5020 1147 5082 vulneracionem
1179 5037 1293 5080 manus
1316 5037 1372 5079 sue
1405 5031 1436 5080 et
1459 5037 1558 5100 penes
1582 5014 1654 5077 effu-
