3796 5812
433 551 513 665 ff-
555 661 567 664 -

540 761 618 822 lrem
644 781 738 823 causa
764 762 963 843 Margarethe
990 763 1097 823 uxoris
1119 761 1274 823 Iohannis
1298 760 1372 822 dicti
1399 761 1570 842 Zperdnen
1596 761 1696 822 taliter

435 883 482 929 est
513 869 664 949 judicata,
688 869 776 950 quod
809 890 867 950 pro
899 868 1008 930 multis
1041 867 1217 930 malefactis
1248 868 1313 928 suis
1344 867 1385 929 de
1416 868 1541 930 civitate
1565 866 1697 950 turpiter

438 973 533 1035 debet
559 975 675 1056 expelli
700 989 731 1036 et
755 974 890 1036 eandem
915 975 1077 1036 civitatem
1101 973 1240 1055 amplius
1264 973 1371 1034 venire
1397 991 1461 1034 non
1488 972 1614 1034 audeat.

542 1080 619 1141 Item
653 1100 745 1142 causa
779 1081 925 1162 Dyonisii
957 1080 1084 1159 sutoris,
1116 1079 1331 1162 procuratoris
1363 1079 1513 1140 videlicet
1545 1077 1698 1140 Iohannis

435 1186 491 1248 filii
516 1185 606 1247 Pauli
633 1187 708 1247 dicti
734 1185 868 1268 Wragh,
890 1201 920 1247 et
938 1185 1067 1248 Churlre
1085 1186 1229 1247 mulieris
1245 1185 1350 1246 taliter
1374 1199 1419 1246 est
1443 1185 1593 1266 judicata,
1613 1182 1698 1265 quod

436 1292 521 1354 idem
549 1292 711 1354 lohannes
735 1293 767 1354 id
792 1292 879 1374 quod
905 1292 1042 1374 quesivit
1065 1312 1161 1374 super
1178 1293 1278 1374 ipsam
1304 1291 1474 1352 mulierem
1498 1291 1530 1352 id
1549 1290 1698 1372 perdidit.

541 1398 619 1460 Item
634 1399 909 1460 instrumentalem
933 1399 1168 1461 exhibicionem
1193 1418 1290 1480 quam
1308 1397 1470 1459 lohannes
1494 1397 1628 1458 maritus
1644 1395 1699 1458 do·

435 1505 523 1566 mine
548 1506 657 1566 relicte
683 1505 860 1568 Sebastiam
885 1520 995 1569 contra
1022 1505 1215 1587 Gregorium
1240 1505 1356 1586 Angeli
1381 1505 1420 1566 ad
1445 1517 1595 1566 octavum
1614 1503 1697 1563 diem

434 1611 555 1692 judices
584 1627 807 1694 prorogarunt.

543 1718 620 1780 Item
647 1719 770 1780 Blasius
791 1717 972 1781 Maschicha
990 1731 1099 1780 contra
1117 1717 1317 1781 Anthonium
1340 1717 1443 1780 filium
1463 1718 1575 1778 Petren
1594 1717 1697 1799 primo

437 1825 550 1886 citatus
575 1844 638 1886 oon
664 1825 854 1907 comparuit.

541 1930 617 1992 Item
643 1931 774 1992 domina
804 1932 926 1993 Mirena
958 1945 1067 1993 contra
1101 1931 1300 2013 Stephanum
1331 1931 1473 1993 secundo
1505 1933 1601 1994 citata
1636 1951 1697 1993 non

437 2037 626 2119 comparuit.

543 2144 621 2206 Item
645 2163 738 2204 causa
763 2143 847 2204 Petri
871 2143 927 2204 filii
958 2143 1041 2205 lwan
1075 2158 1184 2205 contra
1218 2143 1394 2206 Wllrouich
1426 2163 1483 2226 pro
1517 2144 1698 2206 minatione

440 2252 548 2332 aliqua
572 2250 678 2312 taliter
706 2263 752 2312 est
779 2249 970 2331 adjudicata,
1003 2251 1090 2332 quod
1123 2251 1304 2332 Stephanus
1336 2251 1439 2311 dictus
1464 2251 1530 2311 Rez
1555 2265 1603 2312 est
1628 2249 1700 2311 fide·

437 2359 538 2419 iussor
573 2377 632 2438 pro
664 2377 714 2436 eo,
746 2358 834 2439 quod
867 2358 1028 2438 aliquibus
1058 2358 1180 2418 civibus
1219 2357 1270 2418 vel
1301 2357 1533 2418 habitatoribus
1565 2356 1700 2418 civitatis

439 2465 530 2525 nullo
557 2483 698 2545 unquam
724 2465 877 2545 temporis
894 2463 1050 2525 inimicari
1075 2464 1189 2525 debeat
1213 2463 1264 2524 vel
1281 2463 1394 2542 lacere,
1418 2463 1444 2524 si
1469 2461 1597 2541 laceret,
1622 2479 1696 2524 tunc

437 2569 540 2632 dictus
565 2571 746 2652 Stephanus
769 2571 810 2632 ad
835 2585 928 2653 caput
952 2590 1045 2631 suum
1071 2571 1263 2652 respondere
1288 2570 1393 2633 debet.

543 2677 619 2738 Item
652 2678 762 2738 Petrus
786 2677 1003 2758 carpentarius
1027 2675 1110 2738 Crof
1130 2691 1160 2738 ct
1186 2676 1361 2738 Hanslinus
1392 2676 1529 2758 lapicida
1555 2723 1562 2736 .
1590 2725 1597 2738 .
1623 2721 1631 2740 .
1656 2675 1698 2737 f-

438 2783 544 2844 mulus
576 2783 675 2844 Peren
706 2785 894 2866 carpentarii
928 2784 958 2844 in
992 2782 1075 2844 lacto
1111 2783 1371 2865 interemptionis
1403 2781 1539 2866 Mykech
1571 2783 1700 2845 sartoris

438 2889 493 2950 filii
519 2887 651 2970 Georgii
677 2888 753 2950 feria
778 2889 917 2950 secunda
942 2909 1026 2951 nunc
1051 2889 1199 2970 preterita
1225 2939 1230 2950 .
1257 2935 1264 2950 .
1290 2937 1297 2950 .

545 3083 623 3144 ltem
652 3104 745 3145 causa
779 3085 900 3167 Paulyn
934 3085 1062 3145 sartoris
1094 3099 1124 3145 et
1156 3085 1295 3146 ladislai
1327 3085 1410 3146 tular
1442 3103 1499 3163 per
1530 3083 1699 3145 Nicolaum

439 3190 557 3252 Mathei
583 3191 621 3250 ad
646 3210 756 3272 pacem
782 3205 828 3252 est
852 3205 986 3273 recepta.

543 3296 620 3357 Item
647 3317 739 3357 causa
765 3297 863 3357 Marci
888 3311 997 3358 contra
1023 3297 1121 3358 alium
1147 3296 1290 3357 Marcum
1316 3295 1534 3358 Gemezouich
1560 3343 1567 3357 .
1595 3342 1603 3357 .
1630 3346 1636 3358 .
1663 3295 1699 3356 ad

439 3414 589 3462 octavum
614 3401 699 3464 diem
725 3451 731 3463 .
758 3452 764 3464 .
791 3452 797 3464 .
824 3450 831 3464 .

510 3600 607 3673 FerIa
637 3605 742 3674 tercia
771 3607 925 3692 proxima
954 3611 1033 3675 ante
1062 3605 1183 3677 festum
1212 3611 1328 3676 sancte
1357 3605 1455 3676 lucie
1482 3605 1635 3690 virginis.

547 3754 624 3815 Item
657 3775 751 3816 causa
776 3755 928 3836 Stephani
962 3769 992 3818 et
1025 3756 1157 3837 Georgii
1183 3756 1275 3837 jurati
1307 3776 1362 3838 per
1387 3753 1565 3815 lohannem
1589 3752 1699 3814 'filium

439 3861 524 3922 Petri
550 3875 580 3921 et
604 3861 775 3923 Nicolaum
800 3861 932 3944 Mayhni
958 3863 996 3923 ad
1023 3877 1171 3924 octavum
1198 3863 1282 3924 diem
1300 3864 1339 3923 ad
1365 3880 1476 3945 pacem
1495 3875 1541 3922 est
1565 3872 1699 3940 recepta.

545 3967 622 4028 Item
648 3967 723 4028 Bolf
737 3969 952 4048 iuramentum
977 3989 1070 4030 suum
1088 3981 1198 4030 contra
1217 3967 1416 4048 Stephanum
1441 3966 1573 4030 infacto
1592 3965 1701 4028 mortis

439 4072 577 4134 condam
602 4073 737 4154 Mykech
772 4075 900 4135 sartoris
932 4075 1162 4154 adiudicatum,
1194 4073 1293 4135 tercio
1317 4093 1350 4133 se
1383 4073 1498 4153 juravit
1521 4088 1556 4133 ut
1581 4073 1699 4148 debuit,

440 4181 527 4259 quod
553 4179 618 4260 ipse
643 4179 674 4240 in
699 4194 800 4240 morte
826 4181 924 4262 ipsius
951 4181 1085 4262 Mykech
1111 4181 1265 4240 innocens
1288 4180 1337 4240 sit.

546 4285 622 4345 Item
649 4305 742 4346 causa
768 4285 910 4346 Francha
944 4300 973 4347 ct
1004 4285 1136 4366 Georgii
1168 4285 1260 4368 jurati
1290 4285 1330 4345 ad
1362 4298 1511 4346 octavum
1536 4283 1623 4344 diem
1648 4299 1700 4364 per

442 4391 632 4451 Mauricium
658 4404 688 4451 et
713 4389 888 4470 Georgium
915 4392 1129 4452 stacunarium
1155 4391 1194 4451 ad
1219 4410 1331 4472 pacem
1356 4403 1401 4452 est
1425 4403 1560 4471 recepta.

548 4497 626 4556 Item
660 4498 760 4578 Kiryn
787 4498 914 4558 Sorsich
939 4514 1048 4560 contra
1081 4497 1259 4559 Iohannem
1293 4497 1497 4579 Kusyztenye
1522 4495 1627 4577 primo
1659 4493 1698 4554 cl·

442 4619 524 4666 tatus
550 4622 614 4663 non
639 4604 828 4684 comparuit.
1508 4587 1513 4596 ’

548 4711 625 4770 Item
652 4710 782 4770 domina
801 4711 921 4770 Dicaua
947 4723 1055 4769 contra
1073 4709 1239 4770 dominam
1257 4709 1400 4770 relictam
1419 4708 1604 4770 Peterlronis
1621 4708 1699 4788 jura·

442 4831 586 4878 mentum
611 4837 705 4897 super
730 4836 780 4895 e0,
805 4816 892 4897 quod
918 4817 984 4896 ipsa
1011 4816 1142 4877 domina
1176 4816 1283 4877 relicta
1309 4815 1496 4876 Peterkonis
1520 4815 1622 4896 ipsam
1646 4813 1699 4873 do·

442 4924 564 4985 minam
589 4923 743 4984 Dicauam
769 4924 988 5005 vituperasset,
1006 4938 1120 4984 octavo
1145 4924 1196 4984 die
1221 4923 1288 4984 sola
1306 4941 1362 4982 sua
1387 4923 1418 4982 in
1444 4941 1580 5003 persona
1606 4920 1699 5001 depo·

443 5049 523 5090 nere
548 5028 653 5090 debet.
