3678 5800
561 536 761 613 Ann01432.
784 568 828 578 —
845 545 880 609 5.
904 533 1068 595 decembris.
1388 551 1444 614 ¹79

176 747 307 810 redacte
333 759 365 808 et
389 746 540 809 devolute
565 761 596 810 et
620 765 676 830 per
698 765 759 808 nos
790 745 911 808 eisdem
935 744 1035 808 modo
1058 744 1214 828 premisso
1238 757 1353 808 statute
1377 745 1444 826 jure

177 865 339 937 perpetuo
362 867 394 915 et
416 852 669 915 irrevocabiliter
691 851 897 936 possidende,
929 851 1068 914 tenende
1091 851 1209 934 pariter
1233 866 1263 912 et
1287 850 1444 930 habende,

176 979 215 1022 ac
238 959 327 1022 iuxta
351 959 578 1022 condicionem
602 958 738 1021 civitatis
762 971 928 1041 prenotate
948 957 1258 1040 quomodocumque
1282 957 1446 1019 voluerint

178 1065 395 1150 disponende.

287 1170 367 1234 ltem
383 1171 460 1254 quia
482 1171 531 1232 vir
547 1170 701 1255 providus
716 1183 748 1233 et
771 1171 1019 1253 circumspectus
1035 1170 1186 1252 magister
1211 1170 1359 1232 Vrbanus
1375 1169 1446 1232 lite·

179 1291 269 1340 ratus
292 1277 377 1340 filius
401 1277 542 1362 Mathye,
571 1277 712 1340 concivis
734 1289 853 1357 noster,
870 1277 1013 1339 notarius
1031 1276 1161 1358 capituli
1187 1277 1319 1340 ecclesie
1336 1297 1445 1358 ragra-

180 1383 315 1463 biensis,
339 1383 372 1446 id
396 1401 470 1446 cum
494 1382 664 1446 sufficienti
689 1396 719 1446 et
742 1383 907 1465 fidedigno
939 1395 1121 1445 nostrorum
1155 1383 1336 1445 concivium
1359 1383 1446 1444 testi·

179 1490 295 1552 monio
320 1489 352 1552 in
377 1490 452 1552 sede
476 1502 584 1553 nostra
608 1489 774 1573 judiciaria
798 1489 881 1552 clare
906 1503 937 1552 et
967 1489 1085 1551 seriose
1109 1509 1217 1551 coram
1241 1489 1335 1551 nobis
1359 1507 1445 1551 com-

178 1596 340 1679 probavit,
365 1609 399 1659 ut
423 1596 502 1658 dum
525 1596 660 1680 provide
677 1596 815 1660 condam
828 1597 945 1658 mulier
968 1594 1170 1658 Jalsabethlra
1187 1609 1312 1674 vocata,
1336 1595 1445 1658 relicta

177 1700 294 1785 prefati
318 1701 460 1787 Mathye,
484 1704 517 1765 in
539 1703 689 1766 extremis
712 1704 776 1766 vite
794 1725 850 1768 sue
866 1704 1053 1787 temporalis
1076 1704 1262 1782 laborasset,
1287 1717 1361 1766 tunc
1378 1703 1446 1786 ipsa

178 1807 296 1870 totales
319 1828 393 1871 suas
422 1809 594 1892 porciones
623 1809 791 1872 cuiusdam
823 1810 915 1872 vinee
941 1810 973 1871 in
997 1809 1159 1872 territorio
1191 1809 1328 1872 civitatis
1364 1809 1447 1870 inter

178 1913 309 1977 vineam
333 1913 497 1978 Valentini
526 1915 658 1979 cultoris
688 1936 706 1978 a
737 1915 917 1978 meridione
941 1929 972 1978 et
995 1915 1078 1978 inter
1110 1915 1280 1999 porciones
1304 1915 1446 1978 vineales

178 2020 273 2082 vinee
298 2019 455 2100 eiusdem,
471 2023 642 2104 porciones
657 2021 807 2084 videlicet
831 2021 1033 2104 Margarethe
1049 2035 1080 2084 et
1104 2022 1238 2103 Agnetis
1255 2042 1291 2084 ac
1314 2021 1445 2084 alterius

180 2126 396 2209 Margaretbe,
421 2127 527 2210 Draga
551 2129 645 2209 dicte,
669 2127 807 2191 filiarum
831 2129 931 2212 ipsius
955 2127 1168 2208 Jslsabethke,
1193 2127 1325 2205 habitas,
1344 2127 1446 2210 ipsam

177 2233 314 2316 juridice
338 2249 567 2298 concernentes
590 2248 686 2318 atque
710 2235 894 2316 literatorie,
914 2255 988 2299 cum
1004 2237 1070 2298 suis
1092 2236 1297 2318 pertinenciis
1320 2234 1445 2318 prefato

179 2341 337 2423 magistro
362 2342 491 2405 Vrbano
514 2340 593 2421 filio,
617 2343 766 2425 dictaque
783 2341 984 2424 Margarethe
1008 2341 1114 2424 Drage
1130 2340 1206 2422 filie,
1230 2341 1295 2404 suis
1311 2341 1447 2423 legasset

178 2446 249 2530 jure
273 2446 464 2530 perbennali
480 2448 700 2532 possidendas,
725 2447 865 2531 ideoque
882 2468 941 2511 nos
957 2448 1085 2510 easdem
1110 2449 1280 2532 porciones
1304 2449 1446 2510 vineales

180 2551 305 2636 prefate
329 2553 534 2618 Jalsabethke
550 2555 694 2617 mulieris
711 2575 785 2618 cum
809 2556 874 2618 suis
890 2555 1095 2638 pertinenciis
1119 2567 1151 2617 et
1168 2555 1359 2618 utilitatibus
1375 2555 1446 2617 uni·

183 2660 283 2722 versia
316 2659 448 2744 prefatis
477 2662 630 2743 magistro
661 2661 792 2724 Vrbano
824 2661 950 2724 literato
989 2661 1057 2724 filio
1088 2681 1124 2724 ac
1148 2661 1349 2744 Margaretbe
1381 2661 1446 2724 filie

179 2765 325 2849 predicte
343 2766 545 2830 Jalsabethke
569 2784 605 2830 ac
621 2787 678 2851 per
695 2788 750 2831 eos
766 2767 911 2852 ipsorum
932 2767 1104 2830 heredibus
1119 2767 1288 2830 statuimus
1312 2781 1343 2830 et
1359 2787 1446 2830 com-

180 2872 327 2936 misimus
351 2893 388 2936 ac
411 2872 602 2956 reliquimus
625 2873 694 2952 jure
717 2888 873 2957 perpetuo
898 2887 929 2936 et
960 2873 1213 2937 irrevocabiliter
1235 2874 1447 2958 possidendas

180 2991 211 3041 et
234 2979 543 3063 quomodocumque
567 2980 728 3043 voluerint
759 2980 977 3065 disponendas
1007 2980 1093 3063 juxta
1117 2981 1344 3044 condicionem
1370 2981 1446 3043 civi-

179 3085 254 3148 tatis
277 3099 445 3168 prenotate
469 3087 509 3148 ab
533 3087 668 3169 antiquo
691 3088 911 3170 approbatam.

289 3191 370 3254 ltem
394 3191 470 3275 quia
490 3192 641 3275 magister
658 3193 805 3257 Matheus
821 3194 1006 3256 scolasticus
1023 3207 1054 3257 et
1070 3193 1223 3273 notarius,
1240 3193 1446 3276 concivisque

181 3312 306 3380 noster,
342 3299 375 3361 in
399 3319 495 3362 causa
526 3299 693 3362 cuiusdam
725 3300 799 3382 equi
832 3299 986 3384 Stephani
1014 3300 1054 3363 de
1085 3300 1207 3382 Posega
1231 3299 1447 3382 juramentum

181 3404 287 3467 eidem
314 3405 467 3487 magistro
493 3405 623 3468 Matheo
646 3426 704 3489 per
726 3405 848 3488 juratos
880 3405 1098 3488 adjudicatum
1130 3405 1266 3489 prestitit
1289 3419 1321 3470 et
1345 3407 1447 3490 depo·

181 3511 245 3574 suit
269 3525 306 3574 ut
330 3512 451 3590 debuit,
478 3512 617 3595 ideoque
642 3513 748 3596 ipsum
768 3513 956 3595 magistrum
981 3511 1148 3575 Matheum
1173 3512 1204 3574 in
1230 3533 1323 3576 causa
1348 3514 1448 3596 ipsius

182 3617 257 3699 equi
282 3616 324 3679 ad
349 3617 537 3681 instanciam
561 3618 638 3682 dicti
663 3619 816 3702 Stephani
841 3618 1041 3682 reddidimus
1064 3617 1260 3701 expeditum.

278 3722 371 3792 ‚ltem
395 3725 472 3806 quia
495 3724 543 3786 vir
573 3725 728 3808 providus
759 3738 791 3787 et
821 3725 1069 3808 circumspectus
1100 3725 1212 3786 Petrus
1236 3723 1320 3786 filins
1344 3726 1447 3806 Pauli,

182 3827 279 3910 judex
303 3843 412 3892 noster
434 3831 620 3910 modernus,
648 3831 682 3893 id
713 3851 786 3894 cum
817 3830 986 3894 sufficienti
1012 3845 1043 3894 et
1075 3830 1238 3913 fidedigno
1264 3847 1446 3894 nostrorum

181 3935 364 3998 concivium
388 3937 576 4000 testimonio
593 3937 625 3999 in
649 3937 725 4000 sede
748 3951 858 4000 nostra
873 3937 1040 4020 judiciaria
1060 3938 1144 4000 clare
1168 3952 1200 4000 et
1221 3938 1339 4000 seriose
1357 3958 1443 4000 com-

180 4042 331 4124 probavit
361 4061 469 4105 coram
501 4043 605 4124 nobis,
637 4057 672 4106 ut
702 4045 751 4106 vir
780 4045 935 4127 providus
966 4044 1091 4108 Blasius
1122 4044 1206 4107 filius
1237 4045 1373 4128 Mykech
1407 4046 1446 4107 de

180 4147 357 4228 Thersech,
381 4149 460 4211 alias
485 4150 627 4212 concivis
643 4164 761 4231 noster,
778 4151 983 4214 medietatem
1003 4151 1170 4213 cuiusdam
1187 4151 1313 4231 domus,
1339 4150 1444 4231 fundi,

181 4253 303 4316 cellarii
321 4267 352 4316 et
368 4253 599 4318 hedeficiorum
616 4254 729 4340 prelati
753 4255 869 4338 judicis
886 4259 985 4319 nostri
1010 4257 1185 4320 incivitate
1202 4257 1344 4340 predicta
1362 4259 1444 4320 inter

181 4359 298 4422 domos
322 4373 353 4423 et
376 4359 494 4424 londos
510 4363 610 4446 probe
626 4363 771 4425 mulieris
789 4363 887 4426 Lucie
906 4363 1086 4426 Santinicza
1111 4363 1194 4426 dicte
1212 4376 1243 4425 et
1266 4364 1443 4426 liberorum

181 4486 238 4529 seu
251 4485 471 4530 successorum
485 4469 623 4531 condam
633 4469 798 4532 Benedicti
816 4469 1080 4532 ruffinostrorum
1097 4470 1243 4532 similiter
1260 4471 1443 4532 concivium

183 4571 292 4635 habite
305 4586 337 4636 et
350 4575 521 4655 existentis,
531 4574 670 4637 mediam
680 4575 713 4636 in
722 4588 790 4637 toto
803 4577 924 4638 curiam
935 4576 967 4638 in
981 4597 1012 4637 se
1027 4576 1229 4655 continentis,
1239 4575 1445 4638 medietatem

183 4678 336 4740 videlicet
359 4693 478 4743 rectam
503 4693 534 4742 et
550 4681 698 4761 equalem
723 4681 822 4763 ipsius
846 4681 972 4761 domus,
991 4679 1082 4744 fundi
1100 4695 1130 4742 et
1147 4681 1266 4743 cellarii
1283 4701 1319 4743 ac
1335 4681 1446 4744 hedifi-

181 4785 317 4863 ciorum,
334 4798 455 4868 partem
470 4787 592 4849 scilicet
609 4789 829 4870 posteriorem,
844 4809 941 4850 unam
958 4789 1078 4850 scilicet
1094 4801 1240 4870 quartam
1257 4789 1344 4850 curie
1366 4789 1397 4849 in
1413 4810 1445 4850 se

183 4893 415 4971 continentem,
428 4893 533 4976 ipsum
545 4893 696 4957 videlicet
708 4894 851 4956 Blasium
866 4915 923 4977 pro
937 4895 1076 4978 quadam
1088 4915 1144 4956 sua
1157 4895 1310 4978 porcione
1327 4896 1444 4957 domus

181 4997 329 5060 eiusdem
350 4999 432 5060 Petri
450 4998 565 5081 judicis
588 5001 687 5061 nostri
705 5001 851 5062 moderni
870 5001 901 5062 in
926 5001 1038 5062 eadem
1059 5002 1185 5063 civitate
1203 5002 1285 5064 inter
1310 5002 1444 5064 domum
