3734 5796
377 567 439 629 340
753 547 841 606 Anno
864 561 954 625 1441.
980 580 1020 590 -
1043 557 1093 624 27.
1109 548 1264 624 januarii.

378 757 508 820 cinnum
544 758 761 840 predictorum
801 758 1045 839 religiosorum,
1076 757 1305 836 discretorum,
1336 755 1574 839 fidedignorum
1608 771 1640 820 et

378 862 580 946 ydoneorum
612 864 753 925 virorum
786 861 892 925 eidem
917 862 1060 944 Georgio
1091 863 1267 943 homicide,
1294 876 1328 924 ut
1351 882 1409 945 pro
1434 864 1505 946 ipso
1536 863 1640 926 homi·

378 969 464 1031 cidio
489 983 519 1030 et
542 989 601 1051 pro
625 969 696 1031 aliis
718 969 784 1030 suis
808 969 948 1031 reatibus
970 969 1082 1052 pocius
1113 969 1146 1030 in
1170 969 1232 1031 hoc
1264 968 1374 1031 seculo
1396 969 1568 1051 temporali
1592 969 1640 1030 vi·

379 1075 485 1138 vendo
498 1088 626 1158 peccata
639 1095 696 1136 sua
709 1074 824 1137 delleat
841 1088 872 1137 et
884 1075 1098 1158 penitenciam
1112 1094 1170 1156 pro
1185 1075 1230 1136 eis
1239 1087 1312 1156 agat
1324 1074 1507 1154 salutarem,
1520 1076 1642 1138 miseri-

379 1181 521 1242 cordiam
546 1195 578 1243 et
592 1181 732 1263 graciam
750 1200 808 1243 nos
826 1181 977 1243 videlicet
993 1181 1207 1244 communitas
1223 1193 1289 1243 tota
1308 1179 1443 1242 fecimus
1458 1181 1642 1262 specialem,

379 1299 414 1348 ut
437 1285 476 1347 de
501 1301 606 1350 cetero
631 1301 662 1350 et
685 1307 741 1370 per
764 1287 902 1370 amplius
925 1287 958 1348 in
983 1287 1050 1369 ipsa
1074 1287 1201 1350 civitate
1233 1286 1357 1349 eteius
1386 1287 1546 1349 territorio
1572 1306 1641 1368 per·

382 1413 513 1456 manere
536 1412 601 1455 non
627 1393 753 1472 debeat,
777 1393 832 1475 qui
856 1393 881 1455 si
900 1394 932 1454 in
957 1393 1024 1476 ipsa
1048 1393 1175 1456 civitate
1200 1406 1231 1456 et
1255 1393 1323 1455 eius
1347 1392 1509 1454 territorio
1532 1393 1642 1476 depre-

378 1499 547 1578 hendetur,
572 1499 813 1581 decapitabltur.

484 1606 563 1670 Item
588 1607 663 1688 quia
687 1606 820 1688 provida
846 1605 962 1668 mulier
986 1605 1163 1688 Elyzabetb
1191 1619 1313 1686 vocata,
1339 1607 1452 1690 Myslxa
1477 1606 1642 1688 cognomi·

378 1725 463 1793 nata,
487 1713 595 1774 relicta
620 1711 758 1774 condam
782 1711 880 1773 Blasii
904 1713 1020 1773 sutoris
1052 1710 1109 1773 filii
1135 1713 1272 1791 Laczko,
1296 1712 1438 1774 concivis
1462 1725 1581 1791 nostra,
1606 1711 1639 1772 id

378 1838 451 1880 cum
476 1816 646 1880 sufficienti
671 1831 702 1878 et
717 1815 882 1898 fidedigno
907 1832 1089 1880 nostrorum
1113 1819 1295 1880 concivium
1312 1819 1498 1880 testimonio
1515 1820 1546 1878 in
1566 1816 1642 1878 sede

379 1937 485 1986 nostra
510 1923 677 2006 judiciaria
702 1924 785 1986 clare
812 1924 1036 2005 comprobavit
1067 1943 1175 1986 coram
1207 1925 1310 2002 nobis,
1335 1938 1370 1985 ut
1397 1924 1475 1985 dum
1500 1921 1640 2005 prelatus

380 2030 506 2092 Blasius
529 2043 618 2092 sutor
643 2031 674 2090 in
699 2029 848 2092 extremis
871 2029 934 2091 vite
958 2049 1015 2092 sue
1046 2030 1233 2113 temporalis
1264 2030 1450 2108 laborasset,
1475 2042 1551 2090 tunc
1575 2029 1642 2110 ipse

382 2135 556 2216 quamdam
590 2135 724 2196 domurn
756 2154 847 2196 suam
878 2155 952 2196 cum
985 2133 1085 2198 lundo
1110 2149 1142 2198 et
1172 2133 1327 2197 hedificiis
1351 2135 1384 2196 in
1407 2136 1480 2197 vico
1509 2135 1643 2196 civitatis

382 2241 523 2324 predicte
548 2241 696 2302 exteriori
713 2255 858 2302 sutorum
882 2240 1035 2320 habitam,
1056 2261 1153 2302 unam
1171 2254 1316 2323 quartam
1334 2241 1420 2303 curie
1443 2242 1473 2302 in
1491 2260 1525 2301 se
1542 2241 1642 2301 conti-

382 2360 530 2422 nentem3
555 2347 630 2408 item
656 2346 829 2428 quamdam
854 2347 982 2408 vineam
999 2367 1091 2408 suam
1112 2347 1144 2408 in
1161 2347 1321 2409 territorio
1338 2347 1474 2409 civitatis
1498 2347 1640 2428 predicte

382 2453 463 2514 inter
487 2454 615 2514 vineam
640 2453 773 2514 Fabiani
799 2453 931 2515 cultoris
951 2465 982 2514 et
999 2453 1215 2515 bartholomei
1234 2452 1291 2514 filii
1307 2452 1472 2515 Valentini
1496 2453 1642 2534 preconis

381 2560 534 2638 habitam,
558 2578 631 2620 cum
657 2559 797 2640 ipsarum
821 2559 1012 2620 utilitatibus
1044 2573 1075 2621 et
1098 2559 1302 2642 pertinenciis
1332 2559 1490 2620 universis
1522 2557 1642 2641 prefate

381 2664 558 2748 Elyzabeth
579 2665 704 2726 mulieri
723 2677 874 2746 protunc
893 2685 950 2726 sue
967 2667 1106 2730 consorti
1124 2665 1280 2746 legittime
1297 2665 1468 2746 legavisset
1491 2679 1522 2726 et
1546 2665 1639 2725 dimi-

380 2771 471 2833 sisset
494 2771 561 2849 jure
586 2769 774 2853 perhennali
794 2771 1034 2852 possidendam,
1058 2770 1198 2852 ideoque
1215 2791 1274 2832 nos
1297 2771 1434 2832 eandem
1458 2770 1593 2832 domum
1610 2784 1644 2832 et

380 2877 517 2940 fundum
542 2897 578 2940 ac
602 2876 749 2939 hedificia
773 2877 869 2939 unius
892 2890 1004 2958 quarte
1028 2878 1114 2939 curie
1138 2897 1175 2939 ac
1198 2877 1374 2959 predictam
1390 2877 1519 2940 vineam
1545 2878 1642 2959 ipsius

380 2984 477 3046 Blasii
502 2985 619 3046 sutoris
642 3003 715 3046 cum
733 2984 894 3065 premissis
910 2983 1032 3044 cunctis
1048 3003 1158 3045 earum
1176 2983 1366 3045 utilitatibus
1390 2995 1422 3045 et
1438 2983 1643 3066 pertinenciis

381 3091 538 3152 universis
562 3088 682 3173 prefate
707 3090 887 3172 Elyzabeth
920 3090 1011 3152 aliter
1039 3091 1151 3172 Mysks
1182 3103 1294 3152 vocate
1318 3090 1443 3152 concivi
1477 3103 1584 3152 nostre
1608 3109 1644 3150 sc

382 3216 439 3279 per
462 3215 532 3257 eam
556 3197 621 3258 suis
645 3195 816 3258 heredibus
839 3196 1009 3258 statuimus
1032 3209 1063 3258 et
1079 3196 1301 3258 commisimus
1324 3216 1363 3258 ex
1385 3196 1552 3278 premissis
1575 3194 1643 3276 jure

381 3315 536 3385 perpetuo
567 3300 793 3384 possidendam
825 3315 856 3362 et
896 3300 1205 3383 quomodocumque
1236 3301 1375 3364 voluerit
1404 3301 1640 3384 disponendam

379 3408 465 3489 juxta
489 3408 714 3470 condicionem
739 3408 875 3470 civitatis
898 3421 1063 3490 prenotate
1089 3407 1287 3488 abantiquo
1312 3409 1535 3490 approbatam.

381 3625 478 3700 Feria
499 3637 598 3699 sexta
617 3632 771 3718 proxima
787 3635 865 3717 post
879 3627 1001 3699 testum
1017 3625 1252 3699 Converslonis
1271 3626 1361 3697 beati
1377 3625 1474 3698 Pauli
1489 3626 1643 3715 apostoli.

883 3795 948 3877 (27·
964 3797 1126 3875 factumi·

488 3955 566 4018 ltem
583 3955 744 4018 lohannes
767 3955 862 4037 judex
879 3953 964 4016 lilius
988 3955 1069 4017 Pero
1092 3952 1224 4016 infacto
1248 3965 1280 4016 et
1303 3953 1335 4015 in
1360 3973 1456 4015 causa
1479 3952 1641 4034 vituperii,

385 4083 451 4144 quo
476 4083 508 4124 se
533 4063 618 4124 idem
636 4062 798 4124 lohannes
821 4061 916 4142 judex
941 4081 998 4143 per
1014 4062 1194 4123 Fabianum
1211 4073 1365 4122 sartorem
1389 4059 1493 4120 filium
1511 4058 1643 4120 Adriani

385 4169 600 4252 vituperatum
625 4167 693 4230 lore
717 4169 887 4247 asserebat,
912 4168 1134 4230 testimonium
1165 4181 1275 4229 contra
1299 4167 1438 4228 eundem
1464 4166 1643 4228 Fabianum

385 4289 539 4338 sartorem
564 4275 604 4336 ad
628 4275 767 4356 primum
792 4274 947 4356 judicium
972 4275 1118 4356 proxime
1141 4273 1312 4336 affuturum
1338 4272 1517 4355 producere
1540 4273 1643 4334 debet.

490 4381 567 4442 ltem
592 4381 667 4462 quis
699 4381 851 4441 dominus
882 4381 995 4442 Petrus
1025 4379 1230 4442 sacristianus
1262 4390 1449 4460 procurator
1480 4375 1643 4438 Valentini

386 4487 602 4570 Herwathych
624 4486 664 4548 de
682 4485 860 4570 Gorymlya
877 4486 1008 4568 jobagio
1033 4485 1157 4547 domini
1174 4485 1316 4546 custodis
1332 4504 1388 4566 per
1411 4484 1545 4544 evidens
1561 4483 1644 4544 testi·

384 4596 529 4656 monium
555 4609 714 4656 certorum
740 4593 916 4674 juratorum
941 4593 1060 4654 civium
1085 4593 1168 4654 dicte
1193 4590 1328 4653 civitatis
1352 4591 1383 4651 in
1409 4609 1547 4673 persons
1564 4590 1644 4652 eius-

384 4701 458 4762 dem
482 4701 644 4763 Valentini
669 4720 776 4762 coram
802 4701 895 4760 nobis
919 4701 951 4761 in
976 4699 1096 4779 judicio
1126 4695 1321 4760 sufficienter
1352 4697 1587 4780 comprobavit,
1611 4708 1643 4756 ut

382 4807 513 4869 Jaxinus
536 4806 621 4868 filius
646 4807 729 4868 Petri
762 4805 885 4887 Saphar
917 4807 1021 4888 ipsum
1050 4804 1259 4867 Valentinum
1283 4823 1384 4885 usque
1416 4803 1455 4864 ad
1480 4801 1644 4883 sanguinis

382 4913 573 4976 effusionem
587 4933 659 4975 cum
674 4913 808 4974 biccello
825 4912 1040 4994 percussisset,
1058 4923 1153 4992 prout
1170 4910 1256 4971 idem
1270 4910 1371 4972 eciam
1389 4910 1521 4971 larinus
1538 4927 1642 4970 coram

383 5019 489 5102 judice
515 5031 545 5079 et
568 5018 678 5100 juratis
702 5019 867 5080 modernis
891 5017 979 5080 solus
1000 5016 1144 5095 asseruit,
1168 5016 1308 5098 ideoque
1325 5015 1418 5098 jurati
1442 5015 1644 5097 adjudicave-
