3796 5812
320 809 397 870 Item
432 805 524 886 jurati
556 804 830 886 adjudicaverunt,
863 803 950 884 quod
975 803 1165 865 Valentinus
1196 803 1321 885 pridem
1354 803 1476 883 juratus

214 915 311 976 hodie
335 913 375 975 ad
400 927 473 975 octo
497 911 566 974 dies
594 925 702 973 contra
736 911 915 972 Johannem
948 911 1049 970 Prauz
1074 910 1198 992 pridem
1225 909 1364 991 judicem
1396 909 1472 970 soli-

212 1022 310 1083 tarius
338 1021 434 1082 debet
458 1019 619 1101 deponere
651 1017 883 1099 juramentum,
917 1029 948 1077 et
971 1035 1064 1098 super
1096 1027 1358 1098 quantocumque
1390 1036 1473 1098 rura·

212 1127 302 1205 verit,
326 1125 406 1188 illud
432 1126 500 1208 ipse
524 1124 686 1186 lohannes
709 1123 805 1205 judex
829 1124 888 1184 sibi
913 1123 1037 1184 solvere
1061 1123 1202 1185 debebit.

317 1233 394 1295 Item
419 1232 512 1315 jurati
536 1230 811 1308 adjudicaverunt,
840 1229 927 1310 quod
965 1228 1102 1290 Michael
1132 1229 1180 1289 vir
1206 1227 1476 1311 Gyurgelrouiche

211 1342 245 1402 in
270 1340 353 1401 facto
384 1338 549 1419 sanguinis
580 1351 689 1400 contra
714 1335 907 1417 Gregorium
940 1335 1147 1417 jobagionem
1172 1334 1338 1397 Michaelis
1362 1333 1477 1416 judicis

213 1446 360 1508 moderni
386 1460 416 1507 et
441 1443 619 1524 Georgium
644 1441 772 1504 fratrem
798 1441 976 1524 Gregurich
1000 1441 1142 1503 secundo
1167 1461 1199 1502 se
1224 1440 1321 1502 hodie
1346 1440 1386 1501 ad
1403 1455 1475 1501 octo

213 1553 281 1614 dies
313 1552 408 1612 debet
439 1549 654 1633 juramentum
688 1549 849 1631 deponere
881 1567 976 1631 super
1008 1567 1058 1626 eo,
1091 1548 1179 1629 quod
1212 1547 1279 1629 ipsa
1311 1546 1477 1626 sanguinis
1570 1536 1572 1540 ⁴

212 1659 325 1720 effusio
352 1659 391 1718 ab
416 1657 536 1718 eisdem
561 1655 621 1717 sibi
647 1655 733 1716 illata
759 1653 878 1718 fuisset.

319 1765 397 1827 Item
422 1763 516 1844 jurati
541 1761 817 1842 adjudicaverunt,
846 1761 933 1843 quod
960 1760 1161 1842 Margaretha
1187 1757 1366 1821 Kozaricha
1391 1757 1475 1819 dicta

213 1871 309 1933 debet
341 1870 445 1952 jurare
477 1888 572 1951 super
601 1887 688 1930 aram
720 1881 829 1929 contra
862 1868 1048 1948 magistrum
1082 1865 1282 1949 Stephanum
1314 1865 1475 1928 literatum

215 1975 317 2038 filium
343 1975 434 2036 Pauli
462 1974 588 2055 pridem
619 1973 758 2054 juratum
789 1973 886 2035 tercia
910 1994 944 2035 se
975 1993 1070 2055 super
1094 1993 1144 2053 en,
1176 1972 1264 2054 quod
1289 1971 1356 2054 ipsa
1388 1971 1475 2052 ligna

213 2103 268 2144 sua
295 2081 429 2143 minime
452 2080 666 2158 subtraxisset,
691 2080 842 2142 videlicet
865 2093 978 2142 octavo
1003 2079 1065 2142 die.

321 2188 397 2249 ltem
414 2186 598 2248 Anthonius
614 2184 754 2248 carnifex
770 2187 936 2268 privignus
960 2185 1123 2248 Dudinich
1139 2199 1249 2248 contra
1266 2185 1474 2248 Valentinum

214 2294 315 2357 filiurn
342 2293 508 2355 Michaelis
531 2293 637 2375 primo
661 2293 773 2353 citatus
797 2311 862 2354 non
887 2292 1076 2375 comparuit.

320 2399 399 2462 ltem
423 2399 516 2480 jurati
541 2398 807 2478 adjudicaverunt
830 2412 861 2460 et
884 2399 1094 2460 decreverunt
1117 2418 1176 2480 pro
1205 2417 1296 2460 causa
1323 2397 1404 2459 inter
1429 2397 1476 2457 di·

216 2521 352 2568 scretum
378 2506 482 2566 virum
518 2505 687 2566 dominum
721 2503 911 2566 Michaelem
943 2505 1192 2588 prebendarium
1222 2503 1310 2566 chori
1343 2504 1475 2566 ecclesie

214 2613 312 2675 sancti
338 2613 420 2694 regis
444 2611 597 2694 Stephani
623 2627 653 2673 et
677 2612 864 2674 Farlrasium
896 2613 998 2674 civem
1031 2612 1168 2674 civitatis
1192 2611 1474 2692 Montisgrecensis

216 2738 254 2781 eo
280 2720 390 2798 modo,
415 2719 502 2800 quod
527 2739 642 2801 pecora
666 2732 698 2780 et
726 2719 876 2780 animalia
908 2720 1139 2801 cuiuscumque
1170 2719 1296 2800 generis
1320 2719 1394 2798 sint,
1420 2720 1474 2780 ubi

214 2828 247 2888 in
273 2827 414 2908 dampno
438 2825 569 2907 reperiri
601 2826 742 2906 poterint
764 2825 848 2906 juxta
881 2826 1086 2907 privilegium
1110 2825 1245 2887 civitatis
1276 2825 1395 2905 signari
1421 2825 1474 2886 de·

215 2934 302 3012 bent,
319 2945 536 3012 conquerente
553 2944 658 2992 autem
678 2950 859 3012 possessore
883 2945 914 2994 et
931 2931 1064 2993 domino
1089 2932 1188 3014 ipsius
1211 2931 1359 2993 animalis
1376 2932 1473 3012 recipi

213 3038 312 3120 judici
337 3038 424 3099 illius
447 3037 600 3119 temporis
624 3051 654 3099 et
679 3037 787 3116 juratis
804 3037 1032 3115 dividendum;
1056 3038 1111 3099 sed
1136 3038 1212 3118 quia
1237 3057 1351 3121 porcus
1375 3038 1476 3119 ipsius

213 3144 336 3206 domini
371 3142 536 3205 Michaelis
567 3163 622 3224 per
653 3143 758 3224 ipsum
790 3143 977 3205 Farlrasium
1003 3145 1034 3204 in
1068 3143 1209 3225 dampno
1234 3143 1322 3205 milei
1354 3144 1402 3205 sui
1429 3157 1475 3205 est

213 3250 427 3331 consignatus,
453 3249 526 3310 ideo
559 3249 692 3330 juridice
724 3263 770 3310 est
801 3250 1040 3312 demembratus
1064 3263 1095 3312 et
1126 3263 1271 3332 receptus
1294 3269 1352 3331 pro
1377 3269 1475 3332 porco

216 3377 275 3418 suo
300 3370 528 3436 conquerente.

323 3463 401 3523 ltem
432 3461 525 3542 jurati
558 3461 839 3543 adjudicaverunt,
870 3461 958 3543 quod
991 3463 1066 3544 quia
1098 3463 1307 3524 commissarii
1339 3462 1475 3524 condam

213 3568 332 3630 Vrbani
350 3566 580 3650 Crapchevich‚
597 3581 788 3630 testamento
813 3569 951 3629 condam
969 3569 1093 3630 domini
1111 3568 1242 3651 Mathye
1265 3567 1323 3630 filii
1342 3566 1474 3649 Georgii

214 3675 293 3736 fabri
318 3674 483 3756 presbiteri
508 3674 539 3735 id
564 3677 865 3756 comprobaverunt,
891 3675 979 3756 quod
997 3675 1107 3735 Petrus
1132 3688 1163 3737 et
1188 3674 1291 3735 Lucas
1315 3672 1394 3736 fabri
1413 3674 1473 3737 fra·

213 3796 276 3842 tres
300 3779 431 3862 predicti
455 3780 584 3863 Mathye
601 3780 774 3842 sacerdotis
798 3780 922 3842 nullam
943 3782 1108 3843 accionem
1126 3793 1235 3842 contra
1261 3800 1316 3842 eos
1340 3779 1474 3844 infacto

214 3887 312 3949 debiti
337 3886 453 3948 habere
479 3903 609 3968 possent
632 3901 798 3969 tamquam
823 3901 933 3949 contra
959 3887 1059 3966 justos
1083 3899 1113 3950 et
1137 3887 1296 3950 inmunes.

319 3991 397 4053 ltem
420 3993 619 4074 Margaretha
645 3994 753 4055 relicta
777 3993 915 4054 condam
934 3992 1080 4074 Gregorii
1107 3994 1237 4054 textoris
1262 4007 1371 4054 contra
1390 3995 1472 4055 Mar·

214 4099 317 4160 tinum
343 4099 493 4161 Kuzaren
517 4099 614 4160 hodie
639 4100 679 4161 ad
710 4112 783 4161 octo
816 4099 883 4160 dies
914 4100 1010 4161 tercia
1035 4119 1068 4160 se
1099 4099 1244 4180 personis
1268 4099 1362 4161 debet
1393 4098 1475 4180 jura·

217 4219 363 4266 mentum
397 4205 559 4287 deponere
590 4224 686 4288 super
715 4225 813 4284 aram,
844 4207 932 4286 quod
963 4207 1030 4287 ipsa
1061 4206 1093 4266 in
1126 4204 1209 4266 facto
1241 4203 1339 4286 (furti)
1368 4219 1477 4267 contra

215 4312 351 4373 eandem
376 4312 542 4393 proposito
566 4313 700 4374 minime
723 4311 805 4374 foret
829 4313 1007 4394 culpabilis.

324 4417 401 4478 ltem
418 4417 510 4498 jurati
529 4417 803 4499 adjudicaverunt,
822 4419 909 4500 quod
930 4419 1029 4480 Elena
1047 4418 1155 4479 relicta
1173 4416 1351 4500 Pulelnich)
1368 4432 1476 4480 contra

216 4523 379 4585 Thomam
403 4543 557 4604 generum
584 4524 741 4585 Lodouici
765 4525 863 4586 hodie
887 4525 927 4586 ad
952 4539 1025 4586 octo
1050 4524 1118 4586 dies
1142 4525 1238 4586 debet
1261 4524 1475 4606 juramentum

219 4631 381 4712 deponere
405 4651 566 4713 supereo,
593 4631 681 4711 quod
706 4632 773 4713 ipsa
798 4632 829 4692 in
850 4630 933 4694 lacto
959 4630 1032 4692 furti
1057 4645 1166 4693 contra
1183 4631 1286 4713 ipsam
1311 4633 1477 4714 proposito

217 4735 351 4797 minime
378 4735 459 4798 foret
484 4737 662 4818 culpabilis.

322 4842 400 4903 ltem
418 4843 494 4923 quia
519 4841 680 4923 Georgius
703 4840 787 4904 filius
811 4843 937 4904 Nicolai
955 4843 995 4904 de
1013 4843 1182 4926 Nasenyne
1207 4844 1335 4925 jobagio
1361 4840 1479 4906 nobilis

219 4949 279 5008 viri
305 4947 469 5010 Benedicti
502 4949 580 5010 alias
604 4949 713 5011 Bedek
746 4948 822 5010 dicti
848 4949 886 5010 de
919 4948 1031 5010 eadem
1064 4963 1098 5010 ut
1129 4963 1225 5028 actor,
1250 4951 1339 5032 quod
1363 4971 1477 5032 equam

223 5054 254 5116 in
273 5054 421 5116 manibus
439 5053 578 5152 Georgii
587 5053 738 5116 Pohaben
758 5055 833 5117 dicti
851 5055 949 5117 nostri
963 5055 1103 5118 concivis
1120 5069 1284 5140 tamquam
1301 5057 1332 5119 in
1351 5077 1478 5120 causam
