3852 5820
611 552 700 608 Anno
723 547 816 629 1416.
842 584 882 596 —
907 565 958 613 20.
983 553 1149 611 novembris.
1472 575 1511 636 39

357 758 436 822 ltem
451 760 526 841 quia
541 759 674 822 domina
690 763 799 842 Agnes
823 759 887 822 filia
906 761 1004 824 Marci
1022 761 1284 845 Cheroinouych,
1309 765 1417 826 relicta
1435 785 1511 826 vero

248 865 384 949 Georgii
408 865 465 928 lilii
492 867 617 928 Nicolai
642 867 717 928 dicti
743 866 906 950 Kuusych,
931 887 988 950 per
1004 869 1110 930 literas
1138 883 1244 930 nostre
1268 871 1508 934 communitatis

248 971 279 1034 id
307 973 530 1056 comprobavit
553 973 586 1035 in
610 973 686 1036 sede
710 973 887 1054 judiciaria,
912 975 998 1055 quod
1028 975 1096 1057 ipsa
1120 973 1180 1036 fuit
1199 976 1354 1056 legittima
1379 997 1510 1040 consors

248 1077 347 1160 ipsius
372 1077 505 1160 Georgii
529 1093 561 1142 et
584 1079 709 1161 prolem
733 1079 845 1141 habuit
869 1099 943 1141 cum
963 1079 1090 1160 eodem,
1115 1081 1265 1144 videlicet
1296 1081 1439 1164 puellam
1464 1085 1509 1146 vi·

247 1197 375 1246 ventem
401 1183 550 1247 Chernka
575 1199 732 1264 vocatam,
764 1185 839 1248 ideo
867 1184 960 1266 jurati
996 1185 1227 1267 judicaverunt,
1260 1201 1295 1249 ut
1319 1189 1416 1250 tercia
1438 1208 1510 1271 pars

247 1289 364 1351 domus
396 1303 427 1352 et
458 1305 613 1352 terrarum
645 1304 675 1352 et
708 1291 843 1352 aliarum
875 1292 1114 1374 possessionum
1143 1292 1174 1354 in
1208 1307 1316 1354 nostro
1347 1295 1508 1356 territorio

245 1394 439 1476 habitarum,
463 1417 526 1478 que
550 1397 627 1460 dicti
653 1397 783 1479 Georgii
813 1396 1015 1480 prefuissent,
1037 1399 1158 1461 eisdem
1191 1399 1320 1460 domine
1346 1405 1454 1482 Agnes
1478 1417 1508 1464 et

248 1501 397 1564 Cbernka
421 1503 528 1584 puelle
552 1504 779 1586 perpetualiter
806 1505 997 1567 statuissent.

353 1607 431 1670 ltem
448 1608 523 1690 quia
541 1609 573 1670 in
590 1621 781 1672 testamento
799 1608 931 1692 Georgii
948 1611 1077 1672 sartoris
1094 1611 1260 1692 quondam
1277 1611 1334 1674 filii
1352 1613 1507 1675 lobannis

248 1714 280 1776 id
297 1715 439 1777 vidimus
455 1715 622 1794 contineri,
643 1716 731 1797 quod
756 1717 823 1798 ipse
847 1728 963 1778 rectam
990 1717 1195 1778 medietatem
1220 1719 1335 1780 domus
1353 1733 1384 1781 et
1400 1719 1507 1781 celarii

247 1821 363 1883 murati
389 1841 425 1883 ac
456 1819 548 1883 sundi
581 1835 613 1884 et
643 1820 854 1902 edificiorum,
887 1835 999 1904 utputa
1030 1823 1163 1886 totalem
1195 1825 1381 1906 porcionem
1405 1844 1507 1906 suam,

244 1927 320 1989 item
344 1927 471 1989 vineam
497 1928 789 2010 Kyperyeuschyalt
812 1944 969 2008 vocatam,
993 1929 1068 1990 item
1086 1929 1292 1992 medietatem
1316 1931 1430 2012 (h)orei
1448 1951 1505 1994 seu

242 2033 361 2094 stabuli
387 2047 418 2095 et
441 2033 615 2114 quemdam
641 2033 795 2116 (h)ortum
820 2035 953 2116 provide
982 2035 1114 2098 domine
1139 2036 1246 2118 Marsy
1269 2051 1380 2099 vocate
1404 2037 1505 2099 sorori

241 2159 298 2200 sue
322 2140 589 2202 testamentaliter
613 2140 759 2221 legasset,
784 2154 814 2204 et
837 2141 945 2204 literas
961 2142 1098 2204 civitatis
1120 2143 1337 2224 privilegiales
1354 2142 1505 2205 exhibue-

241 2257 315 2307 runt
339 2245 445 2308 eidem
470 2243 613 2328 Georgio
636 2246 806 2328 loquentes
829 2267 924 2329 super
947 2248 1121 2329 premissis,
1146 2248 1219 2310 ideo
1244 2249 1413 2330 porciones
1437 2249 1503 2310 dic·

241 2367 349 2415 torum
374 2352 491 2414 domus
515 2367 546 2415 et
568 2353 684 2415 stabuli
710 2367 741 2415 et
764 2353 872 2416 omnia
904 2355 1056 2436 premissa
1089 2353 1229 2436 predicte
1259 2356 1364 2437 Marsy
1387 2367 1504 2418 statue·

241 2473 315 2522 runt
339 2472 495 2542 perpetuo
519 2459 721 2542 possidenda.

348 2565 427 2628 Item
451 2585 545 2628 causa
569 2567 733 2628 Benedicti
759 2564 915 2628 carnificis
931 2565 989 2628 filii
1015 2567 1144 2629 Martini
1169 2568 1272 2628 Zenar
1296 2581 1327 2630 et
1349 2567 1504 2630 lobannis

240 2671 356 2753 judicis
383 2673 472 2734 Bozo
496 2672 535 2734 ad
561 2673 699 2755 primurn
724 2671 881 2752 judicium
913 2687 959 2734 est
984 2688 1155 2755 prorogata
1185 2691 1280 2756 super
1303 2693 1353 2752 eo,
1378 2687 1412 2736 ut
1435 2674 1503 2756 ipse

240 2777 406 2840 Johannes
430 2777 525 2860 judex
549 2777 705 2859 producet
721 2778 770 2860 jus
794 2778 882 2860 quod
907 2779 1003 2841 babet
1019 2779 1051 2841 in
1076 2779 1177 2842 domo
1201 2792 1232 2842 et
1255 2779 1348 2842 vines
1365 2781 1503 2842 condam

240 2883 406 2947 Benedicti
431 2885 548 2947 literati
573 2884 712 2966 Dmgaz.

239 3101 337 3176 Ferla
365 3111 466 3176 sexta
494 3111 573 3176 ante
600 3105 723 3177 festum
760 3107 856 3176 beate
884 3105 1068 3178 llatberine
1104 3108 1247 3196 virginis
1275 3113 1307 3178 et
1336 3107 1501 3178 martiris.

740 3258 803 3336 (20.
827 3260 1007 3326 novembris).

344 3398 422 3460 Item
448 3399 560 3460 Petrus
584 3411 684 3460 sartor
700 3398 804 3460 dictus
820 3397 991 3460 Priuarcha
1014 3399 1045 3460 in
1064 3418 1198 3481 persona
1223 3399 1355 3461 domine
1373 3403 1499 3479 Agnese

237 3504 394 3567 consortis
412 3525 468 3566 sue
479 3505 792 3566 contraAnthonium
801 3503 940 3586 judicem
951 3505 1092 3566 secundo
1104 3505 1218 3567 citatus
1231 3525 1295 3567 non
1310 3507 1498 3586 comparuit.

345 3609 424 3672 ltem
448 3611 602 3672 Nicolaus
626 3609 860 3694 Lypouschyak
886 3611 917 3672 in
943 3630 1078 3692 persona
1106 3610 1239 3672 domine
1263 3611 1419 3672 consortis
1443 3630 1499 3672 sue

235 3729 347 3778 contra
371 3715 535 3779 Matbeum
560 3716 762 3778 tributarium
788 3717 892 3798 primo
920 3717 1033 3778 citatus
1062 3735 1126 3778 non
1151 3717 1339 3798 comparuit.

345 3821 423 3884 ltem
456 3823 589 3884 domina
622 3821 721 3883 Lucia
752 3821 860 3884 relicta
893 3821 1022 3885 Thome
1054 3821 1263 3906 Gercheuych
1295 3835 1406 3884 contra
1431 3822 1500 3884 Ste-

236 3927 380 4009 phanum
404 3927 544 4007 juratum
570 3927 678 3989 Kneht
702 3927 807 4009 primo
839 3927 931 3989 citata
957 3947 1022 3990 non
1047 3929 1236 4010 comparuit.

342 4033 421 4095 Item
445 4053 539 4095 cause
563 4033 740 4117 Mycbaelis
755 4032 917 4115 arcuparis
940 4047 976 4096 ut
991 4033 1106 4096 actoris
1129 4047 1160 4096 et
1176 4032 1304 4096 Martini
1323 4033 1497 4116 Goychech

237 4137 277 4200 ad
301 4152 451 4201 octavum
476 4139 563 4201 diem
587 4139 627 4202 ad
652 4159 763 4223 pacem
788 4151 835 4200 est
859 4152 995 4221 recepta.

345 4244 423 4307 ltem
441 4245 634 4308 Benedictus
657 4245 742 4307 filius
767 4245 883 4328 Gyuan
907 4244 1021 4327 judicis
1045 4247 1077 4308 in
1102 4246 1176 4308 sede
1201 4258 1307 4308 nostra
1331 4245 1498 4328 judiciaria

238 4350 368 4414 Petrum
394 4351 494 4414 Saffar
517 4351 655 4434 judicem
681 4353 840 4414 sororium
864 4371 958 4413 suum
971 4372 1065 4434 super
1086 4351 1146 4413 hiis
1170 4371 1227 4432 pro
1251 4351 1369 4433 quibus
1389 4372 1497 4414 secum

236 4457 382 4539 litigabat
413 4477 471 4538 eo,
504 4457 592 4540 quod
616 4457 724 4520 literas
756 4457 969 4540 expeditorias
1001 4459 1068 4540 ipse
1093 4457 1204 4519 Petrus
1236 4457 1330 4536 judex
1363 4457 1497 4520 demon·

237 4565 359 4626 strabat
382 4563 530 4642 civitatis,
554 4563 716 4626 commisit
739 4563 923 4645 expeditum
945 4577 976 4626 et
999 4563 1105 4626 modis
1128 4565 1279 4626 omnibus
1303 4562 1497 4627 absolutum.

341 4669 420 4732 ltem
444 4689 539 4732 causa
563 4670 648 4732 Petri
672 4669 787 4752 judicis
812 4668 912 4732 Saffar
936 4683 967 4732 et
996 4669 1128 4752 Georgii
1153 4669 1246 4752 jurati
1271 4668 1327 4730 filii
1353 4669 1439 4730 lwan
1464 4670 1496 4732 in

235 4774 319 4838 lacto
344 4775 512 4838 cuiusdam
536 4777 632 4838 musti
657 4775 696 4838 ad
721 4787 871 4838 octavum
895 4775 981 4838 diem
1006 4775 1046 4837 ad
1071 4795 1182 4858 pacem
1208 4787 1254 4838 est
1278 4789 1413 4857 recepta.

339 4881 419 4944 ltem
435 4879 529 4964 jurati
546 4881 767 4964 judicaverunt
784 4895 818 4944 ut
835 4881 996 4944 Johannes
1013 4881 1119 4964 judex,
1140 4883 1323 4962 ilungaros,
1342 4881 1373 4942 in
1390 4881 1495 4962 primo

236 4987 356 5069 judicio
381 4989 489 5051 omnia
507 4988 575 5070 jura
592 5001 623 5052 et
639 4989 774 5051 literalia
798 4989 1008 5052 instrumenta
1025 5003 1135 5052 contra
1152 4988 1294 5054 Blasium
1319 4987 1495 5051 institorem
