3678 5800
542 562 739 637 Ann01455.
761 592 800 604 -
825 574 875 637 14.
892 561 1045 635 januarii.
1367 579 1430 641 217

161 770 261 852 ipsius
284 791 381 852 super
405 785 559 851 cognatos
583 791 695 834 omnes
716 771 801 852 juxta
826 773 926 854 ipsius
942 772 1080 834 civitatis
1103 773 1269 854 antiquam
1294 792 1428 834 consve-

161 877 307 939 tudinem
340 891 371 939 et
402 879 636 961 privilegiatam
669 878 849 940 libertatem
881 879 1043 941 debebant
1075 879 1259 958 redundari,
1293 893 1324 940 et
1353 880 1429 960 quia

165 983 300 1044 domina
325 984 525 1065 Margaretha
553 984 619 1046 filia
651 984 789 1046 condam
824 984 1022 1066 Sigismundi
1054 984 1159 1065 jurati,
1184 1005 1268 1048 nunc
1300 1004 1430 1048 consors

161 1089 318 1171 legittima
344 1091 453 1152 Jacobi
478 1091 571 1152 aliter
595 1090 698 1152 laxini
722 1092 826 1153 vocati
851 1091 909 1153 lilii
934 1092 1017 1154 Petri
1044 1091 1177 1174 Saphar,
1212 1092 1428 1174 propinquior

164 1195 257 1256 heres
280 1196 388 1278 ipsius·
403 1196 535 1258 domine
558 1196 708 1278 Saluagie
732 1197 998 1259 adinveniebatur
1016 1218 1053 1258 ex
1077 1213 1193 1276 acerto,
1219 1197 1348 1260 nemine
1365 1198 1429 1260 alio

167 1315 307 1382 cognato
333 1303 432 1384 ipsius
455 1303 586 1364 domine
612 1302 762 1384 Ssluagie
779 1322 864 1365 nunc
889 1317 1072 1386 apparente,
1097 1323 1153 1386 pro
1172 1323 1211 1366 eo
1228 1323 1287 1365 nos
1310 1303 1430 1366 medie·

163 1422 261 1470 tatem
276 1408 441 1470 cuiusdam
460 1409 576 1470 domus
592 1423 623 1470 et
639 1407 731 1470 lundi
756 1429 791 1472 ac
809 1408 941 1488 cellarii,
958 1409 1144 1492 porcionem
1163 1409 1313 1472 videlicet
1330 1409 1429 1492 ipsius

166 1515 298 1576 domine
325 1515 485 1596 Saluagie,
510 1535 581 1578 cum
608 1516 673 1577 suis
705 1516 910 1597 pertinenciis
934 1516 1040 1578 eidem
1073 1515 1203 1578 domine
1230 1514 1430 1596 Margarethe

166 1623 338 1686 statuimus
361 1637 516 1705 perpetuo
534 1621 762 1704 possidendam
787 1635 817 1684 et
834 1622 1143 1704 quomodocumque
1161 1623 1300 1684 voluerit
1323 1622 1429 1705 dispo-

166 1729 309 1791 nendam
345 1729 474 1791 nemine
499 1728 626 1810 penitus
649 1728 906 1806 contradicente;
939 1748 1036 1810 quam
1068 1728 1199 1790 tandem
1224 1728 1429 1790 medietatem

167 1834 286 1897 domus
310 1849 341 1898 et
365 1833 456 1896 fundi
481 1855 517 1896 ac
541 1835 661 1896 cellarii
686 1833 798 1896 eadem
828 1835 960 1896 domina
982 1835 1183 1917 Margarctha
1215 1833 1360 1897 confessa
1385 1847 1431 1895 est

165 1941 350 2004 vendidisse
374 1941 526 2023 magistro
551 1940 688 2002 Johanni
713 1942 825 2002 sartori
849 1939 917 2003 filio
936 1941 1075 2024 Philippi
1093 1953 1248 2024 perpetuo
1272 1961 1329 2023 per
1353 1960 1429 2002 eun-

164 2049 239 2110 dem
264 2048 491 2130 possidendam
517 2048 631 2109 vicinis
654 2047 933 2110 consencientibus
949 2061 980 2110 et
1003 2047 1132 2110 nemine
1150 2048 1277 2130 penitus
1301 2059 1425 2109 contra-

163 2155 289 2218 dicente
313 2175 424 2238 ymmo
448 2169 479 2218 et
503 2155 618 2217 marito
642 2157 710 2216 eius
733 2155 968 2218 consenciente.
1035 2174 1039 2188 ·

271 2261 350 2324 ltem
375 2262 450 2343 quia
475 2261 627 2324 dominus
659 2261 852 2340 Anthonius,
877 2261 995 2323 Paulus
1027 2274 1058 2324 et
1083 2260 1265 2324 Demetrius
1295 2259 1426 2342 plebani

164 2368 300 2430 ecclesie
331 2369 431 2430 sancti
464 2369 562 2430 Marci
596 2368 802 2451 ewangeliste
834 2368 866 2429 in
899 2369 1025 2430 civitate
1056 2367 1197 2450 predicta
1229 2366 1372 2444 fundate,
1397 2364 1429 2426 id

164 2473 360 2537 sufficienter
392 2495 500 2538 coram
531 2475 625 2537 nobis
657 2475 689 2536 in
722 2475 841 2556 judicio
873 2475 1133 2558 comprobarunt,
1166 2487 1200 2536 ut
1225 2473 1302 2534 dum
1327 2473 1429 2534 Elena

164 2581 275 2644 relicta
300 2581 503 2644 Werbanech
528 2581 560 2642 in
586 2581 734 2643 extremis
757 2582 820 2642 vite
844 2601 901 2644 sue
932 2581 1117 2664 temporalis
1141 2581 1325 2658 laborasset,
1350 2593 1427 2641 tuuc

168 2687 237 2770 ipsa
263 2687 436 2750 duodecim
460 2707 574 2770 pensas
605 2687 811 2750 denariorum
842 2707 1001 2751 novorum
1033 2687 1240 2769 antiquorum
1273 2700 1304 2749 et
1327 2705 1428 2748 unum

163 2793 323 2855 florenum
348 2794 427 2872 auri,
452 2793 683 2876 quamquidem
707 2794 916 2877 pecuniarum
933 2794 1144 2876 quantitatem
1161 2811 1269 2856 coram
1294 2793 1429 2854 testibus

164 2899 335 2982 fidedignis
367 2915 485 2962 eotunc
515 2899 600 2982 apud
632 2901 794 2962 Andream
826 2900 866 2962 de
890 2901 1048 2962 Zwinaria
1081 2901 1111 2961 in
1138 2900 1278 2983 reposito
1312 2899 1430 2961 habere

165 3009 325 3069 asserebat
341 3028 379 3068 ex
395 3021 511 3084 acerto,
537 3007 687 3088 predictis
710 3007 857 3090 plebanis
880 3027 938 3089 pro
963 3007 1107 3070 remedio
1131 3008 1238 3069 anime
1262 3027 1319 3068 sue
1343 3007 1429 3068 salu·

166 3113 225 3175 tari
250 3113 430 3195 legavisset,
454 3115 494 3175 ab
519 3114 589 3196 ipso
613 3113 741 3176 Andrea
765 3113 984 3197 recipiendam
1010 3128 1040 3176 et
1064 3113 1319 3196 expendendam.

166 3279 263 3354 Feria
292 3291 391 3354 sexta
429 3285 582 3372 proxima
611 3289 687 3372 post
724 3264 846 3354 festum
875 3284 965 3354 beati
995 3283 1090 3354 Pauli
1123 3285 1221 3371 primi
1251 3281 1429 3354 Heremite.

578 3417 644 3497 (14.
668 3417 822 3495 januarii,
845 3437 915 3480 ann.
940 3422 1044 3496 1435).

272 3541 351 3604 ltem
375 3543 451 3624 quia
476 3543 614 3603 lacobus
631 3540 733 3602 dictus
758 3541 890 3624 Konyar
909 3542 940 3602 iu
957 3541 1103 3624 pluribus
1127 3539 1254 3619 debitis,
1279 3539 1430 3602 videlicet

165 3649 197 3710 in
232 3649 465 3730 quantitatibus
497 3647 726 3710 nonnullarum
758 3648 967 3730 pecuniarum
1001 3647 1094 3709 certis
1125 3646 1337 3708 creditoribus
1365 3647 1430 3708 suis

164 3756 293 3817 debitor
309 3753 377 3817 lore
388 3755 637 3837 repperiebatur,
651 3769 746 3836 prout
758 3754 857 3815 iidem
874 3754 1047 3815 creditores
1068 3751 1181 3836 prefati
1200 3754 1321 3830 iacobi,
1339 3752 1428 3814 vide-

162 3862 238 3924 licet
261 3861 453 3924 Benedictus
469 3861 590 3941 juratus
606 3860 780 3922 modernus
797 3859 881 3921 filius
899 3859 1075 3938 Michaelis,
1105 3873 1136 3920 et
1162 3859 1307 3942 Mathyas
1324 3858 1430 3920 dictus

165 3969 284 4030 Farltas
307 3967 392 4030 filius
410 3968 526 4049 Egidii,
549 3987 585 4029 ac
606 3967 692 4029 lwan
709 3967 812 4028 dictus
836 3965 987 4028 Jalchiew
1005 3965 1090 4028 filius
1107 3967 1272 4048 Stephani,
1290 3964 1322 4026 id
1339 3963 1428 4026 suffi-

168 4077 290 4138 cienter
314 4094 420 4137 coram
444 4074 538 4136 nobis
562 4075 595 4136 in
619 4073 739 4154 judicio
771 4076 1032 4156 comprobarunt,
1057 4087 1087 4134 et
1111 4073 1186 4155 quia
1212 4071 1353 4154 prefatus
1377 4072 1428 4132 Ja-

166 4183 267 4244 cobus
290 4181 411 4263 pluries
435 4201 491 4264 per
507 4181 680 4243 creditores
696 4200 771 4242 suos
793 4194 859 4242 tam
878 4181 988 4242 vivens
1004 4180 1044 4242 ad
1062 4179 1309 4262 persolvendam
1327 4179 1427 4261 ipsam

165 4289 336 4370 pecuniam
360 4288 542 4369 requisitus,
568 4287 690 4350 eisdem
715 4288 926 4350 creditoribus
949 4288 1014 4349 suis
1038 4287 1160 4348 nullam
1189 4287 1317 4369 penitus
1340 4285 1428 4347 satis-

166 4395 347 4458 faccionem
372 4395 546 4477 inpendere
579 4395 711 4472 curavit,
746 4407 818 4476 post
850 4408 1052 4475 mortemque
1085 4395 1183 4476 ipsius
1207 4393 1317 4456 Jacobi
1341 4392 1429 4454 nulla

165 4503 229 4564 alia
256 4503 340 4565 bona
365 4521 471 4584 neque
498 4521 548 4563 res
571 4502 679 4584 alique
703 4502 830 4583 penitus
854 4513 1000 4584 poterant
1024 4500 1178 4582 repperiri
1204 4500 1263 4562 nisi
1295 4499 1429 4580 quidam

166 4609 286 4671 fundus
310 4607 416 4671 medie
440 4609 527 4670 curie
550 4609 646 4670 simul
670 4627 743 4670 cum
776 4608 876 4669 domo
901 4607 933 4668 in
958 4607 1073 4670 eodem
1107 4605 1371 4689 superhedificata
1397 4620 1428 4668 et

166 4715 237 4778 aliis
269 4715 392 4778 cunctis
423 4715 488 4777 suis
521 4715 710 4778 utilitatibus
744 4728 775 4776 et
806 4715 1011 4797 pertinenciis
1043 4715 1208 4794 universis,
1241 4715 1280 4777 de
1312 4715 1430 4796 quibus

167 4823 261 4884 bonis
285 4842 343 4884 seu
366 4824 460 4884 rebus
485 4823 560 4884 dicti
585 4822 695 4884 Jacobi
720 4820 850 4904 prefatis
882 4821 1094 4883 creditoribus
1117 4823 1182 4884 suis
1206 4822 1314 4903 aliqua
1339 4822 1428 4884 satis-

168 4927 269 4991 faccio
294 4928 428 5012 inpendi
445 4929 612 5010 potuisset,
631 4929 770 5011 ideoque
795 4949 854 4990 nos
871 4929 1048 5012 predictum
1067 4928 1203 4990 fundum
1221 4929 1325 4990 medie
1343 4929 1429 4991 curie

168 5035 263 5098 simul
288 5055 361 5098 curn
393 5037 535 5119 predicta
568 5036 667 5098 domo
698 5048 730 5097 et
761 5036 830 5097 aliis
863 5035 985 5098 cunctis
1005 5036 1069 5097 suis
1100 5035 1257 5098 hedificiis
1280 5050 1311 5100 et
1333 5037 1428 5119 perti·
