3734 5796
563 567 650 625 Anno
673 563 766 644 1438.
793 599 834 611 -
858 563 911 626 28.
934 567 1103 626 novembris.
1406 583 1469 646 297

205 778 237 838 in
263 777 395 839 ecclesia
421 779 521 841 sancti
539 779 637 840 Marci
667 777 871 858 ewangeliste
895 796 990 859 super
1023 797 1109 838 aram
1134 778 1311 840 secundum
1344 777 1469 858 adjudi-

202 885 370 946 cacionem
401 885 579 965 juratorum
611 885 747 967 prestitit
778 898 808 945 et
840 883 991 966 deposuit
1023 899 1057 944 ut
1081 884 1210 961 debuit;
1245 899 1275 946 et
1307 885 1382 966 quia
1414 903 1470 966 per

206 991 447 1072 depositionem
480 992 623 1073 ipsorum
655 991 908 1072 juramentorum
942 990 1028 1051 idem
1063 989 1222 1072 Georgius
1255 992 1338 1072 ipsas
1370 1003 1468 1053 terras

203 1098 261 1158 rite
286 1111 316 1159 et
340 1098 496 1179 legittime
520 1098 660 1161 obtinuit
683 1117 756 1158 cum
782 1095 876 1159 fratre
901 1110 931 1158 et
955 1080 1119 1158 sororibus
1150 1098 1215 1158 suis
1240 1097 1308 1177 jure
1332 1095 1469 1179 perhen-

205 1203 269 1264 nali
294 1204 514 1285 possidendas,
547 1204 687 1286 ideoque
719 1223 778 1265 nos
809 1203 967 1286 predictas
997 1217 1096 1265 terras
1128 1204 1264 1267 arabiles
1296 1204 1328 1265 in
1354 1223 1468 1286 campo

206 1309 343 1372 civitatis
367 1311 508 1392 predicte
533 1309 667 1390 habitas,
696 1330 775 1392 quas
809 1309 893 1370 idem
921 1309 1080 1391 Georgius
1103 1329 1176 1371 cum
1209 1309 1303 1372 fratre
1327 1323 1358 1372 et
1380 1329 1468 1372 soro·

205 1415 292 1477 ribus
317 1416 382 1477 suis
405 1416 599 1498 possedisset
630 1417 717 1478 etin
749 1415 895 1477 dominio
928 1416 1113 1477 earumdem
1148 1435 1249 1497 usque
1273 1436 1359 1477 nunc
1391 1416 1467 1477 exti-

204 1522 300 1600 tisset,
333 1542 406 1584 cum
437 1523 502 1584 suis
534 1522 724 1585 utilitatibus
757 1521 861 1583 eidem
895 1521 1038 1603 Georgio
1070 1536 1101 1584 et
1134 1523 1277 1584 Fabiano
1311 1519 1398 1583 fratri
1432 1542 1467 1583 ac

205 1627 382 1710 Elyzabetb
407 1641 438 1691 et
462 1629 578 1710 Agneti
603 1629 767 1691 sororibus
791 1627 856 1690 suis
884 1629 1052 1689 statuimus
1076 1642 1231 1710 perpetuo
1256 1629 1467 1710 possidendas

204 1747 234 1795 et
258 1733 568 1816 quomodocumque
593 1735 756 1796 voluerint
780 1735 996 1816 disponendas
1028 1733 1112 1816 juxta
1138 1735 1365 1797 condicionem
1390 1735 1467 1796 civi·

202 1840 275 1902 tatis
299 1853 475 1920 prenotate.

309 1963 387 2026 ltem
412 1963 506 2044 jurati
523 1963 787 2046 adjudicaverunt
804 1964 836 2025 in
860 1984 954 2026 causa
972 1964 1137 2026 cuiusdam
1156 1965 1309 2047 particule
1334 1965 1468 2027 vinealis

202 2070 285 2131 inter
307 2069 436 2132 Petrum
453 2069 592 2150 judicem
610 2070 802 2152 Hungarum
819 2084 851 2134 et
871 2071 953 2132 inter
969 2071 1181 2132 Benedictum
1206 2071 1344 2152 juratum
1363 2070 1463 2133 lilium

203 2175 340 2259 Gywani
365 2196 472 2238 coram
490 2176 584 2238 nobis
602 2190 689 2238 mota
714 2197 753 2237 eo
783 2176 893 2256 mod0,
923 2189 957 2237 ut
981 2177 1057 2258 quin
1075 2177 1141 2259 ipse
1159 2177 1270 2238 Petrus
1294 2177 1467 2258 Hungarus

201 2281 298 2364 judex
324 2282 366 2343 ita
391 2284 473 2344 bene
498 2281 670 2364 sicutipse
695 2281 887 2343 Benedictus
919 2281 1039 2363 juratus
1064 2296 1110 2344 est
1140 2283 1274 2361 vicinus,
1299 2283 1372 2344 ideo
1399 2283 1465 2364 ipsa

203 2387 360 2470 particula
384 2387 520 2450 vinealis
551 2389 628 2470 ipsis
660 2390 819 2450 ambobus
846 2407 905 2470 pro
937 2388 994 2450 illo
1019 2403 1049 2450 et
1074 2407 1130 2470 pro
1162 2402 1251 2450 tanto
1276 2390 1383 2470 precio
1409 2409 1466 2471 pro

207 2509 329 2576 quanto
353 2495 483 2557 vendita
507 2509 574 2557 erat
597 2495 656 2576 ipsi
681 2495 857 2556 Benedicto
885 2494 988 2576 jurato
1013 2494 1125 2556 cedere
1143 2495 1238 2557 debet
1262 2496 1301 2556 de
1325 2494 1393 2577 jure
1410 2514 1467 2578 per

201 2601 333 2663 eosdem
356 2601 480 2662 vicinos
504 2600 677 2662 dividenda
701 2613 733 2663 et
756 2601 959 2683 possidenda.

307 2727 385 2788 ltem
410 2725 502 2808 jurati
527 2725 792 2806 adjudicaverunt
821 2726 853 2786 in
886 2745 979 2787 causa
1004 2739 1161 2787 metarum
1195 2727 1277 2788 inter
1309 2727 1464 2788 Jacobum

202 2831 341 2910 judicem
366 2847 397 2894 et
421 2833 503 2894 inter
528 2833 735 2894 Dominicum
760 2831 861 2894 filium
889 2833 955 2894 Lad
980 2833 1024 2894 sic
1041 2833 1316 2916 adjudicaverunt,
1338 2848 1371 2894 ut
1396 2834 1465 2895 ubi·

201 2957 338 3019 cumque
364 2939 430 3020 ipse
455 2939 592 3000 lacobus
616 2938 712 3020 judex
737 2939 768 3000 in
793 2937 873 3000 facie
895 2939 1049 3000 dictarum
1077 2953 1234 3001 metarum
1258 2959 1314 3000 seu
1340 2959 1463 3020 posses·

200 3044 329 3106 sionum
353 3065 482 3106 suarum
505 3064 563 3127 pro
588 3045 846 3106 demonstrandis
869 3045 952 3106 veris
980 3045 1073 3106 metis
1104 3045 1208 3126 jurare
1233 3046 1464 3127 presumpserit

200 3169 296 3232 super
327 3149 517 3213 rectitudine
548 3165 705 3211 metarum
739 3151 924 3212 earumdem
947 3164 978 3212 et
1008 3151 1215 3232 deposicione
1248 3151 1347 3233 ipsius
1379 3151 1462 3234 jura-

200 3256 300 3317 menti
325 3255 483 3338 quidquid
509 3275 602 3317 suum
630 3255 670 3317 de
704 3255 777 3338 ipsis
809 3256 1064 3337 possessionibus
1088 3257 1237 3338 litigiosis
1269 3256 1371 3319 facere
1406 3277 1464 3339 po·

197 3361 294 3424 tuerit
318 3363 350 3422 id
374 3361 481 3424 debite
502 3361 661 3424 obtinebit
677 3361 925 3444 possidendum;
951 3363 989 3424 de
1015 3383 1080 3444 quo
1097 3363 1218 3444 judicio
1236 3363 1302 3444 ipse
1323 3364 1460 3424 lacobus

199 3489 266 3530 non
292 3481 460 3530 contentus
483 3467 656 3550 appellavit
673 3469 807 3529 eandem
834 3489 960 3530 causam
986 3469 1025 3530 ad
1043 3469 1198 3550 judicium
1221 3469 1384 3530 seniorum
1409 3489 1465 3550 per

200 3575 333 3636 eosdem
367 3574 624 3656 adjudicandam.
658 3574 723 3648 Qui
755 3575 887 3656 quidem
912 3576 1055 3636 seniores
1086 3575 1209 3656 judices
1239 3575 1386 3656 sequenti
1411 3575 1464 3636 die

201 3681 374 3762 superinde
391 3681 600 3742 consedentes
616 3681 718 3762 ipsam
735 3681 1012 3762 adjudicacionem
1029 3681 1206 3763 juratorum
1221 3681 1461 3744 confirmarunt.

268 3915 365 3988 lesia
393 3924 491 3989 sexta
519 3919 673 4007 proxima
701 3925 780 3990 ante
807 3919 928 3990 festum
958 3920 1047 3991 beati
1076 3917 1205 3991 Andree
1235 3920 1390 4009 apostoli.

688 4085 753 4166 (28.
785 4090 969 4166 novembris).

306 4247 383 4308 ltem
409 4246 593 4310 Anthonius
617 4246 705 4309 faber
739 4261 847 4308 contra
872 4248 1035 4310 Andream
1060 4247 1184 4310 fabrum
1219 4250 1324 4330 primo
1350 4250 1463 4310 citatus

199 4372 265 4414 non
290 4354 480 4435 comparuit.

304 4458 382 4520 Item
407 4463 516 4540 Agnes
539 4460 656 4521 mulier
673 4461 767 4522 Sema
791 4459 875 4521 dicta
900 4473 1008 4522 contra
1027 4459 1195 4538 dominum
1215 4463 1359 4522 Marcum
1376 4481 1461 4542 pres·

197 4567 337 4627 biterum
362 4564 464 4626 filium
491 4565 619 4628 Gerdak
644 4567 785 4627 secundo
810 4567 902 4628 citata
928 4586 992 4626 non
1021 4567 1211 4649 comparuit.

302 4689 381 4750 Item
397 4689 580 4751 Anthonius
596 4689 680 4751 filius
697 4690 814 4752 Cosme
832 4690 963 4772 aucupis
984 4703 1094 4752 contra
1111 4692 1280 4753 Nicolaum
1299 4693 1459 4754 literatum

195 4795 340 4856 secundo
365 4796 478 4858 citatus
500 4815 566 4858 non
594 4797 783 4878 comparuit.

303 4917 382 4980 Item
407 4938 534 4981 causam
560 4921 697 4981 Emerici
730 4921 858 4981 sartoris
890 4922 994 4982 claudi
1021 4935 1130 4983 contra
1164 4921 1357 5002 Gregorium
1382 4923 1458 4984 Vre-

200 5023 328 5088 charicb
352 5043 460 5088 coram
484 5025 578 5088 nobis
602 5041 722 5090 motam
747 5047 803 5109 per
828 5027 995 5090 instantem
1028 5028 1220 5111 peticionem
1245 5029 1457 5110 plurimorum
