3734 5796
451 561 512 642 296
816 562 901 618 Anno
923 555 1017 638 1438.
1040 593 1084 603 —
1107 573 1155 620 21.
1179 559 1353 620 novembris.

449 773 543 834 clenti
569 787 600 834 et
623 772 787 854 fidedigno
811 785 995 833 nostrorum
1024 771 1205 834 concivium
1238 770 1424 832 testimonio
1451 770 1481 831 in
1507 769 1585 831 sede
1610 783 1689 831 nostra

447 879 613 961 judiciaria
638 898 745 940 coram
771 878 865 940 nobis
889 877 921 939 iu
946 877 1066 958 judicio
1094 877 1178 938 clare
1213 877 1475 958 comprobarunt,
1508 889 1544 938 ut
1565 877 1642 937 dum
1660 875 1689 935 vir

448 985 586 1047 condam
610 985 763 1066 providus
780 984 947 1046 Emericus
971 997 1071 1044 sartor
1092 982 1178 1044 filius
1194 983 1291 1044 Blasii
1318 983 1464 1044 similiter
1488 995 1602 1061 sartor,
1627 982 1688 1064 olym

447 1091 588 1154 concivis
613 1103 730 1170 noster,
756 1091 788 1152 in
813 1091 962 1152 extremis
978 1091 1043 1151 vite
1068 1109 1125 1151 sue
1140 1089 1327 1171 temporalis
1351 1089 1537 1167 laborasset,
1554 1089 1687 1170 tuncipse

448 1199 652 1260 medietatem
677 1197 843 1260 cuiusdam
868 1196 984 1258 domus
1007 1217 1063 1258 sue
1088 1209 1119 1259 et
1142 1195 1234 1258 luudi
1267 1216 1303 1258 ac
1327 1195 1552 1258 bedificiorum
1579 1197 1612 1257 in
1637 1195 1687 1257 civi-

446 1317 510 1365 tate
535 1304 677 1386 predicta
702 1303 809 1365 habite
833 1315 864 1365 et
888 1303 1060 1382 existentis,
1085 1303 1190 1385 ipsum
1206 1303 1327 1364 scilicet
1348 1303 1531 1364 Emericum
1557 1317 1686 1364 sartorem

446 1410 621 1472 literatorie
653 1411 891 1486 concernentis‚
916 1430 1014 1471 unam
1046 1410 1197 1472 videlicet
1227 1423 1374 1491 quartam
1406 1410 1493 1471 curie
1516 1411 1549 1471 in
1582 1430 1616 1470 se
1637 1409 1687 1469 reti·

448 1529 590 1596 nentem,
624 1516 754 1599 prefatis
787 1517 924 1578 iohanni
949 1530 980 1578 et
1012 1515 1143 1597 Matbye
1174 1517 1349 1578 sartoribus
1379 1530 1546 1597 tamquam
1577 1517 1687 1576 veriset

446 1623 613 1704 legittimis
636 1623 865 1685 commissariis
890 1635 921 1684 et
944 1622 1168 1684 executoribus
1195 1621 1377 1683 testamenti
1401 1622 1450 1682 sui
1475 1621 1612 1683 verbalis
1634 1639 1686 1680 ven·

446 1730 520 1792 dere
547 1743 577 1792 et
601 1749 659 1811 pro
683 1730 790 1792 anima
807 1749 863 1790 sua
888 1728 1067 1811 expendere
1092 1741 1122 1790 et
1139 1728 1266 1808 elargiri
1289 1728 1502 1790 commisisset
1518 1729 1686 1789 verbotenus

448 1848 478 1898 et
502 1835 682 1917 legavisset,
699 1835 795 1896 aliam
812 1854 888 1898 vero
906 1834 1112 1896 medietatem
1129 1834 1274 1896 eiusdem
1291 1834 1418 1912 domus,
1436 1832 1529 1894 lundi
1548 1849 1579 1895 et
1600 1830 1685 1894 hedifi-

447 1943 572 2004 ciorum
596 1961 728 2004 suorum
753 1960 851 2002 unam
875 1941 1085 2002 consimiliter
1108 1953 1255 2022 quartam
1280 1939 1366 2002 curie
1391 1939 1423 2000 in
1449 1959 1482 2000 se
1508 1941 1684 2014 retinentem,

447 2067 520 2109 cum
545 2048 611 2110 suis
635 2047 781 2108 similiter
806 2047 998 2108 utilitatibus
1022 2060 1054 2108 et
1076 2046 1282 2128 pertinenciis
1300 2047 1457 2107 universis
1481 2046 1595 2108 Vrsule
1618 2046 1684 2107 aliter

446 2154 530 2215 Rosa
558 2167 667 2215 vocate
692 2173 749 2235 pro
773 2167 849 2214 tunc
873 2172 929 2214 sue
953 2151 1094 2213 consorti
1112 2151 1281 2232 legavisset
1305 2163 1336 2212 et
1357 2151 1530 2213 dimisisset
1554 2152 1618 2232 jure
1633 2169 1684 2232 per·

444 2260 578 2322 bennali
610 2258 850 2342 possidendam,
884 2258 1022 2339 ideoque
1057 2277 1116 2319 nos
1147 2257 1321 2339 predictam
1355 2277 1451 2319 unam
1486 2278 1544 2320 seu
1575 2259 1683 2340 primam

444 2367 651 2428 medietatem
668 2365 767 2447 ipsius
780 2366 907 2443 domus,
925 2363 1017 2425 fundi
1030 2379 1060 2425 et
1074 2361 1308 2442 hedificiorum,
1322 2383 1419 2426 unam
1432 2364 1553 2426 scilicet
1566 2377 1682 2446 quartam

446 2473 532 2534 curie
557 2473 646 2533 inse
671 2472 873 2550 retinentem,
902 2469 1032 2553 prefatis
1064 2471 1291 2532 commissariis
1317 2485 1348 2532 et
1377 2472 1599 2533 executoribus
1627 2467 1682 2530 dicti

443 2579 624 2640 testamenti
650 2578 787 2639 verbalis
812 2577 911 2658 ipsius
936 2577 1075 2638 Emerici
1098 2577 1227 2638 sartoris
1251 2577 1381 2656 plenam
1407 2577 1570 2638 vendendi
1594 2591 1620 2638 et
1639 2592 1681 2656 pro

444 2685 551 2746 anima
577 2683 721 2746 eiusdem
741 2684 879 2745 Emerici
897 2684 1026 2745 sartoris
1041 2683 1244 2766 expendendi
1262 2695 1294 2745 et
1310 2681 1487 2764 elargiendi
1506 2683 1682 2744 attribuimus

448 2790 642 2869 facultatem,
667 2789 821 2872 prefatam
840 2803 947 2851 autem
971 2790 1067 2850 aliam
1086 2789 1291 2850 medietatem
1309 2789 1454 2850 eiusdem
1473 2789 1596 2866 domus,
1611 2783 1681 2848 lundi

445 2911 475 2958 et
500 2895 735 2974 hedificiorum,
759 2915 856 2958 unam
881 2896 1092 2957 consimiliter
1109 2909 1255 2977 quartam
1281 2895 1367 2957 curie
1390 2897 1423 2957 in
1447 2916 1480 2957 se
1506 2897 1680 2965 retinentem,

443 3022 517 3063 cum
541 3003 607 3062 suis
631 3002 822 3064 utilitatibus
846 3015 876 3064 et
900 3002 1105 3084 pertinenciis
1121 3001 1279 3063 universis
1304 3001 1425 3084 prefate
1442 3001 1556 3064 Vrsule
1579 2995 1679 3062 mulieri

443 3107 521 3168 alias
539 3120 570 3168 et
588 3107 652 3188 jam
676 3121 782 3168 nostre
801 3107 924 3168 concivi
942 3108 1111 3168 statuimus
1128 3121 1158 3168 et
1175 3107 1396 3168 commisimus
1419 3107 1489 3187 jure
1507 3121 1643 3189 perpetuo
1657 3113 1680 3161 et

444 3212 696 3275 irrevocabiliter
710 3213 937 3294 possidendam
951 3227 981 3273 et
990 3213 1299 3294 quomodocumque
1314 3211 1678 3296 volueritdisponendam.

493 3429 590 3503 Feria
618 3439 715 3502 sexta
744 3433 897 3520 proxima
927 3439 1004 3504 ante
1031 3434 1153 3505 festum
1181 3434 1278 3505 beate
1308 3431 1425 3505 Cecilie
1453 3435 1588 3522 virginis
1612 3439 1638 3500 et

994 3560 1159 3630 martiris.

937 3709 998 3786 (21.
1023 3711 1205 3784 novembris).

547 3846 624 3908 ltem
648 3848 797 3910 Vrbanus
829 3869 927 3930 gener
951 3849 1105 3931 Stephani
1130 3849 1284 3933 Pundych
1318 3865 1428 3912 contra
1454 3851 1620 3913 iohannem
1639 3841 1674 3922 ju·

440 3951 544 4013 dicem
570 3955 712 4015 secundo
737 3955 850 4016 citatus
874 3977 939 4018 non
964 3957 1153 4038 comparuit.

547 4058 625 4120 ltem
657 4064 765 4140 Agnes
798 4061 892 4122 Seme
924 4063 1033 4123 relicta
1065 4063 1219 4144 Stephani
1244 4064 1361 4125 sutoris
1394 4079 1505 4125 contra
1537 4060 1671 4124 dominum

440 4163 582 4224 Marcum
609 4167 818 4246 presbiterum
843 4166 945 4228 filium
972 4167 1100 4230 Gerdak
1125 4169 1229 4251 primo
1259 4170 1352 4231 citata
1377 4190 1442 4231 non
1469 4163 1638 4251 comparuit.

547 4271 626 4332 Item
651 4273 798 4334 Vrbanus
828 4273 948 4352 juratus
980 4273 1064 4336 filius
1090 4275 1218 4357 Matbye
1244 4277 1368 4357 Zupaui
1402 4291 1516 4338 contra
1539 4270 1670 4336 dominam

444 4375 652 4437 Katherinam
678 4398 810 4439 uxorem
836 4378 965 4462 Matbye
990 4381 1107 4442 Farkas
1123 4382 1266 4443 secundo
1291 4383 1406 4444 citatus
1430 4402 1497 4443 non
1515 4367 1670 4458 compafflll·

550 4482 627 4543 ltem
661 4484 735 4563 quia
761 4483 922 4564 Georgius
939 4485 1023 4547 filius
1048 4489 1159 4549 Banko
1184 4488 1223 4550 de
1252 4488 1412 4570 Pobresya
1438 4488 1504 4550 duo
1528 4485 1675 4568 juramenta

438 4586 499 4646 sibi
531 4607 587 4668 per
618 4587 737 4668 juratos
770 4605 895 4651 nostros
927 4593 1100 4654 modernos
1132 4595 1164 4654 in
1197 4592 1282 4656 lacto
1314 4595 1526 4675 quarumdam
1549 4591 1679 4656 terrarum

440 4693 608 4753 arabilium
641 4695 672 4754 in
698 4716 736 4754 eo
768 4697 959 4777 adjudicata,
985 4711 1019 4761 ut
1051 4700 1118 4782 ipse
1151 4701 1257 4762 nullas
1288 4702 1396 4763 literas
1420 4703 1525 4781 sciret,
1549 4721 1606 4782 que
1637 4679 1680 4747 sibi

440 4810 494 4855 aut
518 4795 603 4858 fratri
629 4820 697 4876 sub,
722 4815 777 4860 aut
802 4804 881 4882 patri
906 4825 961 4864 seu
986 4807 1051 4867 suis
1085 4808 1364 4887 predecessoribus
1388 4829 1484 4890 super
1510 4794 1680 4890 quibusdam

443 4903 535 4962 terris
558 4904 732 4966 arabilibus
757 4907 788 4966 in
815 4928 928 4991 campo
954 4912 1036 4972 dicte
1062 4913 1188 4974 civitate
1207 4913 1323 4976 habitis
1347 4914 1494 4977 conlecte
1519 4913 1642 4976 tuissent
1659 4903 1681 4953 ⁰1

440 5007 527 5088 quod
546 5009 658 5072 eedem
675 5023 756 5074 terre
770 5033 898 5098 semper
916 5014 1044 5078 luerunt
1056 5033 1226 5102 parentum
1241 5033 1271 5082 et
1288 5020 1551 5106 predecessorum
1567 5014 1678 5082 suorum

1671 5137 1678 5170 l
