3740 5810
626 557 711 613 Anno
734 569 824 632 1419.
849 587 893 600 —
915 569 966 632 24·
983 555 1143 631 januan'r'.
1477 576 1516 638 59

360 765 438 829 Item
457 767 548 848 jurati
567 766 801 850 adjudicarunt,
826 765 914 849 quod
933 786 1060 828 causam
1084 766 1167 829 inter
1184 765 1375 830 Michaelem
1393 767 1518 851 pridem

254 874 394 956 judicem
421 886 452 936 et
477 873 674 956 Stephanum
689 874 836 938 Pundich
854 893 917 936 una
941 893 1014 935 curn
1038 874 1219 936 senioribus
1235 889 1349 936 octavo
1374 875 1426 936 die
1444 875 1518 937 visis

253 979 375 1061 juribus
399 981 686 1064 utriusquepartis
711 981 831 1043 ibidem
856 984 889 1041 in
915 977 994 1041 facie
1019 979 1288 1042 determinabunt.

358 1085 437 1148 Item
469 1085 629 1168 Georgius
660 1101 691 1148 et
721 1086 1122 1150 ValentinusMozlauichi
1154 1099 1268 1148 octavo
1301 1085 1353 1148 die
1379 1085 1518 1166 quilibet

253 1193 353 1255 tercio
376 1213 410 1254 se
425 1194 587 1256 tenebitur
603 1208 740 1276 prestare
766 1191 1005 1276 (juramentum)
1027 1193 1115 1275 quod
1140 1193 1201 1255 sibi
1218 1193 1370 1255 stramina
1391 1191 1515 1255 Franch

253 1298 309 1362 lilii
335 1299 490 1382 Stephani
515 1320 580 1362 non
605 1301 798 1383 recepissent
820 1299 946 1362 furtive.

359 1406 437 1468 ltem
464 1406 644 1488 Stephanus
669 1405 831 1468 Meschich
856 1405 971 1467 eodem
997 1406 1048 1467 die
1075 1407 1238 1468 tenebitur
1269 1419 1408 1488 prestere
1432 1404 1514 1487 jura·

254 1525 398 1575 mentum
424 1513 512 1576 solus
535 1513 622 1596 quod
648 1533 712 1575 non
737 1513 863 1576 lecisset
886 1513 1014 1596 depasci
1039 1511 1146 1594 fruges
1170 1513 1334 1574 lobannis.

359 1620 439 1681 ltem
467 1619 658 1681 Dominicus
681 1619 826 1681 medicus
847 1619 1008 1680 tenebitur
1023 1633 1163 1701 prestare
1187 1619 1403 1702 juramentum
1428 1617 1517 1699 quod

256 1725 415 1788 Martinus
439 1725 582 1806 Zagorch
608 1725 711 1808 ipsum
737 1725 944 1803 vulnerasset,
961 1724 1104 1787 secundo
1127 1745 1160 1786 se
1185 1725 1518 1807 prestitotjuramento

256 1830 342 1893 idem
368 1831 525 1893 Martinus
548 1831 676 1893 medico
700 1831 858 1912 paciscere
882 1831 1042 1892 tenebitur
1067 1843 1098 1892 et
1120 1831 1188 1893 leso
1212 1829 1291 1891 duas
1315 1848 1446 1907 marcas,
1470 1827 1517 1908 ju·

256 1937 318 2000 dici
344 1950 474 2000 centum
497 1936 655 2000 denarios.

362 2043 441 2105 Item
467 2043 601 2125 Egidius
625 2044 839 2105 mercenarius
866 2043 957 2104 Pauli
987 2043 1160 2104 Sallrouich
1191 2042 1352 2104 tenebitur
1375 2054 1516 2124 prestare

252 2149 480 2231 juramentum,
504 2149 593 2230 quod
617 2147 724 2230 fruges
756 2149 886 2212 Thome
911 2148 1055 2211 Ochuirk
1088 2168 1153 2211 non
1180 2147 1306 2212 fecisset
1329 2147 1456 2230 depasci
1482 2159 1514 2209 et

254 2255 314 2317 hoc
338 2257 439 2318 tercio
462 2275 505 2319 se.

360 2361 440 2424 ltem
473 2361 566 2444 jurati
599 2361 834 2442 adjudicarunt,
867 2363 954 2444 quod
988 2361 1064 2444 quia
1093 2361 1211 2424 Paulus
1242 2359 1366 2444 pridem
1398 2359 1520 2442 juratus

252 2468 336 2531 filius
370 2468 498 2552 Gyuan,
520 2471 619 2531 boves
653 2489 769 2531 suosa
800 2470 1005 2531 mercenariis
1037 2469 1164 2530 Andree
1197 2467 1320 2550 pridem
1346 2465 1461 2548 judicis
1486 2466 1518 2526 in

256 2575 400 2658 dampno
419 2589 560 2658 repertos
584 2595 656 2637 cum
674 2576 821 2658 potencia
840 2577 969 2658 recepit,
990 2575 1088 2656 judici
1106 2575 1217 2636 decem
1243 2573 1357 2636 marcis
1381 2585 1428 2634 est
1443 2591 1519 2634 con·

253 2683 374 2759 victus3
399 2682 529 2763 etquis
554 2681 659 2764 judice
683 2683 814 2745 sedente
839 2703 897 2764 pro
923 2682 1076 2745 tribunali
1102 2683 1206 2764 ipsum
1230 2681 1376 2743 Andreas
1392 2680 1517 2762 vitupe-

252 2789 343 2868 ravit,
358 2788 391 2850 in
416 2788 528 2850 decem
554 2808 655 2870 usque
679 2787 876 2870 quindenam
901 2787 1073 2864 solvendis,
1098 2800 1130 2850 et
1146 2787 1232 2848 idern
1256 2786 1403 2852 Andreas
1425 2799 1513 2848 tene·

254 2893 339 2956 bitur
355 2907 494 2977 prestare
511 2894 727 2975 juramentum
744 2915 839 2978 super
855 2893 1043 2976 dampnum,
1053 2893 1163 2956 fenum
1181 2914 1237 2976 per
1254 2894 1359 2976 ipsum
1377 2892 1518 2954 Paulum

254 3001 422 3064 solvendo.

361 3107 439 3171 ltem
472 3106 596 3189 Agathe
628 3127 756 3170 causam
789 3121 1013 3190 protraxerunt
1043 3107 1083 3170 ad
1119 3107 1258 3190 primum
1291 3105 1458 3186 judicium,
1492 3105 1518 3166 si

258 3215 367 3277 medio
384 3228 529 3297 tempore
552 3215 693 3297 graciam
717 3235 735 3276 a
752 3215 982 3278 communitate
1000 3215 1152 3292 inveniet,
1176 3215 1258 3276 bene
1275 3211 1418 3295 quidem,
1435 3210 1514 3272 alio·

261 3321 336 3402 quin
362 3321 402 3382 de
426 3323 494 3404 ipsa
518 3321 674 3403 judicium
699 3319 825 3401 facient,
850 3335 885 3384 ut
909 3321 968 3383 erit
990 3335 1221 3403 opportunum.

357 3427 435 3489 ltem
470 3428 651 3510 Stephanus
675 3427 792 3490 Mlinar
832 3427 994 3488 tenebitur
1017 3427 1105 3488 solus
1136 3439 1274 3508 prestare
1300 3425 1513 3502 juramentum

255 3547 364 3595 contra
379 3534 578 3617 Stephanum
591 3535 715 3617 pridem
728 3534 878 3616 juratum,
892 3533 980 3616 quod
998 3533 1103 3616 ipsum
1120 3535 1151 3594 in
1165 3533 1264 3594 domo
1281 3551 1336 3594 sua
1350 3551 1414 3593 non
1429 3532 1510 3592 vitu·

253 3641 373 3722 peravit
386 3661 444 3702 nec
458 3641 561 3703 voluit
574 3640 770 3720 interfecere,
783 3661 821 3702 ex
834 3661 873 3702 eo
886 3639 961 3722 quia
976 3640 1007 3700 in
1025 3640 1129 3721 primo
1147 3659 1276 3702 excessu
1294 3653 1341 3701 est
1357 3655 1511 3722 repertus.

358 3746 436 3809 ltern
461 3747 580 3808 Paulus
604 3746 735 3808 Paulich
767 3761 875 3808 contra
902 3746 1063 3808 Andream
1089 3745 1213 3829 pridem
1247 3745 1389 3828 judicem
1415 3745 1514 3807 tercio

255 3873 317 3916 non
344 3853 533 3936 comparuit.

357 3959 436 4022 ltem
449 3959 638 4022 Valentinus
654 3973 764 4022 contra
789 3959 954 4021 Thomam
977 3973 1119 4022 sutorem
1136 3960 1235 4022 tercio
1254 3979 1319 4022 non
1337 3959 1516 4042 comparuit

255 4078 340 4127 actor
364 4065 541 4144 existendo,
565 4065 639 4128 ideo
663 4066 769 4128 amisit
793 4085 922 4128 causam
946 4081 1055 4128 contra
1084 4065 1224 4128 eundem
1250 4066 1424 4129 Thomam.

353 4280 451 4356 lesia
478 4287 586 4357 tercia
614 4285 767 4374 proxima
796 4289 874 4356 ante
901 4285 1025 4356 testum
1053 4283 1287 4358 conversionis
1316 4285 1406 4357 beati

743 4407 839 4480 Pauli
868 4407 1023 4498 apostoli.

653 4562 718 4642 (24.
734 4565 883 4640 J'crnuan'i,
908 4583 978 4624 ann.
1003 4563 1108 4642 1419).

363 4700 521 4762 Providus
544 4701 591 4762 vir
615 4701 733 4764 Paulus
757 4703 859 4765 Totar
890 4703 1065 4766 modernus
1096 4704 1217 4787 juratus
1248 4723 1321 4765 curn
1347 4703 1510 4785 fidedigno

253 4807 441 4870 testimonio
465 4820 647 4870 nostrorum
672 4809 834 4870 nocivium
860 4829 968 4872 coram
1000 4812 1093 4872 nobis
1117 4811 1350 4893 comprobavit,
1375 4827 1408 4872 ut
1433 4811 1510 4872 dum

258 4913 423 4975 Emericus
446 4913 525 4975 likin
551 4913 583 4974 in
601 4915 748 4976 extremis
771 4915 956 4995 laborasset,
980 4918 1089 4979 omnia
1115 4919 1278 4979 bonasus
1303 4918 1511 5000 dispositioni

255 5017 353 5101 ipsius
378 5019 468 5080 Pauli
493 5019 704 5081 commisisset
724 5040 783 5103 pro
807 5022 908 5083 salute
933 5023 1039 5084 anime
1065 5023 1164 5106 ipsius
1189 5023 1344 5087 Emerici.
