3852 5820
782 503 979 580 Anno1415.
1005 535 1044 547 —
1069 515 1118 578 25.
1143 502 1270 562 octobris.

502 716 580 777 Item
597 715 672 797 quia
688 711 811 797 prefata
827 709 960 772 domina
977 710 1076 774 Lucia
1092 725 1202 775 contra
1219 713 1349 775 Petrum
1366 712 1488 775 dictum
1506 712 1654 797 Fudrych

394 819 525 882 infacto
550 818 764 902 quarumdam
787 837 893 879 rerum
915 818 1014 900 ipsius
1038 818 1133 896 Petri,
1151 832 1185 880 ut
1208 817 1335 880 dicebat
1357 838 1413 901 per
1437 819 1539 901 ipsam
1564 838 1649 880 corn-

394 940 588 1009 paraturum,
618 925 716 988 tercia
746 945 778 986 se
810 923 955 1007 personia
979 937 1014 984 ut
1044 922 1156 986 debuit
1187 943 1282 986 suum
1306 924 1365 986 rite
1397 924 1546 1007 deposuit
1569 924 1651 1006 jura-

395 1047 551 1113 mentum,
574 1052 633 1115 pro
657 1051 696 1094 eo
720 1029 867 1094 eamdem
891 1029 1111 1091 commisimus
1135 1028 1326 1112 expeditam.

499 1140 577 1202 Item
602 1138 793 1201 DomInicus
808 1149 909 1199 sartor
926 1149 1035 1198 contra
1059 1135 1197 1197 Paulum
1213 1135 1397 1218 sagiparum
1412 1137 1518 1218 primo
1543 1135 1657 1198 citatus

394 1266 461 1308 non
485 1246 674 1329 comparuit.

501 1351 581 1414 Item
604 1350 795 1414 Valentinus
819 1348 984 1431 Hmellryn
1001 1359 1110 1410 contra
1135 1346 1314 1429 Georgium
1331 1348 1436 1431 primo
1461 1349 1574 1411 citatus
1590 1367 1657 1411 non

395 1459 585 1541 comparuit.

502 1564 581 1627 Item
607 1581 738 1627 consors
761 1561 887 1624 Nicolai
911 1561 1068 1644 Lypouch
1092 1561 1235 1624 secundo
1260 1559 1353 1623 citata
1377 1581 1442 1624 non
1468 1561 1659 1644 comparuit.

537 1801 573 1872 In
600 1801 691 1872 lacto
720 1801 841 1872 mortis
870 1798 1040 1872 Benedicti
1068 1798 1199 1888 Drugas
1227 1801 1375 1871 concivis
1403 1800 1522 1870 nostrl.

501 1969 581 2032 Item
605 1970 680 2052 qula
705 1969 816 2030 Petrus
838 1981 927 2030 sutor
949 1967 1034 2030 filius
1048 1967 1192 2049 Dragech
1217 1967 1257 2029 de
1283 1965 1443 2046 Kuthena,
1464 1979 1540 2028 tunc
1563 1966 1656 2028 habi-

395 2091 478 2141 tator
501 2076 648 2155 civitatis,
672 2075 845 2156 quemdam
870 2075 1081 2136 Benedictum
1104 2073 1228 2155 Drugas
1249 2073 1456 2155 appellatum,
1489 2071 1658 2134 concitem

399 2196 554 2261 nostrum,
569 2179 700 2244 cultello
723 2200 782 2242 suo
800 2180 1024 2243 miserabiliter
1040 2178 1210 2257 interfecit,
1233 2198 1299 2261 quo
1323 2177 1490 2240 interfecto
1515 2178 1555 2239 de
1580 2178 1657 2240 ciui-

397 2303 460 2352 tate
485 2287 638 2369 affugavit
655 2301 686 2349 et
710 2299 839 2369 propter
854 2306 911 2348 aue
935 2285 1162 2368 culpabilitatis
1178 2283 1385 2347 manifestum
1401 2283 1557 2346 indicium
1575 2284 1658 2346 trIna

396 2395 466 2457 vice
491 2395 523 2456 in
548 2392 619 2455 foro
644 2393 771 2476 publice
796 2405 827 2454 et
850 2389 1018 2454 manifeste
1042 2392 1258 2474 proclamatus
1281 2391 1367 2453 iuxta
1392 2390 1658 2453 consuetudinem

399 2501 499 2583 ipsius
522 2499 657 2561 ciuitatis
681 2500 721 2560 ab
745 2499 879 2580 antiquo
907 2499 1128 2580 approbatam,
1153 2498 1208 2579 qui
1233 2496 1365 2578 quidem
1379 2497 1490 2559 Petrus
1512 2509 1560 2558 ter
1583 2514 1655 2577 pro-

399 2606 554 2668 clamatus
577 2605 617 2666 ad
641 2603 799 2686 justiciam
823 2617 977 2686 tanquam
1009 2602 1197 2666 manifestus
1212 2601 1404 2666 'interlector
1429 2603 1526 2685 ipsios
1551 2604 1652 2664 Bene·

399 2713 474 2774 dicti
501 2711 609 2772 venire
633 2730 699 2772 non
724 2711 856 2788 curavit,
880 2710 954 2772 ideo
979 2709 1118 2771 eundem
1143 2710 1272 2772 Petrum
1290 2709 1403 2772 ordine
1427 2709 1595 2791 judiciario
1611 2707 1660 2790 ju·

401 2819 459 2880 rati
493 2837 566 2879 cum
598 2816 703 2898 judice
739 2829 770 2878 et
800 2816 925 2878 clvitate
959 2817 991 2876 in
1022 2828 1125 2878 morte
1157 2815 1302 2877 eiusdem
1340 2816 1505 2878 Benedicti
1537 2816 1661 2896 Drugas

399 2925 629 2988 commiserunt
641 2921 710 2984 fore
734 2923 928 3004 culpabilem
954 2935 984 2984 et
1001 2921 1272 3004 condempnatum
1296 2923 1352 2984 tali
1376 2923 1487 3001 modo,
1511 2921 1661 2983 videlicet

399 3043 434 3093 ut
465 3031 491 3091 si
523 3048 729 3112 quocurnque
761 3041 906 3111 tempore
937 3029 1024 3090 idem
1054 3027 1238 3091 interlector
1269 3029 1300 3090 in
1333 3027 1416 3090 dicta
1446 3028 1572 3090 civitate
1605 3027 1657 3089 vel

399 3137 467 3198 eius
499 3135 659 3198 territorio
692 3134 941 3217 comprehensus
968 3134 1073 3213 luerit,
1105 3154 1181 3196 mox
1205 3134 1290 3196 iuxta
1322 3134 1558 3217 privilegiatam
1581 3133 1659 3194 civi-

397 3255 495 3304 tatem
521 3241 560 3302 de
585 3241 654 3322 ipso
679 3240 819 3302 vindicta
843 3253 1055 3323 sumpmatur.

507 3347 585 3408 Item
609 3347 685 3427 quia
709 3347 828 3408 Paulus
853 3347 955 3409 dictus
972 3345 1100 3430 Gerych
1118 3359 1225 3409 noster
1241 3345 1381 3409 concivis
1404 3359 1547 3430 tempore
1566 3347 1661 3408 inter·

401 3452 553 3514 leccionis
577 3452 742 3514 Benedicti
767 3452 891 3534 Drugas
925 3452 1045 3514 ibidem
1071 3451 1131 3514 luit
1162 3466 1306 3536 repertus
1337 3467 1368 3515 et
1391 3467 1538 3535 parentes
1562 3453 1663 3534 ipsius

398 3559 494 3622 occisi
522 3559 555 3620 in
572 3560 738 3622 consorcio
755 3558 868 3641 prefati
882 3559 965 3621 Petri
982 3559 1131 3622 interesse
1157 3558 1225 3622 lore
1242 3559 1435 3640 allegabant,
1460 3573 1491 3621 et
1515 3559 1654 3620 eundem

402 3665 632 3728 nichilominus
656 3665 689 3727 in
712 3680 815 3727 morte
851 3666 994 3728 eiusdem
1019 3667 1206 3748 participem
1237 3666 1408 3748 allegando
1440 3667 1658 3749 inculpabunt,

403 3773 535 3854 ipseque
561 3771 679 3833 Paulus
702 3791 735 3834 se
760 3773 966 3834 innocentem
994 3773 1162 3852 asserebat,
1187 3772 1261 3834 ideo
1285 3773 1380 3854 judex
1405 3786 1436 3834 et
1459 3772 1551 3854 jurati
1577 3772 1660 3854 judi-

402 3877 505 3939 cando
530 3877 760 3939 commiserunt
783 3877 838 3939 tali
863 3877 973 3956 modo,
997 3890 1032 3939 ut
1052 3878 1138 3939 idern
1164 3878 1282 3939 Paulus
1307 3879 1465 3960 vigesimo
1489 3879 1603 3960 quinto
1625 3898 1659 3939 se

402 3983 589 4046 concivibus
620 3984 685 4044 suis
716 3983 958 4064 qulntodecImo
991 3985 1043 4046 die
1077 3983 1198 4067 prefate
1237 3983 1315 4047 ferie
1346 3999 1432 4047 sexte
1462 3986 1494 4047 ln
1527 3985 1661 4047 ecclesia

401 4089 501 4151 sancti
527 4089 626 4150 Marci
651 4102 761 4150 contra
785 4103 932 4171 parentes
956 4089 1032 4152 dicti
1065 4091 1161 4152 occisi
1185 4111 1280 4173 super
1304 4111 1343 4153 eo
1366 4091 1580 4172 juramentum
1605 4091 1660 4152 de-

400 4215 522 4277 ponere
546 4207 702 4274 teneatur,
726 4196 906 4277 seriemque
939 4197 1037 4278 ipsius
1067 4196 1237 4278 juramenti
1270 4196 1401 4278 juratus,
1425 4211 1571 4280 presente
1595 4217 1661 4280 quo

401 4300 551 4382 deponet,
576 4301 670 4362 nobis
693 4300 809 4363 debeat
829 4302 960 4364 recitare
985 4318 1021 4364 ut
1043 4303 1110 4384 ipse
1135 4303 1291 4365 innocens
1313 4305 1353 4365 sit
1377 4317 1408 4364 et
1431 4303 1593 4366 immunis.

505 4423 584 4485 Item
608 4424 683 4505 quia
708 4425 860 4486 Nicolaus
884 4439 972 4487 sutor
995 4425 1080 4487 filius
1097 4425 1252 4488 Anthonii
1277 4427 1420 4488 conciuis'
1443 4439 1550 4489 noster
1575 4427 1662 4489 simi·

402 4529 474 4590 liter
498 4529 529 4590 in
555 4531 723 4592 consorcio
746 4532 890 4613 predicto
920 4531 979 4593 fuit
1003 4545 1078 4594 tunc
1111 4533 1270 4610 Inventus,
1294 4533 1350 4594 sed
1381 4544 1476 4595 testes
1506 4531 1664 4616 fidedigni

400 4648 517 4696 eotunc
542 4636 620 4697 inibi
647 4637 815 4700 existentes
839 4638 943 4719 ipsum
979 4639 1148 4700 NIcolaum
1181 4639 1401 4720 expurgabant
1425 4652 1456 4700 et
1480 4658 1593 4722 pacem
1618 4638 1663 4700 la-

401 4739 539 4803 cientem
572 4742 732 4822 viderunt,
767 4744 823 4804 sed
846 4757 954 4806 tamen
989 4758 1139 4828 parentes
1170 4746 1271 4828 ipsius
1302 4744 1460 4808 interlecti
1492 4745 1597 4809 adhuc
1628 4747 1660 4807 in

401 4850 516 4910 eodem
542 4849 677 4911 Nicolao
702 4849 953 4933 suspicabantur,
981 4853 1056 4914 ideo
1087 4851 1193 4934 judex,
1217 4851 1310 4934 jurati
1343 4852 1555 4915 decreverunt
1578 4851 1661 4934 judi-

403 4954 506 5017 cando
532 4955 587 5017 tali
612 4957 722 5036 modo,
747 4970 782 5019 ut
799 4957 865 5040 ipse
882 4958 1035 5021 Nicolaus
1052 4959 1294 5042 quintodecimo
1312 4959 1364 5024 die
1381 4959 1464 5023 dicte
1480 4957 1558 5022 ferie
1576 4973 1664 5022 sexte
