3876 5798
361 538 422 618 368
731 537 817 594 Anna
841 549 930 614 1442.
958 569 997 578 -
1016 549 1070 612 31.
1095 537 1222 609 augusti.

1289 637 1625 646 -—-.---.---..-..—...-

360 750 399 812 ad
427 768 590 812 sumtuum
618 766 674 808 seu
706 747 923 808 summitatem
955 745 1142 808 earumdem
1173 763 1394 806 mensurarum
1426 743 1626 827 lapidearum

359 856 498 918 debeant
521 873 647 936 semper
672 853 848 914 mensurari
873 865 1029 935 perpetuo
1053 865 1084 913 et
1112 851 1363 914 irrevocabiliter
1386 870 1422 912 ac
1446 849 1624 912 irretracta-

361 963 467 1023 biliter
491 959 749 1022 contradiccione
773 959 994 1040 quorumlibet
1017 977 1083 1020 non
1107 960 1264 1020 obstante.

466 1084 544 1146 ltem
568 1081 759 1144 Valentinus
790 1079 875 1143 filius
899 1081 1052 1164 Stephani
1083 1081 1243 1144 tributarii
1276 1094 1385 1143 contra
1411 1079 1529 1142 Rosam
1555 1097 1626 1140 mu·

360 1193 470 1254 lierem
497 1209 628 1251 uxorem
655 1189 774 1252 Vrbani
798 1189 938 1270 agricole
962 1189 1067 1272 primo
1091 1190 1205 1250 citatus
1229 1208 1295 1250 non
1320 1187 1510 1268 comparuit.

465 1315 543 1376 ltem
577 1312 722 1396 Mathyas
746 1311 867 1392 juratus
898 1312 983 1374 filius
1007 1313 1162 1375 Johannis
1193 1311 1249 1374 filii
1276 1311 1402 1374 Miklini
1427 1323 1537 1373 contra
1570 1309 1624 1370 Jo-

359 1421 498 1482 hannem
531 1419 635 1481 filium
666 1417 831 1480 Michaelis
864 1417 1048 1500 privignum
1080 1417 1233 1500 Stephani
1268 1415 1488 1500 Oczthowych
1520 1415 1626 1498 primo

359 1528 473 1588 citatus
497 1545 562 1588 non
588 1525 780 1607 comparuit.

469 1651 546 1712 ltem
574 1649 730 1711 Martinus
752 1661 841 1712 sutor
866 1650 1039 1732 Rumenyn
1063 1663 1172 1711 contra
1191 1649 1364 1711 Martinum
1388 1661 1529 1710 sutorem
1555 1666 1624 1709 mo—

359 1759 491 1819 noclum
523 1773 677 1836 generum
704 1753 852 1836 Gregorii
877 1755 1039 1817 Korusecz
1071 1755 1176 1839 primo
1206 1751 1319 1817 citatus
1343 1774 1408 1816 non
1433 1739 1623 1834 comparuit.

464 1881 540 1943 ltem
568 1879 660 1942 Vltus
683 1879 823 1942 carnifex
848 1878 932 1941 filius
957 1879 1160 1942 Biberwarad
1186 1895 1295 1942 contra
1321 1879 1455 1940 Elenam
1480 1878 1624 1940 relictam

362 1985 496 2067 Georgii
521 1987 680 2048 Wrabecz
704 1985 846 2048 secundo
871 1987 985 2048 citatus
1009 2005 1073 2048 non
1099 1987 1289 2068 comparuit.

469 2093 546 2153 Item
590 2092 780 2154 Valentinus
815 2091 1049 2172 Tergowchich
1089 2109 1198 2153 contra
1231 2091 1393 2175 Mathyam
1427 2092 1553 2174 Marysa
1594 2103 1627 2151 et

362 2217 494 2260 uxorem
519 2218 608 2259 suam
634 2199 739 2280 primo
763 2198 877 2259 citatus
901 2217 964 2259 non
990 2199 1180 2280 comparuit.

467 2322 545 2383 ltem
563 2341 691 2382 causam
707 2321 874 2382 cuiusdam
899 2322 1061 2404 porcionis
1086 2322 1202 2384 domus
1218 2321 1350 2384 domine
1368 2325 1497 2403 Agycze
1514 2320 1624 2382 relicte

363 2428 496 2509 Georgii
522 2428 656 2509 cirologi
684 2429 765 2489 inter
782 2428 917 2490 eandem
936 2442 967 2489 et
990 2429 1177 2510 magistrum
1196 2429 1361 2490 Matheum
1384 2441 1624 2511 procuratorem

363 2533 477 2595 Vrsule
501 2531 565 2594 filie
594 2533 732 2594 condam
765 2533 904 2594 Ladislai
937 2533 1100 2612 aurifabri,
1132 2534 1296 2596 filiastrem
1326 2554 1403 2596 vero
1429 2534 1528 2616 ipsius
1559 2553 1626 2594 ma·

360 2640 449 2720 gistri
476 2639 608 2718 Mathei,
633 2659 739 2702 coram
763 2639 874 2721 juratis
895 2654 1015 2701 motam
1041 2641 1128 2702 etad
1152 2653 1330 2723 presentem
1356 2641 1441 2702 diem
1466 2661 1524 2722 pro
1549 2659 1625 2722 pace

360 2746 464 2808 fienda
490 2748 673 2828 nuperrime
698 2760 914 2828 prorogatam,
940 2747 1036 2808 iidem
1063 2747 1156 2827 jurati
1182 2767 1240 2829 pro
1257 2748 1357 2830 ipsius
1380 2767 1474 2808 cause
1498 2746 1624 2808 meliori

359 2853 597 2915 deliberacione
621 2873 677 2914 seu
702 2874 760 2935 pto
784 2851 889 2915 fienda
914 2873 992 2936 pace
1009 2853 1079 2916 vice
1103 2855 1215 2916 iterata
1239 2853 1279 2916 ad
1303 2856 1444 2936 primum
1469 2852 1624 2934 judicium

360 2973 585 3042 prorogarunt.

465 3066 543 3128 Item
569 3085 698 3128 causam
722 3067 804 3129 inter
820 3065 1012 3149 Gregorium
1031 3068 1193 3130 Valentini
1212 3081 1243 3130 et
1264 3068 1346 3130 iuter
1368 3068 1512 3129 relictam
1541 3067 1625 3128 Lau-

360 3172 461 3233 rencii
487 3171 641 3233 Churnan
674 3173 827 3252 habitam,
859 3173 952 3255 jurati
977 3194 1035 3256 pro
1067 3175 1192 3238 meliori
1217 3175 1316 3258 ipsius
1348 3195 1441 3236 cause
1467 3174 1623 3236 delibera·

359 3279 451 3338 cione
475 3277 515 3338 ad
539 3278 680 3360 primum
704 3277 860 3360 judicium
885 3295 1108 3362 prorogarunt.

465 3402 543 3463 ltem
560 3422 687 3464 causam
709 3403 886 3485 Elyzabeth
903 3405 1074 3466 servitricis
1090 3405 1231 3486 magistri
1250 3405 1369 3467 Mathei
1388 3405 1502 3466 notarii
1520 3405 1619 3466 nostri

361 3508 392 3568 in
420 3506 503 3569 facto
527 3509 722 3590 potenciarie
746 3488 982 3571 verberacionis
1000 3511 1098 3592 ipsius
1123 3509 1300 3594 Elyzabeth
1317 3530 1413 3592 super
1438 3511 1539 3592 ipsam
1566 3531 1624 3592 per

361 3615 491 3698 Endrey
515 3628 668 3676 sartorem
698 3615 798 3677 filium
819 3617 995 3678 Zernchich
1020 3619 1065 3678 uti
1088 3618 1153 3699 ipsa
1178 3617 1355 3700 Elyzabeth
1384 3619 1498 3680 asserit
1513 3639 1625 3700 perpe·

358 3735 472 3783 tratam
497 3734 528 3784 et
552 3735 684 3800 motam,
708 3723 801 3804 jurati
826 3743 927 3805 usque
958 3724 997 3784 ad
1022 3725 1161 3806 primum
1193 3723 1349 3804 judicium
1374 3724 1520 3806 proxime
1546 3723 1623 3786 affu-

359 3841 466 3888 turum
491 3829 522 3888 in
548 3848 587 3890 eo
612 3842 836 3910 prorogarunt,
868 3844 903 3890 ut
934 3830 1000 3912 ipse
1025 3829 1065 3892 ad
1097 3829 1183 3891 idem
1208 3830 1348 3912 primum
1379 3830 1535 3912 judicium
1567 3851 1624 3912 per

365 3935 464 4015 ipsam
491 3934 668 4016 Elyzabeth
691 3935 730 3995 ad
756 3936 943 3997 instanciam
968 3936 1016 3998 sui
1042 3935 1280 4018 debeatlcitari.

469 4039 546 4102 ltem
571 4040 686 4102 Vrsula
710 4027 826 4103 mulier
850 4041 959 4103 relicta
983 4042 1119 4104 condam
1146 4042 1242 4103 Marci
1269 4041 1396 4104 Cherne
1428 4041 1516 4121 dicti,
1540 4060 1624 4102 nunc

359 4166 489 4207 consors
512 4146 668 4226 legittima
693 4147 857 4208 Benedicti
882 4148 1022 4227 agricole
1046 4167 1154 4209 coram
1178 4147 1284 4228 judice
1307 4161 1338 4210 et
1363 4147 1473 4229 juratis
1497 4167 1534 4208 ac
1557 4160 1623 4208 tota

361 4253 592 4313 communitate
617 4265 663 4313 est
686 4267 799 4334 sponte
824 4252 967 4314 confessa
993 4253 1023 4314 in
1057 4253 1142 4315 huuc
1167 4253 1312 4332 modum,
1345 4267 1380 4314 ut
1402 4253 1478 4334 quia
1502 4251 1622 4336 Dyoni-

359 4359 425 4418 sius
448 4373 549 4419 sartor
574 4357 659 4420 filius
683 4359 820 4420 condam
846 4357 977 4439 Georgii
1004 4357 1095 4437 labri,
1121 4360 1176 4440 qui
1205 4359 1265 4441 ipsi
1289 4359 1401 4420 Vrsule
1426 4371 1457 4421 et
1480 4379 1539 4420 suo
1556 4378 1622 4420 ma·

360 4465 421 4526 rito
447 4465 573 4526 vineam
598 4484 689 4526 suam
706 4465 904 4542 vendiderat,
928 4485 986 4548 pro
1004 4466 1139 4547 pecunia
1157 4466 1216 4547 ipsi
1233 4466 1348 4528 Vrsule
1372 4467 1497 4528 mulieri
1516 4466 1624 4547 dispo-

360 4572 481 4632 sicione
507 4573 588 4632 inter
613 4571 698 4652 ipsos
723 4571 898 4652 prehabita,
922 4585 986 4633 tres
1009 4571 1077 4632 flor.
1103 4572 1171 4633 auri
1191 4572 1334 4653 plenarie
1358 4572 1522 4654 persolvit,
1547 4572 1621 4632 ideo

360 4678 427 4758 ipsa
451 4677 567 4738 Vrsula
600 4677 716 4738 mulier
749 4677 866 4738 dictam
898 4678 1026 4739 vineam
1059 4678 1158 4759 ipsius
1189 4677 1335 4760 Dyonisii
1367 4677 1472 4739 eidem
1505 4691 1537 4740 et
1559 4677 1624 4738 suis

358 4783 531 4844 heredibus
556 4783 654 4844 libere
679 4783 800 4846 remisit
824 4797 979 4866 perpetuo
1008 4783 1233 4864 possidendam
1259 4797 1290 4846 et
1311 4784 1621 4864 quomodocumque

358 4889 497 4951 voluerit
522 4889 768 4970 disponendam,
795 4890 965 4972 ipsumque
991 4890 1182 4972 Dyonisium
1207 4909 1303 4972 supet
1325 4891 1401 4972 ipsis
1424 4892 1526 4952 tribus
1550 4889 1620 4953 flor.

359 4995 523 5056 commisit
547 4995 741 5076 expeditum.
