3876 5798
380 545 443 626 376
761 547 962 623 Ann01443.
987 578 1028 590 -
1052 559 1099 608 rr.
1116 547 1268 621 junuarii.

379 758 557 818 secundum
577 756 854 834 adjudicacionem
872 753 1049 832 juratorum
1073 753 1169 816 hodie
1186 772 1386 836 superatam
1405 769 1542 836 prestare
1559 754 1642 833 jura·

381 873 526 924 mentum
552 859 700 938 debebat,
724 859 863 922 eundem
885 857 1028 920 Elatium
1046 857 1185 937 iudicem
1209 857 1341 920 nomine
1358 857 1431 940 justi
1455 859 1595 920 bominis
1611 873 1643 921 et

383 983 442 1047 pro
455 963 539 1045 justo
552 963 683 1028 botnine
697 963 828 1041 dimisit,
843 961 1015 1044 ipsumque
1028 962 1242 1045 juramentum
1256 962 1316 1024 sibi
1331 962 1494 1042 relaxavit,
1506 963 1644 1043 ideoque

379 1069 484 1152 ipsum
509 1069 651 1132 blasium
676 1067 815 1145 iudicem
840 1065 924 1130 iacto
948 1067 980 1128 in
998 1068 1153 1150 premisso
1178 1067 1378 1130 reddidimus
1401 1065 1470 1131 iore
1494 1067 1640 1149 quietum

381 1189 413 1238 et
435 1173 632 1258 expeditum.

484 1281 562 1343 ltem
587 1281 663 1362 quia
688 1279 848 1362 Georgius
872 1278 1003 1360 juratus,
1027 1278 1126 1358 faber,
1159 1279 1244 1342 filius
1268 1279 1428 1342 Francisci
1453 1278 1533 1342 fabri
1559 1279 1643 1360 jura·

378 1400 523 1449 mentum
558 1387 646 1469 quod
679 1387 710 1448 in
743 1385 828 1447 lacto
859 1385 1026 1448 cuiusdam
1059 1385 1134 1467 equi
1159 1383 1292 1468 Georgii
1325 1385 1644 1448 clientis·servitoris

378 1491 501 1554 domini
536 1493 692 1575 Prepositi
726 1491 858 1554 ecclesie
890 1491 1106 1573 zagrabiensis
1145 1507 1254 1554 contra
1290 1491 1431 1554 eundem
1465 1490 1642 1573 Georgium

382 1597 533 1661 clientem
557 1611 592 1661 ut
616 1612 767 1677 actorem,
800 1597 897 1660 hodie
929 1597 1091 1680 deponere
1123 1597 1245 1676 debuit,
1274 1597 1410 1680 prestitit
1440 1612 1471 1660 et
1495 1597 1645 1679 deposuit

381 1701 480 1768 hodie
504 1705 587 1768 sicut
610 1705 669 1767 sibi
695 1703 756 1767 fuit
771 1703 1002 1785 adjudicatum,
1026 1703 1165 1786 ideoque
1189 1704 1294 1786 ipsum
1320 1703 1498 1784 Georgium
1517 1701 1643 1764 fabrum

380 1811 521 1894 juratum
546 1810 630 1874 iacto
655 1811 687 1873 in
712 1809 826 1872 eodem
852 1811 979 1872 racione
1005 1810 1104 1892 ipsius
1128 1811 1202 1892 equi
1231 1809 1431 1872 reddidimus
1456 1808 1523 1872 iore
1548 1828 1642 1892 expe·

382 1917 486 1980 ditum
511 1931 542 1980 et
565 1917 753 1979 omnimode
778 1916 972 1980 absolutum.

488 2023 566 2085 ltem
599 2041 727 2085 causam
760 2023 885 2084 Nicoiai
918 2021 1033 2103 judicis
1064 2022 1165 2084 nostri
1190 2021 1336 2084 moderni
1369 2022 1450 2084 inter
1482 2022 1587 2104 ipsum
1612 2035 1644 2082 et

379 2129 465 2192 inter
490 2129 660 2192 Nicolaum
685 2127 824 2210 judicem
849 2148 885 2189 ac
916 2128 1078 2190 Andream
1108 2127 1337 2211 Czyganichyn
1370 2145 1514 2190 necnon
1542 2125 1643 2190 Geor-

381 2235 474 2314 gium
501 2234 622 2296 dictum
641 2233 797 2317 Zidarych
822 2232 918 2296 hodie
936 2235 967 2295 in
986 2233 1106 2316 judicio
1123 2234 1261 2316 presenti
1278 2248 1411 2313 motam,
1432 2253 1490 2315 per
1504 2231 1643 2316 judicem

381 2339 574 2402 modernum
600 2353 803 2423 prenotatum
829 2353 962 2418 motam,
996 2339 1117 2416 judices
1148 2339 1290 2402 eiusdem
1322 2359 1415 2402 cause
1439 2337 1479 2401 ad
1503 2339 1642 2422 primum

379 2447 538 2530 judicium
565 2447 709 2529 proxime
734 2465 904 2508 occurrens
928 2459 1151 2527 prorogarunt.

448 2681 545 2756 Feria
573 2691 672 2756 sexta
701 2686 856 2774 proxima
885 2691 961 2774 post
993 2684 1113 2756 festum
1142 2681 1402 2774 Epiphaniamm
1430 2683 1573 2755 Domini.

791 2837 854 2917 (11.
878 2836 1032 2914 sunuan'i,
1056 2857 1126 2900 ann.
1150 2841 1256 2916 1443).

488 2977 565 3040 ltem
591 2977 758 3060 Philippus
774 2976 859 3040 filius
883 2977 1016 3060 Georgii
1034 2976 1209 3039 Grabarich
1227 2991 1337 3042 contra
1354 2977 1497 3040 relictam
1516 2976 1642 3040 Nicolai

381 3082 553 3166 Kusychna
578 3083 695 3146 dictam
720 3085 825 3166 primo
849 3085 963 3145 citatus
988 3103 1051 3146 non
1077 3084 1268 3164 comparuit.

488 3189 565 3251 ltem
589 3189 779 3252 Valentinus
803 3189 956 3272 Fratrych
988 3187 1126 3252 camiiex
1159 3203 1268 3252 contra
1294 3189 1476 3252 Emericum
1501 3203 1642 3252 sutorem

383 3295 521 3377 juratum
546 3295 737 3358 modernum
763 3295 898 3358 civitatis
923 3296 1064 3378 predicte
1096 3296 1201 3378 primo
1226 3297 1340 3358 citatus
1364 3316 1430 3358 noo
1455 3296 1643 3378 comparuit.

488 3399 565 3462 ltem
589 3401 665 3482 quia
690 3402 843 3483 providus
867 3403 914 3463 vir
938 3417 969 3464 et
993 3403 1145 3464 honestus
1162 3403 1273 3465 Petrus
1293 3402 1377 3464 filius
1402 3402 1492 3465 Pauli
1518 3402 1643 3485 pridem

379 3507 486 3589 judex,
511 3508 716 3590 concivisque
734 3522 849 3585 noster,
875 3509 907 3569 id
925 3529 998 3570 cunr
1022 3506 1194 3570 sufficienti
1219 3524 1249 3571 et
1273 3508 1437 3590 fidedigno
1461 3523 1643 3572 nostrorum

380 3613 561 3676 concivium
587 3614 773 3676 testimonio
798 3615 829 3676 in
854 3615 928 3676 sede
953 3627 1060 3676 nostra
1085 3613 1250 3694 judiciaria
1278 3616 1397 3680 seriose
1422 3617 1645 3698 comprobavit

381 3739 488 3782 coram
515 3721 618 3800 nobis,
642 3735 676 3782 ut
700 3721 777 3783 dum
803 3722 935 3803 provida
960 3721 1097 3783 condam
1122 3722 1238 3784 mulier
1263 3721 1436 3784 Katherine
1461 3736 1572 3786 vocata
1596 3743 1643 3784 re·

382 3827 457 3888 licta
482 3827 619 3889 condam
645 3827 772 3888 Andree
797 3827 1032 3910 Ztepkowych,
1063 3828 1193 3890 tandem
1226 3847 1357 3890 consors
1389 3829 1546 3909 legittima
1576 3833 1642 3890 An·

379 3932 482 3994 thonii
508 3931 813 4016 Chesthnykowych
840 3933 871 3994 io
896 3934 1045 3994 extremis
1072 3933 1136 3996 vite
1160 3953 1216 3996 sue
1246 3934 1434 4017 temporalis
1458 3935 1642 4015 laborasset,

381 4053 457 4101 tunc
482 4039 549 4121 ipsa
574 4037 711 4100 fundunt
743 4059 836 4100 suurn
864 4039 992 4102 civilem
1016 4040 1047 4100 in
1080 4039 1163 4102 dicta
1196 4040 1323 4103 civitate
1354 4041 1461 4120 situm,
1486 4041 1642 4120 habitum,

380 4145 482 4226 ipsam
506 4144 640 4226 juridice
665 4159 922 4224 concernentem,
955 4165 1029 4208 cum
1054 4146 1119 4208 suis
1150 4146 1356 4229 pertinenciis
1380 4147 1524 4230 predicto
1549 4148 1642 4210 Petro

379 4249 489 4332 judici,
520 4250 698 4332 silvamque
722 4271 813 4312 suam
838 4252 870 4312 in
894 4251 1054 4314 territorio
1085 4251 1221 4314 civitatis
1244 4251 1365 4334 prefate
1390 4252 1544 4333 habitam,
1568 4273 1642 4315 ean·

381 4356 454 4418 dem
480 4355 687 4418 Katherinam
714 4357 881 4419 mulierem
914 4357 1061 4420 similiter
1094 4357 1267 4420 literatorie
1292 4371 1550 4437 concernentem,
1568 4378 1640 4422 cum

383 4463 449 4523 suis
471 4463 618 4525 similiter
641 4463 845 4545 pertinenciis
869 4463 969 4525 Paulo
1004 4476 1034 4525 et
1057 4463 1229 4526 Valentino
1264 4462 1338 4526 filiis
1363 4465 1462 4546 ipsius
1487 4465 1571 4527 Petri
1595 4463 1642 4546 ju-

384 4569 463 4632 dicis
488 4571 656 4651 legavisset
679 4583 710 4632 et
733 4570 905 4632 dimisisset
932 4570 999 4652 jure
1023 4569 1209 4653 perhennali
1241 4570 1469 4652 possidendam
1494 4585 1525 4633 et
1560 4590 1639 4653 quo·

384 4675 626 4758 modocumque
644 4676 804 4738 voluerint
821 4677 1066 4759 disponendam,
1084 4677 1224 4758 ideoque
1237 4696 1296 4739 nos
1312 4677 1493 4760 predictum
1506 4677 1641 4741 fundum

382 4781 509 4843 civilem
544 4781 643 4863 ipsius
673 4781 846 4844 Katherine
878 4783 1022 4845 mulieris
1053 4802 1125 4845 curn
1157 4784 1222 4845 suis
1257 4784 1463 4866 pertinenciis
1497 4784 1640 4868 predicto

385 4886 481 4948 Petro
506 4887 603 4968 judici
629 4907 663 4950 ac
688 4907 743 4970 per
767 4909 840 4951 eum
861 4889 926 4950 suis
943 4888 1125 4968 heredibus,
1149 4887 1304 4971 prefatam
1322 4910 1398 4952 vero
1423 4891 1536 4953 silvam
1560 4892 1642 4953 eius·

381 4993 457 5056 dem
483 4993 658 5057 Katherine
683 4995 825 5056 mulieris
849 4996 881 5057 in
905 4995 1066 5058 territorio
1098 4996 1234 5059 civitatis
1257 4995 1400 5079 predicte
1426 4997 1577 5077 habitam,
1600 4998 1641 5060 si·
