3740 5810
438 525 479 608 98
824 526 1018 602 Anno1421.
1042 557 1086 566 —
1107 534 1154 598 17.
1171 523 1311 600 januari.

440 751 590 822 prestare,
613 737 701 820 quod
726 737 793 824 ipsa
817 737 927 798 relicta
950 735 1010 797 sibi
1035 733 1186 816 predictis
1213 754 1266 795 sex
1291 733 1417 795 debitor
1442 746 1533 811 esset,
1558 731 1696 814 predicta

438 863 570 928 quoque
602 845 712 907 relicta
745 857 855 906 contra
880 844 984 924 ipsum
1014 841 1177 904 Thomam
1210 841 1241 902 in
1276 861 1314 903 eo
1346 840 1563 920 juramentum
1587 837 1699 898 debeat

437 967 575 1036 prestare
598 953 631 1014 in
656 952 771 1014 eodem
802 950 941 1013 termino
972 948 1061 1030 quod
1093 948 1278 1012 residuitate
1308 947 1442 1030 pecunie
1468 959 1564 1028 prout
1587 957 1696 1006 contra

419 1059 552 1122 'eadem
577 1059 779 1142 proponebat
802 1057 863 1118 sibi
888 1075 953 1117 non
978 1055 1184 1136 obligaretur,
1209 1054 1269 1116 sibi
1294 1053 1464 1117 similibus.

547 1183 624 1244 item
645 1181 787 1244 seniores
807 1180 929 1262 judices
951 1180 983 1240 in
1008 1197 1102 1241 causa
1119 1179 1201 1240 inter
1223 1179 1410 1260 magistrum
1428 1177 1609 1239 Fabianum
1631 1195 1701 1258 pro·

439 1303 618 1351 curatorem
642 1287 819 1350 liberorum
851 1285 989 1348 condam
1014 1283 1134 1346 Mathie
1158 1286 1275 1346 sutoris
1307 1299 1338 1346 et
1361 1284 1527 1348 dominam
1562 1283 1699 1344 Katham

439 1394 518 1456 alias
542 1393 670 1456 racione
693 1391 861 1456 cuiusdam
885 1392 979 1454 vinee
1012 1405 1134 1454 motam
1166 1391 1261 1454 etad
1286 1391 1428 1453 seniores
1460 1404 1632 1472 receptam,
1655 1408 1702 1451 se·

439 1501 545 1563 niores
568 1499 759 1582 judicarunt,
790 1499 866 1582 quia
898 1499 967 1580 ipsa
997 1497 1103 1560 Katba
1134 1499 1336 1579 proponebat
1366 1511 1476 1560 contra
1514 1497 1702 1576 magistrum

440 1607 632 1686 Fabianum,
653 1606 742 1688 quod
767 1607 846 1668 alias
877 1627 895 1668 s
926 1604 1122 1667 colleccione
1152 1605 1246 1668 vinee
1274 1605 1308 1666 in
1331 1604 1492 1666 territorio
1523 1603 1584 1664 vici
1618 1601 1702 1666 Lsti·

440 1819 598 1904 judicium
622 1818 775 1882 facientes
805 1817 997 1900 judicarunt,
1029 1831 1065 1880 ut
1095 1817 1163 1900 ipsa
1193 1817 1296 1880 Katba
1320 1831 1435 1879 octavo
1467 1817 1520 1880 die
1543 1817 1703 1879 tenebitur

439 1941 578 2010 prestare
603 1927 819 2010 juramentum
836 1944 932 2007 super
956 1925 1099 2007 dampno
1116 1937 1245 1986 centum
1262 1924 1454 1986 cubulorum
1480 1937 1511 1985 et
1527 1923 1609 1985 ultra
1627 1941 1703 1999 non,

441 2033 497 2094 sed
522 2034 548 2094 si
573 2051 670 2115 super
693 2032 800 2094 minus
823 2031 904 2110 vult,
927 2031 1020 2110 bene,
1044 2043 1160 2112 potest.

548 2156 626 2220 Item
658 2155 740 2218 inter
771 2155 958 2235 magistrum
991 2153 1169 2216 Fabianum
1203 2167 1234 2216 et
1266 2153 1467 2217 Clementem
1493 2174 1529 2216 ac
1564 2153 1704 2234 judicem

440 2263 601 2326 Andream
627 2281 740 2346 pacem
765 2261 900 2324 fecimus
923 2262 957 2322 in
981 2281 1077 2324 causa
1101 2261 1229 2324 racione
1254 2262 1346 2323 bovis
1369 2274 1467 2325 mota.

519 2499 617 2575 Ferla
644 2510 743 2575 sexta
771 2505 926 2592 proxima
965 2509 1044 2574 ante
1071 2502 1194 2574 festam
1223 2503 1398 2574 beatorum
1427 2498 1563 2572 Fabiani
1594 2508 1628 2572 et

873 2627 1061 2698 Sebastinni
1090 2629 1283 2699 martimm.

951 2798 1015 2878 (17.
1031 2801 1198 2876 anuan'r').

550 2953 630 3017 Item
655 2953 836 3036 Stephanus
852 2953 973 3037 juratus
990 2955 1118 3018 Keneht
1142 2955 1245 3018 dictus
1261 2969 1291 3018 et
1309 2956 1399 3017 Hans
1422 2955 1594 3037 calcaripar
1623 2953 1705 3036 jura·

442 3073 561 3140 menta,
585 3059 663 3122 alias
690 3059 842 3123 videlicet
873 3059 951 3122 feria
975 3075 1062 3123 sexta
1092 3063 1237 3144 proxime
1261 3061 1410 3145 preterita
1435 3080 1492 3144 per
1515 3061 1637 3142 juratos
1661 3059 1704 3120 eis

441 3165 633 3248 adjudicata,
656 3186 712 3228 sua
731 3167 935 3249 prestiterunt
947 3167 1136 3250 juramenta,
1154 3169 1220 3251 ipse
1236 3168 1386 3231 videlicet
1404 3167 1584 3251 Stephanus
1601 3167 1636 3228 in
1655 3185 1704 3244 eo,

442 3271 530 3353 quod
563 3271 653 3332 Hans
686 3271 891 3334 medietatem
923 3273 1086 3355 porcionis
1118 3294 1175 3336 sue
1208 3274 1325 3336 domus
1348 3274 1408 3356 ipsi
1433 3273 1597 3357 Stephano
1632 3291 1704 3354 pro·

437 3377 573 3459 priasset
588 3397 647 3439 nec
664 3397 722 3460 pro
737 3378 845 3460 precio
860 3379 935 3440 dato
948 3393 1003 3442 aut
1015 3379 1123 3442 dando
1140 3380 1289 3460 dedisset,
1307 3379 1449 3463 prefatus
1466 3400 1596 3462 quoque
1617 3380 1705 3441 Hans

442 3483 474 3544 in
500 3503 549 3562 eo,
574 3484 662 3565 quod
694 3504 753 3565 pro
784 3484 897 3547 eadem
929 3487 1153 3569 propriacione
1181 3489 1221 3550 ab
1254 3489 1324 3570 ipso
1349 3487 1514 3570 Stephano
1537 3477 1638 3570 precii
1663 3486 1706 3548 nil

442 3590 621 3672 recepisset,
645 3590 700 3651 sed
725 3592 846 3673 absque
870 3593 959 3654 omni
983 3594 1091 3676 precio
1116 3593 1222 3656 eidem
1247 3595 1449 3676 propriasset.

550 3695 628 3758 Item
654 3696 816 3760 Johannes
839 3713 940 3761 sartor
964 3713 1072 3762 contra
1091 3701 1283 3762 Michaelem
1307 3700 1346 3762 de
1366 3701 1494 3782 Rugusa
1517 3719 1610 3762 suum
1638 3721 1706 3783 pre-

442 3802 521 3864 stitit
544 3800 760 3884 jursmentum
777 3804 856 3865 alias
871 3805 1056 3886 supradicto
1079 3807 1219 3868 termino
1236 3807 1342 3869 eidem
1366 3807 1596 3888 adjudicatum,
1615 3805 1704 3889 quod

442 3909 510 3991 ipse
534 3927 600 3970 non
623 3909 776 3989 scivisset,
800 3911 888 3991 quod
906 3931 1031 3992 pannus
1055 3931 1112 3994 per
1133 3913 1238 3996 ipsum
1255 3913 1340 3995 apud
1359 3913 1498 3974 eundem
1522 3913 1704 3976 Johannem

441 4026 594 4095 repertus,
619 4034 683 4076 non
707 4035 766 4097 pro
798 4017 934 4098 pecunia
965 4015 1081 4080 furtiva
1109 4032 1330 4101 comparatum
1361 4019 1514 4098 scivisset,
1538 4019 1702 4102 predictus

443 4119 580 4182 Michael
603 4120 677 4183 ideo
702 4122 840 4183 eundem
865 4124 1027 4186 commisit
1050 4124 1245 4208 expeditum.

548 4225 627 4288 Item
652 4228 809 4289 Martinus
832 4242 934 4290 sartor
957 4224 1066 4292 contra
1096 4230 1260 4294 Thomam
1285 4230 1464 4313 Ochwir(k)
1487 4231 1704 4311 juramentum

442 4331 520 4394 alias
543 4333 682 4394 termino
706 4353 771 4416 quo
795 4353 890 4416 supra
914 4336 975 4397 sibi
1000 4337 1229 4419 adjudicatum,
1255 4338 1288 4399 in
1309 4357 1348 4400 eo
1372 4338 1523 4421 deposuit
1546 4339 1706 4420 juramen·

442 4449 522 4517 turn,
553 4437 642 4519 quod
674 4439 741 4522 ipse
765 4440 928 4522 quandam
960 4463 1089 4505 vaccam
1123 4444 1222 4526 ipsius
1254 4444 1383 4508 Thorne
1414 4445 1447 4506 in
1482 4445 1623 4528 dampno
1648 4464 1705 4507 suo

443 4543 670 4623 demactasset;
696 4545 769 4607 ideo
793 4547 933 4608 eundem
957 4549 1119 4612 commisit
1142 4550 1338 4632 expeditum.

551 4669 629 4732 Item
649 4683 715 4732 tota
734 4672 948 4734 communitas
965 4693 1064 4734 unum
1083 4693 1204 4755 equum
1221 4675 1286 4736 albi
1303 4675 1420 4737 coloris
1437 4676 1515 4738 alias
1531 4696 1548 4737 a
1566 4674 1705 4758 Gyuano

446 4794 505 4857 pro
540 4775 655 4838 debitis
687 4777 825 4839 Emerici
857 4779 946 4860 parvi
980 4779 1130 4843 videlicet
1160 4781 1332 4843 duodecim
1365 4782 1470 4863 pensis
1503 4781 1705 4844 denariorum

443 4882 538 4943 nobis
562 4883 740 4964 propinatis
764 4899 938 4966 receptum,
964 4905 1026 4967 que
1059 4887 1166 4949 debita
1196 4888 1328 4969 quidam
1361 4889 1575 4950 mercenarius
1606 4889 1704 4971 ipsius

443 4987 560 5071 Gyuan
585 4989 692 5050 eidem
719 4990 866 5052 Emerico
890 4993 1021 5073 exsequi
1047 4994 1268 5072 commisisset,
1286 5007 1317 5056 et
1340 4995 1507 5074 exquisitis
1533 4995 1632 5057 Paulo
1657 4995 1703 5076 ju·
