3740 5810
594 557 794 634 Ann01420.
817 591 862 600 -
884 571 916 635 4.
939 557 1068 619 octobris.
1423 575 1464 636 93

304 767 383 830 Item
409 767 502 848 jurati
519 766 754 848 adjudicarunt,
771 767 860 850 quod
884 781 999 830 octavo
1015 767 1067 830 die
1084 767 1274 830 Valentinus
1300 767 1462 830 Mszthich

197 887 308 935 contra
335 871 530 954 Gregorium
554 875 716 936 tenebitur
733 887 872 956 prestare
897 873 1112 954 juramentum
1137 873 1168 934 in
1194 893 1244 953 eo,
1269 874 1358 956 quod
1377 874 1463 936 idem

198 977 378 1060 Gregorius
401 981 517 1041 bovem
544 979 642 1062 ipsius
664 980 827 1042 Valentini
852 980 959 1043 eidem
984 999 1050 1041 non
1071 979 1276 1061 persolvisset
1300 999 1358 1042 nec
1376 981 1465 1042 resti-

197 1084 321 1164 tuisset,
348 1099 380 1148 et
402 1085 545 1147 secundo
569 1098 726 1167 quantum
755 1085 823 1168 ipse
847 1087 907 1148 bos
937 1086 1055 1162 valuit3
1080 1085 1121 1148 de
1143 1105 1209 1168 quo
1242 1085 1364 1167 judicio
1396 1086 1470 1168 ipse·

199 1190 377 1272 Gregorius
400 1211 466 1254 nou
490 1204 659 1254 contentus
683 1192 777 1254 traxit
800 1192 840 1254 ad
864 1193 1016 1256 seniores.

305 1298 384 1361 ltem
409 1298 571 1361 lohannes
603 1297 789 1362 Couachich
821 1313 930 1362 contra
956 1299 1047 1362 Frice
1076 1300 1250 1362 terminum
1274 1301 1394 1383 recepit
1417 1300 1457 1362 ad

198 1404 461 1486 respondendum
487 1405 518 1466 in
543 1405 649 1487 primo
673 1405 803 1487 judicio.

306 1511 385 1574 ltem
418 1510 571 1574 Clemens
595 1511 753 1573 Praudich
785 1523 894 1574 contra
927 1511 1094 1574 Elizabeth
1127 1513 1271 1575 relictam
1307 1512 1465 1574 Thomlin

198 1619 303 1700 primo
325 1619 440 1681 citatus
462 1637 527 1679 non
552 1617 742 1700 comparuit.

305 1723 385 1787 ltem
409 1737 524 1786 octavo
548 1724 600 1785 die
632 1724 741 1786 relicta
773 1723 897 1786 Martha
930 1724 1058 1786 Andree
1082 1738 1191 1786 contra
1224 1724 1388 1788 Thomam
1412 1745 1459 1788 se·

198 1831 303 1892 cunda
328 1851 362 1892 se
386 1830 547 1892 tenebitur
570 1843 709 1912 prestare
732 1829 959 1912 juramentum,
989 1831 1078 1912 quod
1103 1831 1170 1914 ipsa
1194 1831 1291 1894 nullis
1315 1833 1459 1914 pecuniis

201 1938 262 2000 sibi
287 1937 461 2018 obligatur,
493 1936 549 1996 sed
574 1936 605 1997 in
636 1937 727 1998 totali
752 1937 883 1998 accione
908 1936 1006 2019 ipsius
1030 1937 1159 1999 Thome
1184 1951 1265 2001 esset
1290 1937 1461 2014 innocens;

199 2046 239 2106 de
263 2063 330 2126 quo
354 2042 474 2124 judicio
500 2042 585 2104 idem
611 2041 757 2104 Thomas
781 2061 845 2104 non
870 2055 1039 2104 contentus
1062 2043 1155 2104 traxit
1178 2042 1217 2104 ad
1242 2044 1394 2106 seniores.

307 2149 384 2211 ltem
407 2160 522 2210 octavo
547 2147 599 2210 die
623 2147 707 2209 lwan
732 2148 873 2210 decsnus
896 2160 1006 2210 contra
1030 2148 1239 2210 Valentinum
1263 2148 1386 2231 pridem
1414 2148 1461 2230 ju·

200 2269 315 2334 ratum,
333 2254 421 2336 quod
440 2254 526 2316 idem
548 2253 739 2316 Valentinus
762 2255 822 2315 sibi
847 2254 886 2315 ad
911 2254 1071 2316 racionem
1097 2253 1270 2316 duodecim
1288 2273 1462 2336 pensarum

199 2361 257 2422 sibi
276 2380 342 2422 non
366 2359 506 2422 dedisset
530 2372 562 2422 et
585 2360 760 2441 sextaginta
785 2359 942 2422 denarios.
967 2362 1044 2439 (sic).

305 2466 384 2528 Item
416 2465 509 2548 jurati
541 2465 765 2548 adjudicarunt
797 2467 829 2527 in
860 2486 954 2527 causa
987 2467 1068 2528 inter
1099 2466 1239 2546 judicem
1263 2481 1294 2528 et
1318 2465 1466 2528 relictam

201 2571 412 2652 Sigismundi,
445 2585 479 2634 ut
503 2573 536 2633 in
567 2573 673 2654 primo
704 2572 824 2654 judicio
856 2573 950 2634 ambe
982 2585 1086 2655 partes
1117 2572 1185 2654 jura
1214 2585 1245 2633 et
1269 2572 1466 2634 documenta

201 2679 377 2759 producere
401 2679 606 2740 tenebuntur.

305 2784 384 2846 ltem
408 2783 501 2866 jurati
526 2782 750 2866 adjudicarunt
773 2797 808 2846 ut
835 2804 929 2846 causa
962 2785 1043 2846 inter
1068 2783 1254 2866 magistrum
1281 2783 1462 2846 Fabianum

202 2903 231 2952 et
254 2891 417 2952 Andream
442 2889 582 2972 judicem
599 2891 728 2953 racione
752 2891 843 2954 bovis
867 2890 907 2953 ad
924 2891 1099 2954 adventum
1117 2889 1294 2953 Clementis
1318 2903 1349 2951 et
1366 2890 1462 2951 Eme-

202 2996 257 3057 rici
282 2996 399 3058 debeat
422 2997 601 3079 prorogari.

336 3229 435 3305 Ferit
461 3239 561 3305 sexta
588 3235 743 3324 proxima
770 3241 849 3306 ente
876 3233 1000 3306 festum
1027 3233 1117 3305 beati
1146 3233 1317 3304 Demetrii.

732 3383 779 3466 (4.
802 3384 946 3468 orchis).

307 3524 386 3586 ltem
410 3544 505 3587 causa
529 3525 611 3588 inter
629 3525 803 3588 Martinum
827 3539 969 3589 sutorem
994 3539 1025 3588 et
1049 3525 1134 3588 lwan
1152 3524 1314 3588 decenum
1343 3538 1468 3608 recepta

203 3643 248 3692 est
272 3630 313 3692 ad
339 3649 451 3712 pacem
475 3630 515 3692 ad
540 3631 681 3714 primum
705 3629 870 3712 judicium.

306 3735 386 3798 ltem
396 3755 475 3798 uxor
484 3736 569 3798 lwan
580 3735 660 3800 labri
671 3749 780 3799 contra
790 3736 967 3819 Georgium
977 3738 1081 3821 primo
1095 3737 1189 3799 citata
1198 3756 1263 3798 non
1278 3736 1466 3819 comparuit.

305 3841 386 3903 ltem
400 3841 555 3926 Gy(u)relr
570 3856 659 3904 sutor
675 3855 785 3905 contra
795 3843 932 3906 Paulum
948 3843 1131 3926 sagiparum
1147 3842 1253 3925 primo
1270 3843 1383 3905 citatus
1401 3862 1466 3905 non

200 3947 392 4030 comparuit.

305 4052 385 4115 Item
409 4053 503 4135 jurati
520 4053 754 4136 adjudicarunt,
772 4053 860 4136 quod
884 4053 959 4135 quia
976 4053 1087 4116 Petrus
1104 4051 1192 4115 faber
1216 4053 1248 4114 in
1266 4073 1360 4116 causa
1378 4053 1461 4115 inter

200 4161 305 4243 ipsum
330 4173 417 4222 mota
442 4171 473 4221 et
497 4159 732 4243 Margaretham
757 4159 901 4222 relictam
926 4159 1045 4240 heims,
1069 4160 1148 4222 alias
1172 4172 1265 4222 testes
1282 4158 1461 4242 producere

200 4266 373 4349 assumpsit
397 4279 428 4329 et
451 4285 516 4328 non
541 4265 702 4348 produxit,
726 4267 892 4328 accionem
916 4265 1031 4328 amisit.

308 4371 387 4434 ltem
414 4371 507 4453 jurati
531 4371 755 4454 adjudicarunt
779 4384 888 4434 contra
912 4372 1075 4434 Andream
1092 4370 1195 4434 filium
1220 4371 1304 4434 Petri
1330 4369 1462 4454 Saphar,

201 4491 235 4540 ut
266 4477 512 4560 quintodecimo
542 4477 619 4561 (die)
650 4477 811 4541 tenebitur
842 4497 940 4561 penes
972 4479 1090 4540 dictam
1122 4481 1198 4558 (sic),
1229 4477 1318 4562 quod
1351 4477 1463 4540 Petrus

203 4597 293 4666 pater
316 4582 448 4646 Andree
480 4582 623 4666 Georgio
654 4583 794 4666 sellipari
823 4585 991 4646 tenebatur
1014 4583 1102 4645 XVll
1126 4583 1252 4666 pensis,
1284 4582 1467 4664 dequibus

203 4690 262 4751 sibi
290 4687 390 4752 nichil
414 4689 636 4772 persolvisset3
661 4702 692 4751 et
715 4690 782 4772 ipse
806 4689 900 4752 traxit
923 4689 963 4750 ad
988 4689 1139 4752 seniores.

312 4795 389 4858 ltem
415 4794 510 4876 jurati
527 4794 762 4877 adjudicarunt,
787 4795 875 4877 quod
893 4793 1075 4877 Stephanus
1092 4793 1224 4856 Ochech
1247 4805 1279 4856 et
1302 4793 1371 4856 eius
1388 4811 1468 4856 uxor

206 4901 452 4983 quintodecimo
469 4901 531 4980 die,
556 4901 693 4983 quilibet
709 4920 820 4964 eorum
845 4901 945 4963 tercio
969 4919 1002 4962 se
1018 4901 1213 4962 tenebuntur
1228 4913 1368 4982 prestare
1384 4898 1467 4982 jura·
1522 4914 1528 4926 ’

205 5021 366 5086 mentum,
390 5006 479 5088 quod
503 5007 563 5090 ipsi
580 5026 629 5068 res
654 5005 854 5089 Margarethe
871 5007 981 5070 relicte
999 5006 1130 5090 Mathey
1147 5025 1212 5068 noo
1230 5005 1468 5070 subtraxissent.
