3852 5820
624 562 711 620 Anno
734 559 825 640 1416.
851 597 891 608 -
915 579 966 626 20.
991 567 1119 626 octobris.
1464 591 1501 651 35

245 666 307 671 .---
335 666 511 673 .———
861 671 1160 679 ———.-..--—-——-
1183 674 1394 682 ---.--....-
1428 677 1503 684 ---.-.

294 775 391 851 Feria
420 782 527 853 tercia
555 783 815 872 proximasset
843 783 965 856 festum
994 785 1082 856 beati
1112 786 1196 860 Luce
1224 789 1449 876 ewangeliste.

754 943 822 1016 (20.
846 936 990 1018 octobris).

348 1074 427 1137 Item
460 1094 553 1138 causa
585 1075 716 1138 domine
749 1076 916 1139 Elizabeth
951 1077 1059 1140 relicte
1092 1077 1264 1160 Oamonog
1289 1092 1320 1142 et
1352 1079 1503 1142 Kathale-

242 1180 365 1262 nychke
389 1182 527 1263 pistricis
551 1202 670 1264 panum
695 1182 736 1244 ad
760 1197 910 1246 octavum
939 1183 1025 1244 diem
1051 1183 1091 1244 ad
1115 1203 1227 1266 pacem
1251 1197 1298 1246 est
1320 1199 1457 1268 recepta.

348 1287 426 1348 Item
464 1288 565 1349 Elena
605 1287 880 1372 Matheychychna
912 1289 1021 1350 relicta
1058 1289 1211 1371 Stephani
1246 1290 1361 1352 literati
1394 1305 1503 1354 contra

240 1392 376 1454 Paulum
403 1393 505 1456 Toto
528 1393 667 1474 juratum
693 1394 896 1471 modernum,
921 1393 999 1456 feria
1026 1408 1113 1456 sexta
1146 1415 1230 1458 nunc
1255 1397 1399 1478 proxime
1424 1417 1499 1460 ven-

240 1512 310 1560 tura
335 1499 432 1561 tercia
456 1520 490 1560 se
514 1499 701 1562 concivibus
717 1499 834 1582 jurabit
850 1519 946 1582 super
967 1520 1016 1578 eu,
1042 1515 1076 1562 ut
1093 1502 1198 1582 ipsum
1215 1521 1281 1564 non
1299 1502 1502 1584 vituperavit.

346 1605 425 1668 item
458 1626 551 1668 causa
585 1605 709 1689 Gaspar
736 1605 830 1688 jurati
864 1605 920 1668 filii
954 1606 1086 1689 Myclini
1119 1606 1233 1687 judicis
1257 1620 1292 1668 ut
1324 1609 1440 1669 actoris
1472 1623 1503 1670 et

242 1711 408 1774 Benedicti
438 1713 668 1794 consanguinei
699 1712 820 1774 Vrbani
852 1713 1003 1795 Jansetyn
1036 1711 1076 1774 ad
1109 1713 1249 1796 primum
1281 1711 1436 1792 judicium
1461 1713 1502 1776 ad

240 1837 351 1900 pacem
376 1831 423 1881 est
447 1833 584 1902 recepta.

345 1925 425 1988 Item
450 1946 544 1988 causa
567 1925 730 1989 Valentini
754 1925 847 2007 jurati
880 1925 1027 1987 moderni
1057 1937 1091 1986 ut
1115 1925 1230 1987 actoris
1254 1939 1285 1988 et
1307 1925 1371 1988 filie
1397 1926 1499 1989 Ciffus

241 2032 399 2094 consortis
415 2031 545 2094 Thome
570 2033 699 2094 sartoris
716 2031 756 2093 ad
773 2033 914 2114 primum
936 2030 1092 2114 judicium
1115 2033 1155 2094 ad
1173 2052 1284 2113 pacem
1302 2048 1348 2095 est
1367 2047 1502 2116 recepta.

343 2137 422 2200 item
459 2139 604 2200 Andreas
639 2137 742 2200 dictus
777 2137 974 2220 Ztepkouich
1011 2151 1122 2200 contra
1163 2137 1341 2219 Georgium
1378 2139 1500 2202 dictum

240 2243 398 2305 chhech
421 2244 527 2326 primo
555 2245 668 2307 citatus
692 2263 757 2306 non
782 2245 972 2326 comparuit.

346 2349 423 2412 Item
438 2350 530 2426 iurati
547 2349 770 2432 judicaverunt
782 2350 815 2412 in
829 2348 912 2412 facto
929 2348 1164 2412 interfeccionis
1181 2350 1347 2412 cuiusdam
1367 2350 1501 2433 scrophe

240 2456 339 2539 ipsius
363 2456 518 2518 Johannis
541 2455 656 2538 judicis
681 2457 787 2536 Bozo,
813 2457 997 2538 peripsum
1024 2457 1158 2519 Paulum
1184 2455 1286 2519 filium
1312 2457 1428 2540 Gyuan
1454 2458 1501 2538 ju-

240 2563 319 2624 dicis
343 2563 413 2625 sine
436 2563 579 2644 dampno
603 2562 780 2642 interfecte,
804 2576 839 2624 ut
870 2563 936 2644 ipse
968 2562 1129 2624 Johannes
1153 2564 1241 2624 Bozo
1265 2561 1360 2644 judex
1385 2577 1499 2625 octavo

240 2669 290 2730 die
315 2669 434 2750 jurabit
457 2669 545 2731 solus
569 2683 725 2751 quantum
749 2669 859 2732 valuit.

345 2775 424 2837 Item
448 2773 542 2857 jurati
567 2773 789 2856 judicaverunt
820 2789 855 2836 ut
886 2775 1017 2837 domina
1053 2774 1228 2837 Kathetina
1261 2776 1370 2838 relicta
1404 2777 1501 2860 Sigis-

240 2881 352 2943 mundi
377 2881 409 2942 in
434 2882 539 2963 primo
562 2881 683 2961 judicio
708 2881 864 2964 producet
890 2881 1129 2943 testimonium:
1154 2881 1334 2943 Johaonem
1358 2881 1498 2960 juratum

241 2987 411 3068 Zigechak‚
435 3001 466 3050 et
490 2987 655 3049 dominam
674 2988 867 3071 Saluagyam
892 3001 1000 3048 contra
1018 2987 1254 3072 commissarios
1278 2987 1415 3050 condam
1441 2989 1496 3052 Se·

240 3093 375 3156 bastiani
407 3093 606 3171 scamnimii,
638 3107 673 3156 ut
704 3093 763 3176 ipsi
795 3107 959 3174 tamquam
999 3105 1093 3154 testes
1124 3093 1235 3154 dicunt
1269 3093 1434 3156 veritatem
1472 3095 1497 3156 si

240 3199 403 3282 quoddam
422 3198 520 3262 fenile
544 3219 616 3261 cum
633 3213 714 3261 terra
739 3199 850 3262 arabili
868 3199 919 3261 vel
938 3201 1059 3281 absque
1076 3213 1157 3260 terra
1182 3199 1287 3260 eidem
1306 3199 1495 3264 Sebastiano

239 3307 402 3369 venditum
428 3304 499 3368 fuit.

343 3413 421 3476 Item
454 3411 547 3494 jurati
578 3411 800 3494 judicaverunt
821 3411 903 3473 inter
935 3411 1133 3494 Stephanum
1166 3411 1327 3473 literatum
1361 3411 1400 3473 de
1426 3412 1497 3475 vico

240 3520 428 3582 Latinorum
452 3533 482 3581 et
507 3519 654 3598 Paulum,
678 3531 713 3580 ut
736 3519 804 3601 ipse
821 3517 939 3580 Paulus
963 3531 1077 3579 octavo
1094 3517 1146 3579 die
1170 3518 1269 3579 tercio
1294 3537 1327 3578 se
1353 3519 1498 3600 personis

238 3625 355 3707 jurabit
378 3637 487 3687 contra
505 3624 644 3687 eundern
662 3624 860 3707 Stephanum
877 3623 1039 3685 literatum
1056 3643 1151 3706 super
1172 3643 1221 3701 eo,
1239 3637 1273 3684 ut
1297 3621 1496 3686 forticinium

240 3733 271 3793 in
287 3731 353 3794 suis
365 3733 460 3793 rebus
473 3750 537 3792 non
551 3729 636 3808 fecit,
660 3729 763 3792 sedin
780 3729 931 3791 omnibus
948 3729 1133 3790 accionibus
1156 3729 1221 3790 suis
1235 3729 1389 3790 innocens
1406 3743 1497 3794 esset.

343 3839 422 3900 Item
448 3836 577 3899 Lachko
601 3835 686 3898 filius
709 3835 835 3898 Nicolai
859 3833 1011 3896 aurifabri
1039 3848 1148 3896 contra
1174 3833 1353 3896 iohannem
1379 3833 1498 3897 Pehem

176 4011 181 4018 ι
239 3946 341 4028 primo
373 3945 486 4006 citatus
507 3962 572 4005 non
597 3943 786 4024 comparuit.

343 4050 423 4113 Item
448 4049 600 4112 Clemens
627 4063 727 4111 sartor
758 4048 841 4110 filius
865 4048 963 4110 Marci
997 4045 1238 4109 Cheroinouich
1271 4057 1379 4106 contra
1416 4045 1498 4106 Mar·

238 4157 340 4219 tinum
365 4155 468 4218 filium
493 4155 577 4218 Petri
603 4153 797 4236 Plemenych
822 4154 927 4236 primo
952 4153 1066 4215 citatus
1090 4172 1154 4214 non
1181 4151 1370 4234 comparuit.

344 4261 422 4323 Item
446 4260 636 4323 Valentinus
653 4261 804 4344 Fratrych
829 4258 968 4322 carnifex
992 4273 1102 4321 contra
1121 4259 1295 4321 Martinum
1322 4255 1498 4340 Goychech

238 4371 341 4453 primo
365 4368 479 4430 citatus
500 4387 565 4429 non
587 4369 777 4450 comparuit.

343 4475 422 4537 ltem
456 4473 573 4555 jurabit
604 4471 780 4536 Damianos
813 4471 1011 4554 Hocheuych
1041 4471 1129 4532 solus
1160 4483 1273 4532 octavo
1307 4469 1358 4530 die
1390 4483 1498 4530 contra

239 4582 390 4645 Cosmam
416 4580 607 4663 aucupicem
631 4599 726 4662 super
750 4599 800 4659 eo,
824 4593 859 4642 ut
883 4581 988 4661 ipsum
1010 4598 1075 4639 non
1100 4577 1304 4660 vituperavit,
1327 4575 1382 4636 sed
1407 4574 1499 4636 inno·

238 4707 311 4752 cens
335 4701 428 4751 esset.

343 4794 422 4856 Item
454 4791 546 4874 jurati
578 4791 800 4873 judicaverunt
830 4805 866 4853 ut
897 4810 990 4852 causa
1016 4791 1097 4851 inter
1131 4789 1271 4850 Blasium
1298 4787 1401 4849 filium
1427 4788 1497 4869 My·

237 4903 354 4966 chaelis
370 4900 582 4984 Dragychych
599 4913 634 4961 ut
650 4913 789 4961 actorem
804 4919 839 4960 ac
857 4898 1018 4959 Andream
1037 4895 1139 4958 filium
1159 4897 1240 4956 Petri
1259 4895 1297 4955 de
1317 4893 1499 4971 Branouch,

237 5009 304 5071 viso
320 5021 513 5071 testamento
538 5005 682 5069 eiusdem
701 5005 838 5067 condam
854 5003 1039 5087 Mychaelis,
1061 5003 1093 5064 in
1112 5002 1195 5063 facto
1213 5001 1329 5063 domus
1354 5001 1395 5061 ita
1412 4999 1499 5062 vide·
