3734 5796
353 564 416 628 344
746 547 833 605 Anno
855 561 946 624 1441.
973 581 1013 591 -
1037 561 1087 608 [ο.
1111 548 1220 607 martii.

462 759 540 820 Item
573 759 648 840 quia
674 759 836 820 lohannes
860 758 1107 820 Tbeuthonicus
1126 755 1212 820 filius
1236 757 1438 840 Redajchhar
1462 759 1502 820 de
1526 759 1621 820 Frid-

354 866 434 926 berk
460 866 581 946 absque
605 865 694 926 omni
718 877 881 926 tormento
905 864 994 940 dixit,
1016 863 1104 945 quod
1129 863 1196 945 ipse
1213 863 1401 946 depredavit
1423 884 1497 926 cum
1521 866 1620 927 sociis

352 971 418 1032 suis
442 970 640 1052 Raphaelem
665 968 767 1032 filium
793 969 948 1031 lobannis
971 968 1028 1031 filii
1054 969 1206 1050 Stephani
1237 970 1313 1031 dicti
1337 971 1426 1032 Bozo
1451 972 1619 1033 concivem

352 1091 509 1154 nostrum,
534 1090 564 1138 et
587 1076 692 1137 eidem
719 1075 858 1138 iohanni
875 1075 1002 1157 gladius
1026 1075 1161 1157 predicti
1179 1075 1352 1158 Raphaelis
1377 1077 1469 1139 cessit
1493 1077 1524 1138 in
1543 1097 1618 1159 por·

352 1183 481 1246 cionem
505 1201 596 1244 suam
621 1182 846 1244 divisionalem
871 1183 902 1243 in
936 1181 1079 1244 valorem
1110 1183 1272 1263 sexaginta
1304 1183 1493 1262 solidorum,
1518 1204 1617 1265 quem

352 1289 498 1370 gladium
523 1289 609 1350 idem
634 1287 780 1370 Raphael
804 1289 885 1350 circa
918 1288 1058 1350 eundem
1089 1287 1269 1350 lohannem
1294 1289 1559 1352 Tbeuthonicum
1584 1291 1618 1351 in

353 1396 479 1458 civitate
503 1409 611 1457 nostre
635 1395 846 1458 habitacionis
869 1395 1010 1477 predicta
1034 1395 1197 1477 reperiens
1214 1396 1431 1477 recaptivavit,
1456 1410 1486 1458 et
1510 1398 1618 1478 ipsum

353 1503 534 1564 lohannem
559 1516 724 1584 tamquam
748 1501 993 1583 depredatorem
1017 1520 1110 1562 suum
1136 1501 1332 1583 periuratos
1356 1502 1490 1564 detineri
1516 1515 1547 1564 et
1571 1503 1619 1563 in-

357 1609 509 1671 carcerari
528 1607 612 1686 lecit,
630 1622 660 1668 et
676 1627 772 1691 super
790 1607 904 1668 eodem
922 1627 939 1668 a
957 1607 1051 1668 nobis
1067 1607 1182 1669 exinde
1198 1607 1323 1688 justicie
1341 1609 1617 1697 gomplementum

358 1715 502 1796 inpertiri
527 1714 718 1796 postulavit;
742 1727 773 1775 et
797 1713 872 1794 quia
890 1713 990 1774 eciam
1012 1711 1098 1774 idem
1116 1712 1278 1774 lohannes
1294 1714 1415 1795 absque
1439 1715 1527 1776 omni
1552 1727 1617 1775 tor·

354 1835 466 1884 mento
491 1821 571 1881 dixit
594 1819 723 1902 publice
747 1839 855 1881 coram
881 1819 991 1900 juratis
1017 1839 1053 1881 ac
1077 1819 1183 1901 judice
1215 1833 1246 1881 et
1269 1821 1479 1882 assessoribus
1503 1840 1616 1882 eorum

354 1929 386 1990 in
412 1928 487 1990 sede
512 1941 619 1989 nostra
644 1927 822 2008 judiciaria,
847 1925 935 2007 quod
960 1926 992 1986 in
1018 1927 1085 2008 ipsa
1117 1926 1350 2008 depredacione
1374 1927 1486 1988 habuit
1510 1927 1618 2008 plures

353 2035 458 2097 socios
482 2048 513 2096 et
537 2033 626 2115 quod
651 2053 724 2094 cum
751 2033 826 2115 ipsis
850 2032 951 2094 eciam
971 2031 1078 2113 plures
1102 2030 1249 2094 homines
1266 2032 1462 2115 depredavit,
1487 2046 1517 2093 et
1542 2033 1618 2114 quia

353 2141 455 2202 eciam
480 2140 642 2222 predictus
666 2137 810 2221 Raphael
833 2137 1049 2220 juramentum
1074 2137 1134 2200 sibi
1159 2138 1356 2220 periuratos
1379 2161 1474 2222 super
1498 2159 1538 2201 eo
1562 2139 1618 2200 ad·

355 2245 532 2328 judicatum
558 2245 675 2306 eodem
707 2244 807 2306 modo
838 2263 933 2325 super
964 2257 1059 2326 caput
1090 2245 1188 2326 ipsius
1220 2243 1375 2306 lobannis
1398 2245 1618 2307 Tbeuthonici

352 2352 503 2433 deposuit
525 2351 607 2412 sicut
630 2352 690 2412 sibi
715 2349 775 2412 luit
798 2349 1027 2432 adjudicatum,
1052 2349 1140 2432 quod
1169 2351 1235 2432 ipse
1260 2351 1422 2412 lohannes
1446 2350 1616 2413 Tbeutho-

353 2457 445 2519 nicus
468 2478 562 2520 verus
587 2478 663 2519 suus
687 2458 880 2540 depredator
904 2455 1014 2518 luisset
1050 2470 1081 2519 et
1105 2476 1179 2518 eum
1202 2457 1375 2518 certissime
1400 2457 1614 2538 depredasset,

352 2563 493 2644 ideoque
517 2564 656 2626 eundem
681 2563 859 2626 iohannem
886 2562 1149 2625 Tbeuthonicum
1182 2563 1267 2644 juxta
1298 2583 1356 2624 sua
1380 2563 1535 2626 demerita
1559 2563 1614 2624 de-

353 2670 512 2732 crevimus
529 2668 597 2730 lore
615 2669 889 2751 suspendendum,
914 2688 1011 2751 quem
1037 2668 1113 2730 leria
1130 2669 1225 2730 tercia
1250 2669 1396 2751 proxima
1413 2683 1486 2731 ante
1503 2668 1618 2732 festum

353 2774 504 2836 kathedre
529 2775 612 2836 beati
637 2775 719 2836 Petri
744 2775 881 2856 apostoli
913 2775 1058 2858 proxime
1090 2775 1235 2857 elapsum
1267 2777 1298 2836 in
1325 2776 1470 2858 patibulo
1502 2789 1611 2838 nostro

356 2882 521 2942 communi
546 2880 697 2962 suspendi
721 2880 856 2942 fecimus
879 2881 1003 2962 justicia
1027 2895 1228 2963 exposcente.

463 2987 541 3048 ltem
564 2988 640 3068 quia
671 2991 780 3068 Agnes
811 2988 927 3049 mulier
958 3007 1037 3049 uxor
1068 2988 1223 3068 legittima
1256 2987 1384 3050 Thome
1409 2988 1465 3050 lilii
1498 2989 1614 3071 Jarney

352 3094 493 3154 concivis
516 3094 615 3156 nostri
640 3114 726 3155 nunc
750 3095 781 3154 in
807 3094 950 3175 partibus
967 3093 1054 3154 ltalie
1079 3094 1252 3172 existentis,
1277 3095 1420 3156 concivis
1444 3109 1560 3172 nostra,
1579 3095 1610 3155 id

353 3218 426 3260 cum
451 3198 620 3262 sufficienti
645 3214 676 3261 et
699 3199 863 3281 fidedigno
888 3212 1069 3260 nostrorum
1088 3200 1270 3261 concivium
1286 3201 1472 3262 testimonio
1490 3201 1521 3261 in
1538 3201 1613 3262 aede

353 3319 461 3367 nostra
485 3305 648 3386 judiciaria
674 3306 757 3367 clare
781 3325 888 3394 goram
913 3305 1007 3366 nobis
1028 3306 1059 3366 in
1076 3305 1196 3388 judicio
1220 3307 1452 3388 comprobavit,
1477 3321 1511 3368 ut
1535 3307 1612 3368 dum

352 3409 493 3493 prefatus
517 3411 662 3472 Thomas
687 3413 819 3472 maritus
842 3411 1018 3492 legittimus
1051 3412 1150 3492 ipsius
1173 3413 1307 3492 Agnetis
1337 3411 1482 3473 mulieris
1506 3432 1614 3473 versus

355 3518 513 3598 predictas
525 3531 630 3599 partes
648 3518 734 3580 ltalie
752 3515 913 3598 proiectus
929 3518 1090 3595 extitisset,
1107 3531 1183 3580 tunc
1201 3517 1266 3599 ipse
1284 3519 1457 3598 quamdam
1484 3518 1611 3579 vineam

354 3641 444 3683 suam
469 3623 499 3683 in
524 3623 684 3684 territorio
708 3623 844 3684 civitatis
867 3622 1009 3704 predicte
1033 3623 1114 3684 inter
1142 3625 1251 3685 vineas
1276 3625 1408 3685 Fabiani
1435 3623 1555 3706 llichky
1582 3638 1613 3686 et

359 3726 491 3808 Georgii
516 3728 591 3790 dicti
617 3728 790 3790 Ztanchicb
815 3729 968 3807 habitam,
996 3747 1069 3790 cum
1093 3729 1158 3790 suis
1189 3729 1394 3810 pertinenciis
1417 3729 1556 3790 vendere
1580 3744 1611 3790 et

357 3854 389 3895 se
415 3835 515 3915 ipsam
540 3853 612 3895 cum
637 3835 757 3897 eisdem
782 3835 926 3916 pecuniis
950 3836 1070 3896 nutrire
1094 3855 1130 3897 ac
1147 3833 1228 3895 facta
1252 3854 1308 3896 sua
1332 3834 1393 3896 alia
1418 3835 1478 3895 sibi
1503 3854 1611 3896 neces·

355 3940 436 4001 saria
461 3940 632 4022 disponere
663 3941 909 4002 recommisisset
941 3941 1039 4002 libere
1071 3956 1102 4003 et
1132 3961 1241 4002 secure
1265 3942 1291 4002 si
1322 3961 1392 4002 eam
1418 3941 1522 4003 c'olere
1548 3961 1617 4003 non

356 4061 473 4127 posset,
497 4059 528 4107 et
551 4047 626 4128 quia
650 4047 762 4108 eadem
787 4051 896 4127 Agnes
919 4048 1035 4108 mulier
1059 4067 1092 4108 se
1117 4047 1216 4129 ipsam
1250 4067 1322 4108 cum
1347 4067 1412 4128 quo
1436 4047 1618 4109 nutrivisset

356 4173 421 4214 non
448 4153 565 4215 habere
590 4155 748 4214 asserebat
771 4173 806 4214 ac
832 4154 934 4235 ipsam
958 4153 1085 4214 vineam
1110 4154 1215 4215 colere
1239 4173 1304 4215 non
1330 4173 1422 4235 posse
1447 4153 1613 4232 referebat,

354 4259 492 4339 ideoque
517 4279 576 4319 nos
600 4259 774 4340 predictam
799 4259 926 4320 vineam
950 4278 1023 4320 curn
1047 4259 1112 4320 suis
1136 4259 1340 4340 pertinenciis
1364 4259 1471 4320 eidem
1497 4261 1615 4340 Agneti

356 4364 525 4425 statuimus
548 4364 751 4426 vendendam
775 4385 830 4426 seu
855 4364 1038 4425 vendicioni
1063 4365 1297 4446 exponendam.

461 4470 539 4532 ltem
569 4471 643 4552 quia
668 4471 821 4552 providus
852 4471 899 4531 vir
924 4469 1084 4552 Georgius
1107 4471 1237 4532 sellator
1268 4469 1352 4531 filius
1376 4469 1505 4531 Thome
1541 4489 1613 4532 con·

361 4575 439 4636 civis
464 4589 581 4655 noster,
606 4575 637 4637 id
662 4595 733 4637 cum
766 4575 935 4636 sufficienti
967 4589 998 4636 et
1030 4574 1193 4656 fidedigno
1225 4590 1408 4638 nostrorum
1438 4577 1618 4637 concivium

359 4681 545 4742 testimonio
571 4682 602 4742 in
627 4683 700 4743 sede
726 4694 831 4743 nostra
856 4681 1021 4762 judiciaria
1039 4683 1121 4743 clare
1145 4684 1367 4764 comprobavit
1383 4702 1491 4744 coram
1517 4682 1617 4759 nobis,

361 4800 397 4848 ut
422 4787 499 4847 dum
524 4789 676 4868 providus
699 4789 837 4849 condam
868 4788 916 4848 vir
939 4787 1122 4850 Anthonius
1154 4789 1295 4870 agricola
1327 4789 1359 4849 in
1384 4790 1534 4850 extremis
1556 4788 1617 4849 vite

356 4913 413 4954 sue
438 4895 624 4974 temporalis
647 4895 832 4973 laborasset,
857 4909 932 4956 tunc
957 4895 1022 4975 ipse
1048 4895 1220 4975 quemdam
1247 4895 1383 4956 lundum
1406 4915 1500 4957 suum
1524 4895 1618 4957 simul

355 5017 429 5059 cum
459 4997 558 5060 domo
583 4999 614 5061 in
640 5000 753 5061 eodem
780 5000 886 5062 habita
911 5001 943 5062 in
968 5001 1039 5061 vico
1064 5001 1201 5064 civitatis
1228 5001 1370 5086 predicte
1395 4985 1542 5064 exteriori
1567 5001 1619 5062 ha·
