3734 5796
860 525 1062 602 Auno1439-
1085 557 1129 568 --
1152 536 1201 600 15.
1225 524 1307 584 maia.

562 737 639 800 Item
664 737 756 818 jurati
781 736 1055 818 adjudicaverunt,
1089 737 1176 818 quod
1205 735 1451 798 Bartholomeus
1482 734 1659 816 agricultor
1681 734 1715 795 de

456 843 549 905 vinea
575 845 713 906 Emerici
739 843 797 906 filii
823 845 1048 928 Palitotaryew
1066 844 1126 904 sibi
1151 862 1208 925 per
1232 842 1369 905 eundern
1395 841 1580 904 Emericum
1605 841 1645 902 ad
1669 860 1716 901 co·

460 950 594 1012 lendum
619 951 703 1029 data,
728 951 759 1012 in
782 951 1038 1013 vindemiacione
1070 970 1205 1012 uvarum
1234 949 1378 1031 proxime
1409 963 1554 1026 ventura,
1580 961 1716 1010 mustum

456 1071 561 1120 totum
586 1071 715 1140 excepta
740 1057 865 1118 decima
889 1073 919 1120 et
943 1078 1039 1119 censu
1064 1056 1210 1134 montaII,
1234 1056 1382 1118 Emerico
1406 1054 1473 1116 filio
1488 1054 1574 1117 Galli
1600 1055 1718 1116 habita·

457 1165 517 1226 tori
544 1165 680 1226 civitatis
703 1164 799 1226 debet
824 1165 898 1225 dare
923 1183 980 1246 pro
998 1164 1108 1225 debito
1131 1177 1269 1244 quatuor
1293 1161 1363 1224 flor.
1387 1162 1467 1240 auri,
1492 1175 1523 1222 et
1546 1161 1572 1222 si
1590 1160 1718 1222 eoadem

457 1271 518 1332 hoc
541 1291 627 1332 auno
652 1290 717 1332 non
742 1271 941 1352 persolverit,
968 1283 1043 1332 tunc
1077 1269 1219 1331 secundo
1243 1288 1329 1329 anno
1361 1268 1525 1329 residuum
1549 1267 1718 1350 persolvet.

555 1523 653 1598 Feria
681 1532 780 1598 sexta
806 1529 962 1615 proxima
990 1533 1067 1616 post
1094 1526 1219 1597 lestum
1246 1521 1462 1597 Ascensionis
1491 1523 1633 1594 Domini.

996 1678 1060 1758 (15.
1084 1677 1180 1760 maia).

567 1820 645 1882 Item
669 1820 853 1882 Demetrius
878 1821 1003 1882 institor
1027 1819 1059 1880 in
1085 1820 1168 1881 lacto
1192 1821 1304 1880 decem
1329 1821 1398 1884 flor.
1424 1818 1493 1879 auri
1517 1817 1558 1878 ad
1583 1818 1720 1900 primum

465 1925 622 2006 judicium
637 1927 781 2008 proxime
791 1939 961 1988 venturum
972 1926 1103 2009 Mathye
1116 1927 1202 1988 dicto
1216 1927 1334 1987 Farltas
1345 1925 1507 1988 tenebitur
1519 1925 1720 2006 respondere.

567 2032 646 2094 Item
676 2033 866 2094 ValentInus
885 2032 1027 2094 firmator
1051 2052 1198 2094 vasorum
1216 2044 1326 2094 contra
1343 2032 1553 2094 Ambrosium
1577 2030 1617 2091 de
1636 2030 1720 2092 Odra

461 2139 604 2202 secundo
629 2139 741 2200 citatus
765 2159 829 2200 non
855 2138 1044 2221 comparuit.

568 2246 647 2308 Item
671 2245 862 2308 Valentinus
885 2245 1027 2308 firmator
1042 2264 1191 2306 vasorum
1213 2257 1323 2307 contra
1349 2244 1492 2306 Blasium
1516 2242 1718 2326 Berbechych

460 2351 603 2414 secundo
628 2353 741 2414 citatus
764 2372 830 2414 non
855 2352 1044 2434 comparuit.

566 2459 644 2522 Item
669 2479 796 2520 causam
822 2460 903 2520 inter
921 2458 1135 2520 Laurentium
1158 2471 1299 2520 sutorem
1325 2459 1417 2520 aliter
1440 2459 1558 2520 lansek
1575 2470 1717 2520 vocatum

459 2581 490 2628 et
513 2568 596 2628 inter
628 2565 819 2627 Michaelenn
851 2579 993 2626 sutorem
1025 2584 1180 2646 generum
1208 2565 1317 2648 Popelt
1342 2585 1398 2648 per
1431 2565 1626 2648 peticionem
1656 2583 1715 2626 cer·

460 2687 565 2735 torum
592 2675 767 2754 proborum
791 2672 933 2734 virorum
958 2671 997 2732 ad
1018 2671 1159 2754 primum
1183 2670 1338 2752 judicium
1363 2691 1421 2754 pro
1439 2691 1517 2754 pace
1542 2670 1646 2732 fienda
1662 2669 1713 2730 du-

459 2781 564 2842 ximus
587 2779 834 2860 prorogandam.

565 2885 643 2947 Item
667 2884 761 2963 jurati
785 2886 920 2948 clvitatis
943 2885 1090 2947 moderni
1108 2903 1235 2946 causam
1254 2885 1335 2946 inter
1354 2885 1514 2946 Marinum
1534 2885 1671 2966 judicem
1686 2897 1711 2943 et

462 2992 626 3054 Thomam
644 2991 746 3054 filium
764 2992 871 3054 Choni
888 3011 994 3054 coram
1013 2992 1106 3052 nobis
1123 2991 1154 3052 in
1173 2989 1291 3071 judicio
1315 2991 1457 3054 habitam
1475 3004 1507 3052 et
1530 3004 1658 3069 motam,
1674 2989 1709 3050 sic

463 3111 495 3160 et
508 3119 547 3160 eo
565 3098 663 3159 modo
681 3097 954 3177 adjudicaverunt,
968 3111 1002 3158 ut
1015 3098 1090 3178 quia
1108 3097 1192 3180 juxta
1206 3111 1354 3160 contenta
1374 3098 1617 3180 privilegiorum
1634 3116 1708 3158 com-

460 3205 609 3266 munium
633 3205 790 3284 regalium
815 3224 894 3264 uxor
918 3205 1032 3266 marito
1057 3219 1087 3266 et
1113 3206 1243 3266 maritus
1268 3205 1356 3266 uxori
1374 3205 1497 3287 primus
1520 3205 1609 3266 heres
1632 3203 1707 3265 adiu·

462 3311 600 3388 venitur,
625 3324 655 3372 et
678 3312 720 3371 ob
744 3309 805 3371 hoc
830 3310 939 3371 omnia
964 3312 1047 3372 bona
1073 3311 1180 3372 uxoris
1207 3310 1340 3392 predicti
1365 3311 1494 3373 Thome
1519 3311 1610 3392 jurati
1626 3327 1706 3390 super

461 3417 602 3478 eundem
636 3417 799 3478 Thomam
831 3429 995 3497 tamquam
1029 3418 1166 3498 primum
1198 3416 1349 3478 heredem
1381 3431 1412 3478 et
1442 3437 1500 3499 per
1524 3433 1705 3497 consequens

462 3543 557 3604 super
581 3522 714 3584 heredes
734 3523 833 3604 ipsius
849 3524 889 3583 de
913 3523 981 3604 jure
1005 3537 1078 3584 sunt
1095 3523 1314 3601 redundanda,
1339 3524 1467 3605 publica
1483 3537 1589 3586 autem
1607 3524 1704 3584 instru-

462 3642 569 3692 menta
594 3629 679 3709 juxta
703 3629 883 3691 libertatem
915 3630 1050 3690 civitatis
1074 3629 1309 3711 privilegiatam
1333 3629 1418 3712 (sic);
1449 3630 1489 3691 de
1514 3650 1578 3712 quo
1602 3627 1702 3710 judicio

464 3737 608 3798 Marinus
631 3736 726 3817 judex
744 3756 809 3797 non
828 3749 995 3798 contentus
1011 3736 1186 3818 appellavit
1206 3737 1341 3800 eandem
1359 3756 1486 3799 causam
1511 3736 1701 3819 adjudicium

461 3844 626 3906 seniorum
651 3843 806 3924 judicum.

566 3949 645 4011 Item
670 3949 768 4010 iidem
793 3948 886 4030 jurati
919 3949 1181 4030 adjudicaverunt
1213 3969 1341 4010 causam
1374 3949 1549 4012 Katherine
1579 3946 1701 4010 mulieris

460 4056 568 4118 relicte
594 4056 690 4117 lwani
708 4057 874 4117 Jacomelli
893 4057 973 4117 iuter
998 4057 1100 4137 ipsam
1118 4069 1148 4116 et
1169 4057 1251 4117 inter
1275 4055 1445 4118 Nicolaum
1463 4057 1598 4138 juratum
1611 4053 1700 4115 filium

461 4163 544 4224 Petri
571 4177 602 4224 et
625 4163 843 4244 Augustinum
867 4161 1005 4242 juratum
1036 4161 1139 4223 filium
1165 4161 1256 4222 Pauli
1288 4182 1396 4224 coram
1430 4163 1524 4224 nobis
1547 4173 1698 4224 vertentem

462 4289 501 4330 eo
526 4271 625 4330 modo
650 4269 925 4348 adjudicaverunt,
951 4284 985 4330 ut
1002 4270 1076 4351 quia
1101 4270 1241 4351 prelatus
1259 4269 1411 4331 Nicolaus
1427 4268 1548 4352 juratus
1563 4264 1699 4331 aurifaber

461 4389 491 4436 et
515 4376 712 4457 Augustinus
737 4375 857 4456 juratus
880 4377 971 4438 aliter
994 4391 1069 4438 sunt
1092 4376 1165 4439 fassi
1190 4396 1288 4459 quarn
1311 4388 1406 4438 testes
1431 4376 1461 4437 in
1488 4376 1593 4437 eadem
1614 4387 1694 4432 causa

461 4503 518 4566 per
543 4482 672 4543 eosdem
698 4483 845 4564 producti
871 4497 901 4545 et
933 4484 976 4544 sic
1005 4503 1069 4545 non
1103 4484 1377 4546 concordaverunt
1402 4483 1434 4543 in
1465 4479 1633 4545 testimonio
1653 4493 1696 4534 ra·

462 4591 554 4651 cione
580 4589 753 4668 legacionis
778 4591 916 4651 verbalis
948 4591 1139 4669 testamenti,
1172 4590 1246 4652 ideo
1270 4590 1345 4671 quia
1376 4587 1461 4670 juxta
1487 4585 1696 4671 privilegiatam

461 4698 640 4759 libertatern
667 4717 746 4758 uxor
770 4697 885 4758 marito
910 4709 941 4758 et
964 4699 1096 4758 maritus
1124 4698 1215 4759 uxori
1247 4697 1368 4778 primus
1402 4695 1493 4758 heres
1517 4688 1695 4758 adinvenitur

461 4803 501 4864 de
526 4803 603 4884 jure,
629 4816 658 4863 et
683 4823 719 4862 ex
745 4824 782 4864 eo
808 4804 962 4865 medietas
991 4804 1209 4864 universarum
1244 4803 1482 4884 possessionum
1508 4817 1538 4864 et
1559 4802 1696 4862 bonorum

462 4931 497 4971 ac
523 4911 709 4970 victualium
742 4909 852 4990 prelati
883 4910 980 4970 Iwani
1005 4910 1171 4971 laromelli
1204 4909 1279 4971 dicti
1308 4909 1339 4969 in
1373 4909 1502 4971 ciritate
1526 4903 1647 4990 predicta
1669 4906 1697 4956 et

463 5019 531 5079 eius
554 5018 715 5078 territorio
734 5017 926 5096 habitarum,
943 5037 1037 5099 super
1061 5017 1236 5099 predictam
1255 5015 1464 5078 Katherinam
1478 5029 1597 5077 uxorem
1610 5002 1697 5085 ipsius
