3734 5796
415 552 477 616 292
803 533 889 590 Auno
904 527 997 609 1438.
1021 565 1065 574 —
1081 545 1136 608 31.
1161 527 1293 589 octobris.

413 743 568 826 judicium
594 764 652 826 pro
676 743 781 806 fienda
806 762 884 826 pace
908 761 945 804 ex
978 741 1105 802 instanti
1137 741 1296 823 peticione
1328 739 1471 822 plurium
1494 739 1671 822 proborum

413 852 557 912 virorum
582 851 732 913 duximus
756 849 1006 933 prorogandam.

519 957 598 1020 Item
622 957 805 1018 Anthonius
835 953 975 1017 carnifex
1003 952 1088 1015 filius
1121 953 1235 1016 Briccii
1267 952 1425 1015 Joffanow
1456 965 1566 1014 contra
1591 951 1675 1013 Bric-

413 1064 499 1125 cium
523 1062 664 1144 judicem
689 1063 794 1144 primo
819 1062 932 1123 citatus
956 1078 1023 1121 non
1047 1060 1238 1141 comparuit.

521 1169 599 1231 ltem
624 1169 795 1230 Farlrasius
813 1167 960 1248 Mathyas
983 1178 1093 1228 contra
1110 1166 1251 1227 Blasium
1271 1166 1450 1227 institorem
1467 1164 1570 1226 filium
1588 1163 1675 1224 Pauli

414 1275 519 1358 primo
552 1274 667 1336 citatus
690 1293 756 1335 non
780 1271 970 1354 comparuit.

521 1381 598 1443 ltem
621 1381 696 1462 quia
721 1379 856 1462 provide
888 1378 1039 1440 mulieres
1071 1377 1245 1440 Scolastica
1275 1391 1306 1438 et
1330 1377 1530 1458 Margaretha
1556 1391 1677 1452 vocate,

416 1487 482 1550 filie
507 1488 645 1550 condam
670 1486 768 1549 Blasii
792 1485 934 1564 textoris,
959 1505 996 1546 ex
1021 1484 1135 1546 eodem
1161 1483 1268 1545 Blasio
1284 1497 1405 1546 textore
1430 1495 1521 1545 etex
1545 1483 1677 1564 provida

414 1593 553 1656 condam
576 1594 712 1656 muliere
736 1592 893 1673 legittima
920 1590 1095 1652 Katherina
1128 1603 1241 1652 vocata
1264 1590 1421 1670 legittime
1456 1590 1625 1670 progenite
1649 1603 1677 1649 et

415 1713 592 1782 procreate,
617 1699 649 1760 id
674 1718 746 1760 cum
764 1696 935 1759 sufficienti
953 1710 985 1759 et
1001 1696 1166 1780 fidedigno
1183 1709 1366 1758 nostrorum
1391 1696 1573 1757 concivium
1591 1695 1674 1757 testi-

414 1805 526 1866 monio
551 1804 683 1866 insede
708 1816 815 1866 nostra
840 1802 1006 1884 judiciaria
1025 1803 1107 1864 clare
1133 1815 1164 1863 et
1187 1803 1306 1864 seriose
1323 1820 1431 1864 coram
1456 1803 1550 1863 nobis
1575 1802 1606 1862 in
1631 1801 1676 1881 ju-

414 1911 499 1972 dicio
523 1913 784 1993 comprobarunt,
809 1923 844 1972 ut
867 1909 945 1970 dum
964 1907 1085 1990 prefata
1109 1908 1285 1970 Katherine
1301 1907 1428 1986 mulier,
1452 1908 1562 1969 relicta
1580 1909 1676 1990 ipsius

414 2017 513 2080 Blasii
538 2017 678 2094 textoris,
709 2030 782 2098 post
814 2017 939 2078 obitum
971 2015 1071 2096 ipsius
1094 2015 1192 2076 Blasii
1223 2014 1355 2076 textoris
1379 2015 1412 2074 iu
1444 2015 1594 2074 extremis
1616 2015 1676 2075 vite

413 2143 469 2184 sue
493 2123 679 2204 temporalis
696 2122 882 2201 laborasset,
902 2135 977 2184 tunc
1002 2121 1070 2203 ipsa
1086 2120 1219 2182 totalem
1243 2140 1333 2181 suam
1350 2121 1540 2202 porcionem
1558 2135 1590 2182 et
1606 2140 1675 2202 por·

414 2229 542 2290 cionem
566 2228 711 2290 Barnabe
736 2226 794 2288 filii
818 2228 866 2290 sui
892 2247 930 2288 ex
954 2227 1068 2288 eodem
1101 2226 1221 2288 scilicet
1246 2226 1352 2288 Blasio
1376 2239 1499 2288 textore
1524 2226 1677 2307 legittime

416 2335 578 2419 progeniti
602 2347 633 2394 et
656 2334 824 2415 procreati,
848 2353 945 2416 quam
970 2333 1090 2394 scilicet
1106 2333 1293 2415 porcionem
1317 2352 1407 2394 suam
1435 2345 1466 2394 et
1490 2333 1590 2414 ipsius
1607 2334 1677 2394 Bar·

417 2443 500 2503 nabe
525 2439 582 2502 filii
606 2440 654 2500 sui
680 2440 748 2522 ipsa
778 2439 952 2500 Katherina
984 2439 1101 2500 mulier
1125 2439 1157 2500 in
1189 2439 1299 2518 domo,
1334 2438 1436 2500 fundo
1469 2453 1501 2501 et
1524 2439 1677 2501 hedificiis

413 2547 529 2631 prelati
556 2547 652 2609 Blasii
675 2547 807 2608 textoris
832 2547 864 2607 in
889 2546 1016 2607 civitate
1033 2546 1174 2627 predicta
1198 2545 1317 2623 habita,
1341 2546 1482 2607 mediam
1507 2547 1630 2608 curiam
1646 2547 1676 2607 in

416 2674 449 2715 se
475 2654 670 2732 continente,
702 2653 807 2734 ipsum
839 2652 960 2714 scilicet
990 2652 1134 2713 Blasium
1156 2665 1313 2714 textorem
1344 2652 1518 2714 literatorie
1550 2673 1676 2715 concer-

415 2773 558 2836 nentem,
582 2759 658 2840 ipsis
681 2757 749 2840 jure
773 2757 966 2820 hereditario
992 2777 1185 2819 concernere
1210 2771 1240 2818 et
1270 2771 1412 2839 spectare
1436 2759 1677 2821 dinoscereutur

414 2885 450 2926 ac
475 2865 650 2946 possidere,
674 2883 748 2926 cum
772 2865 838 2925 suis
862 2864 1053 2926 utilitatibus
1077 2875 1109 2924 et
1132 2863 1337 2945 pertinenciis
1368 2864 1525 2926 universis
1550 2864 1676 2946 prelatis

415 2971 606 3032 mulieribus
631 2969 805 3032 Scolastica
830 2984 861 3030 et
885 2970 1086 3050 Margaretha
1110 2970 1230 3031 vocatis
1248 2968 1374 3032 filiabus
1396 2971 1462 3032 suis
1484 2972 1625 3033 vendere
1649 2987 1676 3033 et

415 3095 474 3158 pro
499 3076 606 3137 anima
631 3096 687 3137 sua
704 3075 883 3157 expendere
901 3075 1087 3157 legavisset3
1112 3088 1143 3136 et
1167 3075 1241 3156 quia
1258 3075 1400 3157 prefatus
1418 3077 1581 3138 Barnabas
1596 3077 1677 3139 filius

413 3182 513 3264 ipsius
538 3181 712 3244 Katherine
729 3181 874 3242 mulieris
891 3181 922 3242 id
943 3193 1007 3242 tam
1025 3181 1125 3243 literis
1141 3183 1206 3242 suis
1222 3182 1438 3244 mediantibus
1461 3202 1561 3264 quam
1579 3187 1674 3245 eciam

415 3307 471 3348 ore
496 3307 555 3349 suo
579 3287 711 3369 proprio
736 3285 837 3348 fassus
861 3287 964 3349 estin
989 3287 1152 3368 presencia
1177 3288 1275 3348 nostri
1292 3288 1422 3371 publice
1446 3301 1476 3350 et
1500 3289 1675 3367 manifeste,

414 3394 504 3475 quod
530 3394 596 3477 ipse
620 3395 752 3455 totalem
770 3414 860 3457 suam
881 3395 1067 3476 porcionem
1086 3394 1228 3476 predicte
1253 3394 1380 3473 domus,
1397 3393 1489 3456 fundi
1513 3411 1545 3457 et
1568 3395 1676 3458 hedifi-

415 3501 552 3578 ciorum,
576 3501 679 3580 ipsum
705 3501 736 3560 in
755 3501 896 3582 predicta
921 3499 1031 3578 dome,
1049 3498 1150 3561 fundo
1169 3513 1199 3561 et
1222 3499 1379 3562 hedificiis
1402 3500 1469 3582 jure
1486 3501 1675 3564 hereditario

414 3620 673 3685 concernentem,
697 3626 770 3668 cum
795 3607 860 3667 suis
883 3606 1089 3688 pertinenciis
1110 3618 1140 3668 et
1163 3607 1355 3668 utilitatibus
1378 3607 1536 3668 universis
1560 3607 1675 3690 prefate

414 3713 588 3776 Katherine
615 3714 742 3775 mulieri
767 3713 860 3775 matri
884 3733 940 3774 aue
965 3712 1099 3774 liberam
1128 3713 1290 3774 vendendi
1314 3726 1346 3774 et
1369 3714 1675 3796 quomodocumque

412 3821 552 3882 voluerit
569 3820 761 3901 disponendi
786 3819 1034 3884 recommisisset
1050 3818 1246 3898 facultatem,
1263 3819 1403 3900 ideoque
1420 3839 1479 3886 nos
1504 3821 1675 3902 predictam

413 3926 558 4005 domum,
582 3924 719 3986 fundum
744 3939 774 3986 et
799 3924 945 3987 hedificia
972 3925 1077 3986 medie
1095 3925 1182 3986 curie
1207 3945 1279 3987 cum
1304 3926 1456 3988 omnibus
1472 3928 1539 3988 auis
1562 3927 1674 3989 utilita-

411 4033 497 4094 tibus
532 4045 563 4092 et
598 4032 802 4112 pertinenciis
836 4032 992 4092 universis
1027 4031 1178 4113 predictis
1211 4031 1384 4094 Scolastice
1416 4045 1448 4094 et
1481 4033 1674 4114 Margarethe

414 4137 604 4198 mulieribus
628 4137 797 4198 statuimus
821 4151 851 4198 et
869 4139 1091 4199 commisimus
1108 4158 1145 4198 ex
1168 4138 1330 4219 premissis
1354 4138 1540 4200 venditioni
1565 4159 1675 4222 expen-

413 4242 510 4303 dendi
535 4255 567 4304 et
589 4261 647 4324 pro
672 4243 778 4304 anima
803 4242 922 4324 prefate
948 4243 1122 4304 Katherine
1152 4243 1296 4305 mulieris
1332 4245 1525 4326 disponendi
1551 4246 1674 4326 plenam

412 4349 634 4410 commisimus
658 4347 853 4410 facultatem.

518 4455 597 4517 ltem
625 4457 701 4536 quia
732 4455 878 4518 Thomas
909 4458 999 4518 Zima
1032 4471 1120 4518 sutor
1152 4457 1184 4517 in
1218 4455 1411 4518 execucione
1442 4457 1674 4519 testamentaria

412 4564 593 4626 testamenti
618 4564 666 4624 sui
682 4575 782 4625 totam
809 4562 1036 4626 execucionem
1054 4563 1327 4625 testamentariam
1351 4564 1495 4624 eiusdem
1513 4563 1563 4625 sui
1587 4577 1674 4625 testa·

413 4669 512 4731 menti
538 4689 633 4750 super
658 4669 827 4730 Nicolaum
854 4669 992 4750 juratum
1010 4669 1215 4749 modernum,
1239 4668 1342 4731 filium
1360 4669 1513 4751 Stephani
1539 4671 1579 4730 ad
1604 4689 1674 4730 con·

412 4776 582 4837 scienciam
602 4795 637 4836 ac
655 4776 795 4836 animam
820 4795 908 4836 suam
928 4777 1134 4854 recommisit,
1152 4791 1182 4838 et
1195 4777 1272 4858 quia
1289 4797 1369 4838 uxor
1385 4776 1531 4838 eiusdem
1551 4777 1673 4838 Thome

414 4881 531 4942 sutoris
556 4893 671 4941 extunc
695 4881 772 4941 dum
790 4881 828 4940 de
854 4881 1036 4943 infirmitate
1057 4903 1113 4944 sua
1130 4883 1295 4946 convaluit
1320 4903 1421 4965 usque
1439 4904 1525 4945 nunc
1549 4895 1672 4945 nonest

412 5001 578 5067 prosecuta
610 4986 666 5047 sed
697 4987 806 5066 tacuit,
837 4987 910 5048 ideo
943 4989 1006 5070 jam
1039 5009 1104 5050 non
1136 5003 1241 5071 potest
1273 4991 1423 5073 prosequi
1454 4991 1589 5052 ulterius
1618 4989 1669 5050 sed
