3678 5800
426 559 489 621 244
792 543 989 620 Ann01435.
1012 575 1057 585 -
1080 538 1130 602 16.
1154 542 1320 605 decembris.

531 754 610 816 Item
626 754 795 816 Fsrkasius
812 753 958 836 Mathyas
975 767 1084 816 contra
1102 755 1193 816 Jurse
1209 752 1391 816 carnificem
1409 755 1551 816 secundo
1576 755 1690 817 citatus

426 879 491 922 non
516 861 706 942 comparuit.

531 967 608 1028 Item
635 965 815 1048 Stephanus
838 980 928 1028 sutor
950 980 1061 1028 contra
1085 967 1180 1029 lause
1196 980 1337 1030 sutorem
1363 968 1469 1050 primo
1487 968 1602 1029 citatus
1626 987 1688 1029 non

425 1073 615 1155 comparuit.

530 1179 609 1241 Item
634 1181 737 1242 Lucas
769 1179 859 1244 faber
889 1193 997 1242 contra
1023 1180 1231 1244 Valentinum
1255 1180 1420 1263 lagodych
1453 1181 1486 1242 in
1512 1180 1619 1262 primo
1643 1179 1688 1260 ju·

426 1285 511 1348 dicio
536 1287 681 1367 proxime
704 1286 843 1348 affuturo
867 1287 962 1348 debet
985 1286 1222 1369 perhemptorie
1246 1286 1451 1369 respondere.

532 1393 611 1454 Item
635 1393 710 1474 quia
736 1393 882 1455 Andreas
904 1391 990 1455 lilius
1014 1393 1146 1477 Friglyn
1170 1393 1312 1456 concivis
1337 1407 1445 1455 noster
1468 1394 1501 1455 in
1526 1394 1638 1456 multis
1661 1407 1690 1454 et

425 1501 715 1562 innumerabilibus
740 1498 829 1562 lactis
853 1501 918 1561 suis
935 1499 1097 1582 nephariis
1125 1515 1269 1582 repertus
1293 1513 1340 1562 est
1356 1512 1387 1562 et
1409 1501 1592 1582 specialiter
1615 1500 1688 1582 quis

424 1618 568 1688 tempore
593 1605 751 1688 judicatus
775 1607 833 1668 viri
858 1606 984 1688 providi
1010 1619 1041 1668 et
1064 1607 1284 1689 circumspecti
1310 1605 1466 1668 lobannis
1492 1607 1618 1688 pridem
1644 1605 1688 1686 ju·

425 1712 515 1791 dicis,
540 1712 745 1794 concivisque
771 1713 869 1774 nostri
894 1711 951 1774 filii
978 1713 1068 1791 Pero,
1093 1713 1194 1794 pisces
1217 1713 1277 1774 viri
1301 1712 1428 1794 providi
1454 1711 1585 1795 Mathye
1610 1711 1685 1773 dicti

426 1817 607 1897 Ztslrorich,
632 1819 774 1880 concivis
798 1819 909 1898 nostri,
934 1819 966 1880 in
991 1817 1062 1880 loro
1090 1833 1200 1880 nostro
1232 1819 1396 1881 communi
1421 1819 1524 1880 libero
1550 1819 1582 1880 in
1607 1818 1687 1880 dicta

425 1924 553 1987 civitate
577 1924 688 1986 habito
712 1925 934 2007 potencialiter
958 1925 1077 2008 recepit
1100 1926 1273 1987 abeodem
1298 1939 1408 1987 contra
1433 1925 1616 1988 libertatem
1633 1943 1686 1986 no·

425 2044 521 2092 stram
546 2032 800 2114 privilegiatam
825 2045 856 2094 et
879 2031 954 2113 quia
978 2031 1110 2094 tandem
1133 2045 1279 2114 ternpore
1297 2031 1456 2111 judicatus
1479 2031 1539 2092 viri
1562 2029 1685 2113 providi

426 2151 457 2201 et
481 2138 702 2220 circumspecti
735 2138 859 2199 Nicolai
891 2138 1004 2220 judicis
1033 2139 1132 2200 nostri
1163 2137 1311 2200 moderni
1344 2136 1400 2200 filii
1433 2137 1580 2216 Fabiani,
1605 2156 1686 2198 anno

426 2243 577 2306 videlicet
601 2244 633 2305 in
658 2244 807 2326 presenti,
832 2243 910 2305 leria
927 2257 1012 2306 sexta
1034 2245 1179 2326 proxima
1202 2256 1274 2326 post
1298 2242 1414 2306 festum
1431 2257 1539 2304 sancte
1564 2243 1685 2323 Marga-

425 2349 514 2412 rethe
539 2350 672 2431 virginis
696 2364 727 2412 et
751 2351 888 2412 martiris
913 2349 1043 2429 Christi,
1068 2350 1169 2412 multa
1201 2350 1410 2412 mercimonia
1444 2349 1587 2432 plurium
1614 2367 1684 2409 con-

426 2457 545 2518 civium
570 2469 752 2519 nostrorum
778 2457 884 2538 abque
908 2457 998 2518 omni
1030 2457 1124 2538 culpa
1157 2475 1269 2518 eorum
1294 2456 1446 2537 inportu
1478 2454 1568 2516 fluvii
1593 2455 1684 2515 Zawa

425 2564 530 2625 vocati
556 2564 706 2626 arestavit
737 2577 768 2624 et
797 2563 922 2625 tamdiu
953 2563 1073 2624 ibidem
1098 2563 1201 2624 tenuit
1232 2576 1263 2624 et
1286 2581 1456 2644 quousque
1488 2581 1544 2623 sue
1568 2559 1685 2642 placuit

425 2669 600 2745 voluntati;
637 2670 766 2750 etquis
791 2669 920 2731 tandem
946 2669 1046 2730 eciam
1067 2668 1129 2730 hiis
1153 2669 1246 2730 malis
1270 2687 1335 2730 non
1367 2680 1548 2746 contentus,
1572 2685 1683 2748 nuper·

424 2777 504 2838 rime
529 2775 679 2837 videlicet
703 2775 780 2836 feris
805 2789 890 2838 sexta
915 2775 1060 2856 proxima
1085 2788 1158 2836 ante
1183 2771 1297 2836 festum
1324 2776 1415 2836 beate
1441 2772 1616 2856 Elyzsbeth
1640 2773 1683 2832 vi·

427 2883 501 2962 due,
526 2882 655 2965 publice
679 2882 710 2944 in
736 2882 811 2944 sede
836 2893 942 2943 nostra
975 2880 1140 2962 judiciaria
1173 2881 1317 2943 Fabiano
1349 2880 1452 2962 jurato
1477 2891 1586 2942 nostro
1617 2896 1683 2940 mo·

424 2987 525 3050 derno
557 2985 624 3049 filio
657 2987 823 3066 Johannis,
868 2989 1007 3050 minatus
1035 3001 1082 3049 est
1113 3001 1145 3049 et
1182 2987 1419 3048 abrenucciavit
1452 3005 1560 3048 coram
1592 2983 1681 3046 nobis

425 3107 536 3156 contra
562 3095 742 3156 libertatem
767 3107 798 3154 et
816 3093 919 3174 legem
938 3106 1079 3155 nostram
1107 3093 1353 3174 privilegiatam,
1375 3105 1406 3153 et
1422 3111 1486 3154 non
1503 3105 1608 3153 tamen
1626 3089 1681 3150 hec

424 3200 508 3262 mala
534 3212 565 3261 et
589 3199 742 3281 nepharia
775 3197 856 3260 lacta
888 3199 944 3260 sed
975 3211 1007 3260 et
1039 3199 1131 3281 plura
1155 3209 1187 3260 et
1218 3197 1464 3260 innumerabilia
1498 3196 1579 3258 lacta
1601 3194 1679 3256 mala

425 3306 556 3368 cottidie
581 3325 617 3367 ac
641 3305 680 3366 de
706 3305 758 3367 die
783 3305 814 3366 in
840 3305 924 3366 diem
955 3303 1030 3366 lacit
1061 3305 1092 3365 in
1125 3304 1321 3385 derogamen
1346 3318 1377 3366 et
1405 3315 1622 3385 contemptum
1645 3317 1680 3361 ac

421 3411 636 3493 vilipendium
651 3412 758 3492 legum
773 3425 803 3472 et
821 3411 1004 3474 libertatum
1021 3425 1201 3472 nostrarum
1219 3411 1492 3492 privilegiatarum
1510 3428 1568 3471 nec
1584 3407 1678 3468 eciam

424 3517 527 3580 facere
553 3532 652 3579 cessat
676 3533 706 3579 et
730 3518 770 3580 de
794 3519 943 3600 presenti,
968 3517 1108 3598 ideoque
1132 3536 1192 3578 nos
1219 3517 1359 3579 eundem
1383 3516 1546 3578 Andream
1570 3512 1678 3594 Frigli-

425 3625 497 3686 nich
523 3625 673 3707 predictis
697 3625 799 3707 culpis
830 3625 895 3686 suis
926 3625 1127 3705 exigentibus
1160 3624 1192 3685 in
1224 3637 1404 3706 presentem
1437 3626 1601 3685 laternum
1623 3639 1677 3680 no-

423 3743 523 3792 strum
549 3750 755 3793 communem
781 3731 935 3814 proscribi
965 3729 1099 3792 lecimus
1130 3730 1236 3792 taliter
1267 3730 1514 3808 committentes,
1539 3741 1571 3788 ut
1592 3726 1615 3786 si
1640 3725 1677 3785 de

424 3849 529 3897 cetero
555 3851 586 3898 et
609 3857 666 3919 per
690 3837 828 3918 amplius
852 3835 992 3917 prelatus
1023 3836 1168 3899 Andreas
1191 3835 1377 3917 Friglinych
1408 3853 1506 3916 quam
1538 3831 1677 3915 primitus

425 3941 457 4002 in
483 3942 642 4004 similibus
665 3955 720 4004 aut
744 3943 814 4004 aliis
838 3943 1004 4024 quibusvis
1036 3942 1101 4002 suis
1131 3941 1221 4003 lactis
1245 3941 1406 4023 nephariis
1437 3954 1546 4002 contra
1569 3957 1625 4000 nos
1647 3949 1677 3996 et

424 4047 603 4109 libertatem
630 4061 771 4110 nostram
797 4047 829 4108 in
852 4048 978 4110 civitate
1004 4047 1125 4108 eteius
1149 4047 1310 4109 territorio
1335 4045 1533 4128 deprehendi
1557 4041 1674 4126 poterit,

423 4173 498 4215 mox
523 4154 607 4232 juxta
632 4175 687 4216 sua
713 4154 866 4215 demerita
890 4173 1007 4236 penam
1033 4173 1130 4235 quarn
1159 4153 1353 4215 demeruerit
1376 4165 1588 4233 consequetur
1610 4167 1673 4230 pre·

423 4261 506 4322 dicta
531 4262 676 4323 libertate
701 4275 731 4322 et
756 4261 826 4342 lege
850 4275 957 4323 nostra
982 4261 1183 4344 privilegiata
1213 4260 1406 4341 requirente,
1430 4259 1523 4320 nullo
1546 4256 1602 4319 sibi
1624 4273 1670 4314 su-

422 4368 556 4450 perinde
579 4368 725 4430 remedio
749 4387 805 4428 seu
830 4368 950 4430 auxilio
976 4367 1115 4430 cuiusvis
1138 4366 1332 4445 suffragante
1357 4365 1387 4425 in
1413 4365 1473 4426 hac
1497 4379 1595 4445 parte.

487 4568 583 4642 Faria
611 4579 710 4643 sexta
729 4571 883 4660 proxima
910 4577 988 4658 post
1015 4569 1136 4640 festum
1166 4567 1261 4638 beate
1289 4567 1388 4640 Lucis
1414 4568 1557 4654 virginis
1584 4570 1614 4634 et

897 4695 1052 4764 martiris
1081 4689 1215 4762 Christi.

912 4843 975 4924 (16.
999 4843 1178 4925 decembres).

528 4989 606 5051 ltem
632 4989 827 5051 Laurencius
851 4989 976 5050 institor
996 5001 1106 5049 contra
1123 4987 1252 5049 Petrum
1278 4999 1435 5048 sartorem
1452 4999 1483 5048 et
1507 4985 1667 5046 institorem

421 5097 526 5180 primo
552 5097 664 5158 citatus
690 5115 753 5157 non
780 5095 970 5175 comparuit.
