3740 5810
461 540 518 619 148
827 545 912 598 Anno
932 555 1020 618 1431.
1045 555 1160 617 -14.
1185 538 1347 599 decembris.

455 755 523 816 rina
548 773 665 832 emere,
691 753 831 836 predicte
860 775 936 815 vero
970 754 1141 817 Katherine
1174 754 1280 815 eidem
1307 753 1482 814 benedicto
1515 752 1619 834 jurato
1641 771 1706 812 ven-

456 860 530 921 dere
555 880 648 942 posse
673 860 786 921 ordine
810 860 887 942 juris
911 860 1131 943 persvadente.

560 967 639 1028 Item
656 966 731 1048 quia
748 966 937 1028 Valentinus
960 964 1043 1028 filius
1064 965 1189 1028 Nicolai
1207 966 1348 1028 concivis
1365 977 1473 1027 noster
1491 964 1522 1025 id
1541 983 1614 1026 cum
1629 961 1706 1025 sulfi-

455 1073 550 1134 cienti
575 1087 606 1134 et
629 1073 793 1156 fidedigno
818 1087 1000 1135 nostrorum
1025 1073 1207 1134 concivium
1239 1073 1423 1134 testimonio
1449 1073 1481 1132 in
1506 1071 1582 1132 sede
1606 1084 1702 1132 nostra

455 1179 621 1260 judiciaria
645 1181 728 1242 clare
752 1193 783 1242 et
806 1181 923 1242 seriose
949 1200 1057 1241 coram
1081 1181 1174 1242 nobis
1191 1179 1423 1261 comprobavit,
1449 1191 1484 1240 ut
1500 1178 1638 1260 quedam
1654 1177 1704 1237 do-

455 1305 526 1347 mus
550 1287 645 1348 unius
661 1299 773 1368 quarte
791 1299 828 1347 et
843 1301 955 1348 octave
980 1287 1011 1348 in
1036 1286 1162 1348 civitate
1179 1284 1311 1368 prefata,
1334 1285 1458 1368 pridem
1483 1285 1596 1346 Briccii
1613 1286 1706 1368 pisca·

455 1393 532 1452 toris
556 1394 596 1453 ab
620 1413 694 1471 una,
728 1407 759 1454 et
783 1405 870 1474 parte
896 1394 935 1454 ab
960 1393 1058 1454 altera
1091 1390 1177 1453 Galli
1209 1405 1240 1453 et
1265 1391 1395 1474 Endrey
1419 1392 1504 1452 acin
1529 1391 1703 1474 posteritate

455 1516 553 1579 penes
575 1497 711 1559 fundum
735 1499 909 1560 liberorum
928 1499 1066 1560 condam
1083 1498 1237 1580 Stephani
1255 1499 1444 1580 carpentarii
1469 1519 1505 1560 ac
1530 1499 1614 1560 Luce
1631 1496 1704 1560 labri

456 1605 574 1684 habita,
599 1606 683 1667 lwan
708 1606 845 1667 condam
870 1605 1059 1687 carpentarii
1084 1605 1159 1667 dicti
1181 1604 1322 1666 Fratrich
1348 1606 1450 1668 vitrici
1476 1606 1575 1687 ipsius
1597 1605 1704 1666 Valen-

457 1712 527 1790 tini,
552 1725 583 1772 et
607 1725 678 1794 post
702 1712 824 1772 obitum
851 1711 950 1793 ipsius
976 1712 1075 1774 Elene
1108 1711 1217 1772 matris
1249 1711 1347 1792 ipsius
1376 1711 1538 1774 Valentini
1564 1710 1709 1772 consortis

457 1836 534 1878 vero
569 1817 643 1878 dicti
677 1816 759 1877 lwan
793 1816 927 1896 juridica
960 1815 1079 1896 luisset,
1109 1831 1139 1878 et
1163 1837 1220 1900 per
1251 1819 1381 1879 eosdem
1416 1818 1473 1878 rite
1498 1832 1529 1878 et
1561 1818 1707 1898 legittime

456 1942 582 2004 semper
606 1938 636 1984 et
660 1924 700 1983 ab
725 1923 858 2004 antiquo
891 1925 1020 1986 nemine
1053 1925 1179 2006 penitus
1211 1925 1449 1986 contradicente
1482 1923 1542 1984 luit
1573 1943 1705 2005 possessa

457 2048 557 2108 usque
583 2029 622 2090 ad
647 2029 772 2090 obitum
796 2029 996 2107 eorumdem,
1017 2043 1047 2091 et
1071 2031 1147 2110 quia
1164 2029 1293 2091 tandem
1312 2030 1425 2091 eadem
1450 2029 1550 2090 Elena
1575 2029 1706 2110 predicta

456 2134 566 2196 relicta
590 2135 689 2216 ipsius
713 2135 798 2196 ltvan
824 2136 855 2196 in
881 2137 1029 2196 extremis
1053 2136 1117 2197 vite
1141 2155 1197 2196 sue
1219 2135 1398 2197 laborando
1422 2135 1558 2196 eandem
1583 2134 1706 2195 domurn

458 2241 553 2302 unius
577 2257 688 2322 quarte
714 2255 744 2304 et
760 2256 871 2304 octave
896 2261 967 2302 cum
987 2242 1053 2302 suis
1070 2243 1273 2324 pertinenciis
1297 2242 1440 2324 predicto
1457 2242 1626 2304 Valentino
1643 2239 1703 2300 filio

456 2367 515 2409 suo
539 2348 708 2430 legavisset
725 2362 755 2410 et
772 2349 943 2409 dimisisset
960 2349 1186 2430 possidendam
1200 2364 1231 2410 et
1247 2349 1556 2430 quomodocumque
1578 2347 1705 2408 voluerit

456 2453 689 2534 disponendam
707 2454 797 2516 nullo
810 2454 1044 2516 contradictore
1061 2455 1233 2536 superinde
1243 2456 1324 2516 trina
1338 2455 1440 2516 eciam
1454 2454 1571 2515 lorensi
1584 2453 1703 2535 publica

457 2561 713 2640 proclamacione
737 2561 908 2642 superinde
933 2558 1013 2621 facta
1039 2561 1164 2642 penitus
1188 2577 1371 2642 apparente,
1396 2561 1535 2642 ideoque
1560 2579 1615 2620 nos
1639 2578 1704 2620 ean·

457 2664 530 2726 dem
555 2666 687 2726 domum
713 2686 784 2727 cum
808 2667 874 2728 suis
891 2667 1013 2728 cunctis
1037 2667 1241 2748 pertinenciis
1257 2665 1380 2749 prefato
1405 2667 1576 2729 Valentino
1599 2685 1634 2726 ac
1651 2683 1700 2746 per

459 2789 531 2832 eum
564 2772 628 2832 suis
660 2772 830 2833 heredibus
862 2773 968 2854 previa
1000 2773 1040 2834 de
1071 2774 1198 2834 racione
1230 2774 1399 2834 statuimus
1430 2787 1583 2855 perpetuo
1613 2769 1705 2852 possi-

457 2876 595 2938 dendam
615 2893 645 2939 et
661 2879 967 2960 quomodocumque
985 2879 1122 2940 voluerit
1139 2879 1374 2961 disponendam
1382 2878 1468 2960 juxta
1490 2877 1701 2940 condicionem

457 2983 592 3045 civitatis
615 2997 789 3066 prenotate.
1743 2975 1746 2982 ⁴

518 3219 613 3292 Faria
641 3229 740 3292 sexta
767 3224 922 3310 proxima
949 3231 1025 3312 post
1053 3224 1175 3295 leston
1203 3225 1300 3295 beate
1328 3225 1425 3298 lucie
1453 3227 1594 3314 virginis
1620 3233 1651 3296 et

1008 3350 1172 3418 martiris.

959 3527 1020 3596 (14.
1044 3519 1214 3586 decembris).

563 3676 640 3737 ltem
665 3696 758 3737 causa
783 3676 906 3736 domini
932 3676 1086 3740 Anthonii
1113 3678 1278 3760 presbiteri
1303 3697 1376 3739 cum
1401 3679 1574 3740 Valentino
1597 3691 1703 3739 sartore

456 3783 496 3844 ad
522 3784 660 3864 primum
684 3781 839 3862 judicium
863 3783 903 3842 ad
928 3803 1040 3865 pacem
1064 3798 1111 3846 est
1134 3797 1314 3866 prorogata.

564 3906 642 3968 Item
675 3905 789 3967 Gallus
820 3920 908 3968 sutor
940 3921 1048 3969 contra
1082 3908 1280 3989 Stephanum
1306 3906 1546 3971 Skerchkouich
1576 3903 1703 3968 secundo

456 4013 570 4075 citatus
594 4033 659 4074 non
688 4014 877 4094 comparuit.

562 4137 640 4199 ltem
665 4138 776 4198 Petrus
800 4137 919 4218 juratus
943 4151 974 4199 et
998 4138 1117 4200 Paulus
1144 4157 1231 4200 rasor
1253 4158 1289 4200 ac
1313 4138 1459 4200 Thomas
1483 4151 1583 4199 sartor
1605 4149 1701 4198 contra

456 4245 662 4306 Valentinum
687 4257 839 4305 sartorem
865 4245 1008 4306 secundo
1041 4246 1125 4306 citati
1155 4265 1219 4306 non
1245 4259 1503 4328 comparuerunt.

563 4350 641 4411 ltem
666 4348 841 4430 Gregorius
866 4349 986 4430 juratus
1010 4350 1094 4412 filius
1117 4351 1281 4412 Benedicti
1307 4365 1415 4412 contra
1441 4351 1619 4412 lohannem
1647 4365 1700 4407 sar-

455 4471 556 4519 torem
582 4455 732 4517 claudum
758 4456 862 4536 primo
887 4457 999 4518 citatus
1024 4477 1088 4518 non
1114 4459 1302 4538 comparuit.

561 4583 637 4644 ltem
664 4583 739 4663 quia
765 4583 890 4642 Marcus
914 4603 1029 4663 parvus
1057 4583 1159 4644 dictus
1184 4581 1363 4660 Marchech‚
1389 4582 1421 4642 in
1442 4601 1536 4642 causa
1561 4577 1697 4663 pecunia·

455 4709 536 4770 rum,
561 4709 640 4772 quas
665 4689 759 4751 Clara
783 4709 873 4749 soror
905 4690 1012 4750 uxoris
1043 4689 1184 4769 magistri
1217 4689 1263 4749 lsa
1288 4688 1403 4750 literati
1436 4686 1493 4749 filii
1517 4688 1590 4770 lsipi
1617 4701 1699 4766 super

456 4797 525 4878 ipso
559 4797 666 4857 Marco
698 4815 753 4876 per
784 4795 1016 4874 litigionarium
1049 4813 1231 4877 processum
1265 4795 1457 4872 obtinuerat,
1488 4794 1593 4855 eidem
1617 4791 1698 4854 Clare

456 4901 677 4962 omnimodam
695 4901 842 4982 inpendit
854 4899 1118 4980 satisfaccionem,
1139 4900 1211 4960 ideo
1236 4901 1303 4982 ipsa
1321 4899 1415 4961 Clara
1430 4899 1550 4961 dictum
1569 4900 1696 4960 Marcum

455 5007 595 5070 reddidit
617 5007 801 5090 expeditum
828 5019 858 5068 et
882 5007 1049 5089 pacificum
1075 5027 1131 5088 per
1155 5007 1264 5067 omnia
1290 5025 1397 5067 coram
1423 5005 1528 5067 nobis.
