3734 5796
563 567 649 626 Anno
672 579 761 646 1437.
788 602 828 613 —
852 584 902 630 22.
918 571 1080 646 februarii.

563 781 642 843 Item
666 783 821 844 Martinus
844 797 954 845 sartor.

563 888 642 950 Item
667 888 819 950 Clemens
843 888 993 972 lreoipar.

563 995 641 1060 Item
666 996 832 1058 Emericus
856 997 948 1078 Sega.

564 1105 642 1167 Item
666 1103 812 1166 Andreas
837 1100 1069 1186 Cziganichyn.

564 1211 643 1273 Item
667 1211 777 1272 Petrus
802 1210 931 1273 Barber.

564 1319 642 1380 Item
668 1315 806 1378 Michael
831 1315 974 1398 Georgii.

565 1424 643 1486 Item
669 1421 845 1505 Gregorius
868 1423 1003 1488 institor.

565 1531 643 1594 Item
669 1529 793 1592 Blasius
817 1529 1105 1614 Czaranthowych.

565 1638 644 1700 Item
668 1637 851 1700 Anthonius
874 1637 972 1700 faber.

565 1745 644 1806 Item
668 1744 852 1808 Anthonius
875 1745 1024 1806 decanus.

566 1850 645 1914 Item
669 1852 822 1914 NIcolaus
847 1851 1044 1934 Bogdanich.

566 1957 645 2020 Item
669 1958 814 2020 Andreas
838 1959 1037 2041 Bogdanich.

567 2065 644 2126 Item
670 2066 812 2127 Briccius
835 2066 983 2148 piscator.

567 2171 645 2234 Item
671 2172 852 2254 Stephanus
876 2172 1050 2253 lapicida·

568 2279 645 2340 Item
669 2278 860 2341 Valentinus
883 2297 1026 2361 arcupar.

303 2495 381 2558 Item
399 2495 540 2580 prelatus
557 2495 695 2558 Iacobus
711 2491 804 2576 judex
822 2511 959 2553 unacum
978 2490 1088 2573 juratis
1101 2507 1132 2556 et
1145 2495 1335 2565 consiliariis
1351 2513 1460 2576 supra-

199 2601 292 2664 dictis
317 2623 390 2664 cum
408 2623 564 2666 consensu
578 2615 609 2664 et
625 2599 770 2663 unanimi
788 2599 951 2660 voluntate
969 2600 1209 2663 communitatis
1232 2602 1335 2664 tocius
1351 2599 1461 2662 omnia

197 2722 317 2771 statuta
342 2722 374 2772 et
397 2709 522 2772 decreta
545 2721 611 2772 tam
636 2709 667 2770 In
700 2705 840 2787 antiquis
872 2725 969 2786 quam
995 2706 1025 2766 in
1059 2709 1198 2788 presenti
1223 2707 1361 2770 laternis
1386 2725 1461 2768 con·

199 2815 316 2897 scripta
334 2829 364 2876 et
388 2817 574 2898 consignata
591 2814 631 2878 ad
648 2833 762 2876 omnes
778 2812 946 2891 clausulas,
959 2826 1075 2894 puncta
1094 2828 1125 2876 et
1142 2815 1294 2877 articulos
1317 2815 1460 2898 ipsorum

199 2934 357 3004 perpetuo
382 2937 412 2984 et
436 2921 665 3002 inviolabiliter
690 2919 824 2981 valitura
849 2933 880 2980 et
903 2919 1103 2982 observanda
1129 2921 1367 2984 confirmarunt.

305 3027 385 3091 Item
410 3029 508 3092 iidem
534 3028 640 3110 judex,
664 3026 768 3109 jurati,
801 3025 973 3087 consiliarIi
998 3039 1029 3088 et
1062 3028 1202 3089 unIversi
1228 3029 1313 3090 cives
1337 3047 1372 3090 ac
1396 3039 1461 3088 tota

199 3136 415 3197 communitas
440 3137 577 3198 civitatis
600 3131 905 3214 Montisgrechensis
939 3132 1118 3215 supradicte
1143 3135 1221 3216 pari,
1254 3133 1406 3196 concordi
1432 3145 1462 3194 et

199 3242 346 3304 unanimi
370 3244 536 3306 voluntate
562 3243 676 3306 eodem
701 3241 752 3302 die
777 3253 955 3302 statuerunt
979 3253 1010 3300 et
1033 3239 1242 3303 decreverunt
1273 3240 1328 3302 tali
1353 3239 1463 3317 modo,

199 3361 234 3410 ut
258 3349 453 3431 quicumque
477 3351 555 3411 civis
579 3350 742 3431 utriusque
775 3367 868 3409 sexus
892 3360 1088 3428 compatrem
1121 3367 1215 3408 suum
1239 3367 1295 3409 seu
1320 3365 1462 3408 comma·

198 3469 279 3517 trem
311 3475 401 3517 suam
434 3457 536 3518 civem
567 3455 794 3538 vituperaverit
826 3467 880 3515 aut
914 3452 1088 3515 interficere
1120 3454 1260 3515 voluerit
1293 3471 1348 3514 seu
1373 3469 1461 3512 arma

199 3581 295 3644 super
318 3562 423 3644 ipsum
455 3562 614 3644 exceperit
645 3581 701 3624 seu
733 3561 885 3622 exemerit
917 3575 948 3621 et
971 3560 1078 3622 resciri
1110 3561 1227 3641 poterit
1258 3579 1314 3620 seu
1348 3556 1463 3620 exInde

200 3669 366 3730 convictus
389 3689 444 3730 seu
469 3669 613 3730 convicta
638 3667 743 3746 luerit,
767 3681 844 3728 tunc
866 3667 939 3728 talis
970 3666 1169 3748 vituperator
1193 3686 1249 3727 seu
1274 3663 1461 3726 malefactor

201 3788 256 3836 aut
280 3772 475 3837 malefactrix
500 3794 557 3858 pro
582 3775 686 3857 prImo
710 3793 768 3835 suo
795 3773 979 3834 huiusmodi
1002 3771 1160 3834 malefido
1185 3792 1243 3854 pro
1267 3772 1370 3854 prIma
1394 3771 1463 3830 vice

201 3894 383 3964 perpetrato
412 3882 515 3943 solvat
547 3901 605 3964 pro
636 3901 718 3963 pena
750 3880 851 3962 prIma
887 3899 984 3941 unam
1015 3898 1156 3940 marcam
1188 3879 1405 3955 denariorum,
1438 3877 1462 3937 si

201 4000 310 4048 autem
326 3988 517 4050 secundario
542 3987 573 4048 id
591 3989 696 4069 ipsum
722 3999 777 4048 aut
800 3986 904 4048 simile
922 3986 1160 4068 perpetraverit,
1185 3985 1288 4046 solvat
1306 4003 1363 4065 pro
1382 4003 1464 4065 pena

201 4093 342 4154 secunda
367 4093 446 4155 duas
470 4113 592 4155 marcas
616 4093 840 4168 denariorum;
864 4093 889 4152 si
914 4111 989 4152 vero
1006 4091 1152 4153 terciario
1182 4091 1322 4174 idipsum
1346 4102 1401 4150 aut
1424 4089 1464 4149 si·

202 4199 280 4261 mile
304 4200 501 4262 commiserit
526 4215 580 4261 aut
610 4199 839 4282 perpetraverit
867 4198 969 4260 solvat
1001 4218 1059 4279 pro
1083 4218 1165 4280 pena
1200 4197 1296 4260 tercia
1321 4197 1465 4278 quinque

202 4327 326 4369 marcas
350 4307 555 4368 denariorum
580 4306 620 4369 ad
645 4308 920 4382 communitatem,
949 4305 1026 4367 etsi
1057 4319 1170 4386 quarta
1195 4305 1264 4366 vice
1289 4304 1321 4365 id
1347 4316 1401 4364 aut
1425 4302 1465 4363 si·

203 4413 279 4474 mile
304 4412 414 4475 fecerit
437 4427 491 4476 aut
515 4413 628 4476 eadem
661 4413 871 4490 renovaverit,
903 4425 1018 4472 extunc
1047 4411 1132 4492 juxta
1162 4423 1311 4472 contenta
1336 4408 1465 4492 prIvile·

201 4520 329 4600 giorum
356 4533 536 4582 nostrorum
562 4521 713 4602 puniatur
730 4520 761 4580 in
780 4521 874 4579 rebus
898 4530 928 4578 et
945 4517 977 4578 in
1002 4537 1137 4598 persona
1156 4515 1466 4578 irremisionabiliter

203 4625 295 4687 nullo
327 4625 387 4688 sibi
416 4627 542 4709 penitus
574 4627 689 4688 exInde
721 4624 909 4706 quorumvis
942 4625 1084 4686 remedio
1117 4623 1310 4704 suffragente
1344 4623 1376 4683 in
1408 4622 1466 4683 hac

204 4746 310 4813 parte3
347 4733 400 4814 qui
426 4745 534 4794 autem
558 4753 616 4815 pro
641 4733 697 4793 tali
721 4729 926 4792 malefactore
958 4730 1098 4811 graciam
1130 4730 1190 4790 sibi
1215 4750 1232 4792 a
1258 4729 1352 4790 nobis
1377 4729 1466 4810 inpe-

204 4853 285 4900 trare
310 4840 544 4921 attemptaverit
567 4859 623 4900 seu
648 4839 805 4920 inpetrare
830 4837 977 4913 voluerit,
1015 4856 1089 4898 mox
1114 4836 1227 4897 eadem
1252 4855 1334 4918 pena
1362 4835 1466 4916 subja-

205 4959 273 5005 ceat
304 4945 613 5006 irremisionabiliter
644 4943 897 5025 condempnatus
929 4943 1020 5004 nullo
1052 4943 1111 5003 sibi
1143 4943 1290 5003 similiter
1322 4941 1466 5002 remedio

204 5049 395 5134 suffragante
420 5052 452 5112 in
477 5050 534 5112 hac
559 5065 657 5134 parte.
682 5087 725 5096 -
750 5051 814 5130 Qui
839 5069 915 5117 vero
940 5069 977 5111 ex
1009 5049 1135 5113 inclinis
1161 5061 1216 5110 aut
1239 5047 1466 5130 jobagionibus
