<?xml version="1.0" encoding="UTF-8"?>
<!DOCTYPE html PUBLIC "-//W3C//DTD XHTML 1.0 Transitional//EN"
    "http://www.w3.org/TR/xhtml1/DTD/xhtml1-transitional.dtd">
<html xmlns="http://www.w3.org/1999/xhtml" xml:lang="en" lang="en">
 <head>
  <title>
</title>
<meta http-equiv="Content-Type" content="text/html;charset=utf-8" />
  <meta name='ocr-system' content='tesseract 3.04.00' />
  <meta name='ocr-capabilities' content='ocr_page ocr_carea ocr_par ocr_line ocrx_word'/>
</head>
<body>
  <div class='ocr_page' id='page_1' title='image "./monumentahistor14laszgoog_0152.png"; bbox 0 0 3740 5810; ppageno 0'>
   <div class='ocr_carea' id='block_1_1' title="bbox 446 553 1303 634">
    <p class='ocr_par' dir='ltr' id='par_1_1' title="bbox 446 553 1303 634">
     <span class='ocr_line' id='line_1_1' title="bbox 446 553 1303 634; baseline 0.001 -18"><span class='ocrx_word' id='word_1_1' title='bbox 446 573 507 634; x_wconf 82' lang='lat'>104</span> <span class='ocrx_word' id='word_1_2' title='bbox 867 557 954 616; x_wconf 86' lang='lat' dir='ltr'>Anno</span> <span class='ocrx_word' id='word_1_3' title='bbox 978 571 1067 634; x_wconf 69' lang='lat'><em>1421.</em></span> <span class='ocrx_word' id='word_1_4' title='bbox 1094 589 1134 600; x_wconf 90' lang='lat'>-</span> <span class='ocrx_word' id='word_1_5' title='bbox 1161 553 1192 617; x_wconf 82' lang='grc' dir='ltr'>ό.</span> <span class='ocrx_word' id='word_1_6' title='bbox 1208 560 1303 632; x_wconf 80' lang='lat' dir='ltr'>junii.</span> 
     </span>
    </p>
   </div>
   <div class='ocr_carea' id='block_1_2' title="bbox 440 767 1701 1697">
    <p class='ocr_par' dir='ltr' id='par_1_2' title="bbox 441 767 1699 1045">
     <span class='ocr_line' id='line_1_2' title="bbox 547 767 1694 852; baseline 0.003 -24"><span class='ocrx_word' id='word_1_7' title='bbox 547 767 625 828; x_wconf 90' lang='lat' dir='ltr'>item</span> <span class='ocrx_word' id='word_1_8' title='bbox 656 767 832 850; x_wconf 77' lang='lat' dir='ltr'>Gregorius</span> <span class='ocrx_word' id='word_1_9' title='bbox 866 768 992 851; x_wconf 86' lang='lat' dir='ltr'>pridem</span> <span class='ocrx_word' id='word_1_10' title='bbox 1022 769 1143 851; x_wconf 86' lang='lat' dir='ltr'>juratus</span> <span class='ocrx_word' id='word_1_11' title='bbox 1173 781 1288 832; x_wconf 89' lang='lat' dir='ltr'>octavo</span> <span class='ocrx_word' id='word_1_12' title='bbox 1319 769 1372 831; x_wconf 87' lang='lat' dir='ltr'>die</span> <span class='ocrx_word' id='word_1_13' title='bbox 1403 771 1566 832; x_wconf 86' lang='lat' dir='ltr'>tenebitur</span> <span class='ocrx_word' id='word_1_14' title='bbox 1596 770 1694 852; x_wconf 85' lang='lat' dir='ltr'>jurare</span> 
     </span>
     <span class='ocr_line' id='line_1_3' title="bbox 441 873 1699 959; baseline 0.001 -22"><span class='ocrx_word' id='word_1_15' title='bbox 441 887 550 937; x_wconf 89' lang='lat' dir='ltr'>contra</span> <span class='ocrx_word' id='word_1_16' title='bbox 575 873 705 936; x_wconf 89' lang='lat' dir='ltr'>Petrum</span> <span class='ocrx_word' id='word_1_17' title='bbox 729 873 853 957; x_wconf 85' lang='lat' dir='ltr'>pridem</span> <span class='ocrx_word' id='word_1_18' title='bbox 870 873 1010 956; x_wconf 90' lang='lat' dir='ltr'>juratum</span> <span class='ocrx_word' id='word_1_19' title='bbox 1032 875 1163 937; x_wconf 82' lang='lat' dir='ltr'>racione</span> <span class='ocrx_word' id='word_1_20' title='bbox 1179 875 1281 956; x_wconf 84' lang='lat' dir='ltr'>bovis,</span> <span class='ocrx_word' id='word_1_21' title='bbox 1299 875 1388 959; x_wconf 92' lang='lat' dir='ltr'>quod</span> <span class='ocrx_word' id='word_1_22' title='bbox 1404 876 1437 938; x_wconf 94' lang='lat' dir='ltr'>in</span> <span class='ocrx_word' id='word_1_23' title='bbox 1455 875 1587 939; x_wconf 86' lang='lat' dir='ltr'>accione</span> <span class='ocrx_word' id='word_1_24' title='bbox 1603 877 1699 958; x_wconf 89' lang='lat' dir='ltr'>ipsius</span> 
     </span>
     <span class='ocr_line' id='line_1_4' title="bbox 442 980 999 1045; baseline 0.005 -3"><span class='ocrx_word' id='word_1_25' title='bbox 442 980 526 1042; x_wconf 89' lang='lat' dir='ltr'>Petri</span> <span class='ocrx_word' id='word_1_26' title='bbox 550 980 705 1042; x_wconf 88' lang='lat' dir='ltr'>innocens</span> <span class='ocrx_word' id='word_1_27' title='bbox 727 981 768 1044; x_wconf 92' lang='lat' dir='ltr'>sit</span> <span class='ocrx_word' id='word_1_28' title='bbox 792 993 823 1044; x_wconf 86' lang='lat' dir='ltr'>et</span> <span class='ocrx_word' id='word_1_29' title='bbox 847 981 999 1045; x_wconf 88' lang='lat' dir='ltr'>inmunis.</span> 
     </span>
    </p>

    <p class='ocr_par' dir='ltr' id='par_1_3' title="bbox 440 1087 1701 1697">
     <span class='ocr_line' id='line_1_5' title="bbox 549 1087 1698 1170; baseline 0.001 -20"><span class='ocrx_word' id='word_1_30' title='bbox 549 1087 627 1150; x_wconf 88' lang='lat' dir='ltr'>Item</span> <span class='ocrx_word' id='word_1_31' title='bbox 650 1088 726 1170; x_wconf 88' lang='lat' dir='ltr'>quia</span> <span class='ocrx_word' id='word_1_32' title='bbox 751 1087 907 1166; x_wconf 81' lang='lat' dir='ltr'>Thomas,</span> <span class='ocrx_word' id='word_1_33' title='bbox 931 1088 1076 1150; x_wconf 87' lang='lat' dir='ltr'>Andreas</span> <span class='ocrx_word' id='word_1_34' title='bbox 1099 1102 1131 1151; x_wconf 92' lang='lat' dir='ltr'>et</span> <span class='ocrx_word' id='word_1_35' title='bbox 1156 1087 1293 1151; x_wconf 90' lang='lat' dir='ltr'>Michael</span> <span class='ocrx_word' id='word_1_36' title='bbox 1320 1088 1397 1151; x_wconf 90' lang='lat' dir='ltr'>item</span> <span class='ocrx_word' id='word_1_37' title='bbox 1422 1101 1453 1151; x_wconf 92' lang='lat' dir='ltr'>et</span> <span class='ocrx_word' id='word_1_38' title='bbox 1477 1089 1630 1152; x_wconf 88' lang='lat' dir='ltr'>Clemens</span> <span class='ocrx_word' id='word_1_39' title='bbox 1653 1089 1698 1170; x_wconf 93' lang='lat' dir='ltr'>jo·</span> 
     </span>
     <span class='ocr_line' id='line_1_6' title="bbox 442 1193 1700 1278; baseline 0 -22"><span class='ocrx_word' id='word_1_40' title='bbox 442 1195 598 1277; x_wconf 87' lang='lat' dir='ltr'>bagiones</span> <span class='ocrx_word' id='word_1_41' title='bbox 628 1194 754 1256; x_wconf 83' lang='lat' dir='ltr'>Nicolai</span> <span class='ocrx_word' id='word_1_42' title='bbox 788 1195 899 1257; x_wconf 91' lang='lat' dir='ltr'>Thoth</span> <span class='ocrx_word' id='word_1_43' title='bbox 931 1193 964 1256; x_wconf 89' lang='lat' dir='ltr'>in</span> <span class='ocrx_word' id='word_1_44' title='bbox 997 1194 1162 1258; x_wconf 89' lang='lat' dir='ltr'>Sterniech</span> <span class='ocrx_word' id='word_1_45' title='bbox 1192 1195 1368 1258; x_wconf 89' lang='lat' dir='ltr'>residentes</span> <span class='ocrx_word' id='word_1_46' title='bbox 1390 1195 1423 1256; x_wconf 89' lang='lat' dir='ltr'>in</span> <span class='ocrx_word' id='word_1_47' title='bbox 1457 1209 1587 1278; x_wconf 91' lang='lat' dir='ltr'>aspectu</span> <span class='ocrx_word' id='word_1_48' title='bbox 1618 1195 1700 1257; x_wconf 84' lang='lat' dir='ltr'>lwan</span> 
     </span>
     <span class='ocr_line' id='line_1_7' title="bbox 440 1299 1701 1385; baseline -0.002 -21"><span class='ocrx_word' id='word_1_49' title='bbox 440 1300 630 1364; x_wconf 88' lang='lat' dir='ltr'>testimonio</span> <span class='ocrx_word' id='word_1_50' title='bbox 654 1314 886 1379; x_wconf 88' lang='lat' dir='ltr'>convenerunt,</span> <span class='ocrx_word' id='word_1_51' title='bbox 911 1301 999 1382; x_wconf 91' lang='lat' dir='ltr'>quod</span> <span class='ocrx_word' id='word_1_52' title='bbox 1024 1321 1082 1384; x_wconf 93' lang='lat' dir='ltr'>pro</span> <span class='ocrx_word' id='word_1_53' title='bbox 1107 1300 1270 1385; x_wconf 90' lang='lat' dir='ltr'>Stephano</span> <span class='ocrx_word' id='word_1_54' title='bbox 1287 1299 1489 1364; x_wconf 83' lang='lat' dir='ltr'>fideiussores</span> <span class='ocrx_word' id='word_1_55' title='bbox 1515 1300 1648 1364; x_wconf 88' lang='lat' dir='ltr'>luissent</span> <span class='ocrx_word' id='word_1_56' title='bbox 1670 1315 1701 1364; x_wconf 92' lang='lat' dir='ltr'>et</span> 
     </span>
     <span class='ocr_line' id='line_1_8' title="bbox 442 1406 1699 1490; baseline 0.002 -22"><span class='ocrx_word' id='word_1_57' title='bbox 442 1421 557 1488; x_wconf 79' lang='lat' dir='ltr'>essent,</span> <span class='ocrx_word' id='word_1_58' title='bbox 580 1407 655 1469; x_wconf 92' lang='lat' dir='ltr'>ideo</span> <span class='ocrx_word' id='word_1_59' title='bbox 679 1407 773 1490; x_wconf 89' lang='lat' dir='ltr'>jurati</span> <span class='ocrx_word' id='word_1_60' title='bbox 797 1406 1032 1490; x_wconf 80' lang='lat' dir='ltr'>adjudicarunt,</span> <span class='ocrx_word' id='word_1_61' title='bbox 1056 1420 1091 1470; x_wconf 90' lang='lat' dir='ltr'>ut</span> <span class='ocrx_word' id='word_1_62' title='bbox 1116 1406 1197 1470; x_wconf 85' lang='lat' dir='ltr'>infra</span> <span class='ocrx_word' id='word_1_63' title='bbox 1228 1421 1292 1469; x_wconf 90' lang='lat' dir='ltr'>tres</span> <span class='ocrx_word' id='word_1_64' title='bbox 1316 1407 1441 1470; x_wconf 90' lang='lat' dir='ltr'>diesin</span> <span class='ocrx_word' id='word_1_65' title='bbox 1466 1428 1592 1470; x_wconf 88' lang='lat' dir='ltr'>carcere</span> <span class='ocrx_word' id='word_1_66' title='bbox 1615 1427 1699 1470; x_wconf 92' lang='lat' dir='ltr'>com-</span> 
     </span>
     <span class='ocr_line' id='line_1_9' title="bbox 441 1513 1701 1596; baseline 0 -20"><span class='ocrx_word' id='word_1_67' title='bbox 441 1513 542 1592; x_wconf 90' lang='lat' dir='ltr'>muni,</span> <span class='ocrx_word' id='word_1_68' title='bbox 572 1525 645 1596; x_wconf 89' lang='lat' dir='ltr'>post</span> <span class='ocrx_word' id='word_1_69' title='bbox 675 1527 739 1575; x_wconf 87' lang='lat' dir='ltr'>tres</span> <span class='ocrx_word' id='word_1_70' title='bbox 768 1513 837 1576; x_wconf 86' lang='lat' dir='ltr'>dies</span> <span class='ocrx_word' id='word_1_71' title='bbox 868 1513 945 1596; x_wconf 88' lang='lat' dir='ltr'>ipsis</span> <span class='ocrx_word' id='word_1_72' title='bbox 976 1513 1044 1576; x_wconf 92' lang='lat' dir='ltr'>dari</span> <span class='ocrx_word' id='word_1_73' title='bbox 1076 1513 1192 1578; x_wconf 89' lang='lat' dir='ltr'>debeat</span> <span class='ocrx_word' id='word_1_74' title='bbox 1226 1513 1282 1576; x_wconf 87' lang='lat' dir='ltr'>sed</span> <span class='ocrx_word' id='word_1_75' title='bbox 1315 1527 1400 1576; x_wconf 85' lang='lat' dir='ltr'>extra</span> <span class='ocrx_word' id='word_1_76' title='bbox 1433 1514 1613 1595; x_wconf 89' lang='lat' dir='ltr'>civitatem,</span> <span class='ocrx_word' id='word_1_77' title='bbox 1643 1534 1701 1578; x_wconf 89' lang='lat' dir='ltr'>nec</span> 
     </span>
     <span class='ocr_line' id='line_1_10' title="bbox 441 1623 692 1697; baseline 0.008 -15"><span class='ocrx_word' id='word_1_78' title='bbox 441 1632 591 1682; x_wconf 89' lang='lat' dir='ltr'>mortem.</span> <span class='ocrx_word' id='word_1_79' title='bbox 615 1623 692 1697; x_wconf 85' lang='lat' dir='ltr'>(sic).</span> 
     </span>
    </p>
   </div>
   <div class='ocr_carea' id='block_1_3' title="bbox 611 1821 1536 1912">
    <p class='ocr_par' dir='ltr' id='par_1_4' title="bbox 611 1821 1536 1912">
     <span class='ocr_line' id='line_1_11' title="bbox 611 1821 1536 1912; baseline 0.001 -19"><span class='ocrx_word' id='word_1_80' title='bbox 611 1821 757 1894; x_wconf 82' lang='lat' dir='ltr'>Sabbata</span> <span class='ocrx_word' id='word_1_81' title='bbox 784 1823 937 1910; x_wconf 86' lang='lat' dir='ltr'>proximo</span> <span class='ocrx_word' id='word_1_82' title='bbox 965 1829 1042 1911; x_wconf 90' lang='lat' dir='ltr'>post</span> <span class='ocrx_word' id='word_1_83' title='bbox 1069 1822 1193 1895; x_wconf 84' lang='lat' dir='ltr'>testum</span> <span class='ocrx_word' id='word_1_84' title='bbox 1221 1825 1374 1912; x_wconf 88' lang='lat' dir='ltr'>corporis</span> <span class='ocrx_word' id='word_1_85' title='bbox 1402 1821 1536 1894; x_wconf 84' lang='lat' dir='ltr'>Christi.</span> 
     </span>
    </p>
   </div>
   <div class='ocr_carea' id='block_1_4' title="bbox 441 1971 1697 2306">
    <p class='ocr_par' dir='ltr' id='par_1_5' title="bbox 441 1971 1697 2306">
     <span class='ocr_line' id='line_1_12' title="bbox 980 1971 1167 2057; baseline 0.027 -24"><span class='ocrx_word' id='word_1_86' title='bbox 980 1971 1047 2055; x_wconf 72' lang='lat'>(24.</span> <span class='ocrx_word' id='word_1_87' title='bbox 1071 1973 1167 2057; x_wconf 82' lang='lat' dir='ltr'>maii).</span> 
     </span>
     <span class='ocr_line' id='line_1_13' title="bbox 550 2114 1697 2200; baseline 0.001 -24"><span class='ocrx_word' id='word_1_88' title='bbox 550 2115 678 2177; x_wconf 87' lang='lat' dir='ltr'>Judices</span> <span class='ocrx_word' id='word_1_89' title='bbox 701 2115 844 2178; x_wconf 88' lang='lat' dir='ltr'>seniores</span> <span class='ocrx_word' id='word_1_90' title='bbox 859 2114 1093 2197; x_wconf 87' lang='lat' dir='ltr'>adjudicarunt,</span> <span class='ocrx_word' id='word_1_91' title='bbox 1117 2115 1206 2198; x_wconf 91' lang='lat' dir='ltr'>quod</span> <span class='ocrx_word' id='word_1_92' title='bbox 1223 2116 1334 2178; x_wconf 89' lang='lat' dir='ltr'>Petrus</span> <span class='ocrx_word' id='word_1_93' title='bbox 1357 2114 1442 2178; x_wconf 90' lang='lat' dir='ltr'>filius</span> <span class='ocrx_word' id='word_1_94' title='bbox 1462 2116 1608 2200; x_wconf 82' lang='lat' dir='ltr'>Gregorii</span> <span class='ocrx_word' id='word_1_95' title='bbox 1625 2136 1697 2178; x_wconf 93' lang='lat' dir='ltr'>con·</span> 
     </span>
     <span class='ocr_line' id='line_1_14' title="bbox 441 2220 1695 2306; baseline -0.001 -21"><span class='ocrx_word' id='word_1_96' title='bbox 441 2223 520 2285; x_wconf 88' lang='lat' dir='ltr'>civis</span> <span class='ocrx_word' id='word_1_97' title='bbox 545 2235 660 2284; x_wconf 86' lang='lat' dir='ltr'>octavo</span> <span class='ocrx_word' id='word_1_98' title='bbox 685 2221 737 2284; x_wconf 92' lang='lat' dir='ltr'>die</span> <span class='ocrx_word' id='word_1_99' title='bbox 762 2221 827 2283; x_wconf 93' lang='lat' dir='ltr'>diei</span> <span class='ocrx_word' id='word_1_100' title='bbox 850 2220 945 2284; x_wconf 92' lang='lat' dir='ltr'>huius</span> <span class='ocrx_word' id='word_1_101' title='bbox 961 2223 1122 2284; x_wconf 89' lang='lat' dir='ltr'>tenebitur</span> <span class='ocrx_word' id='word_1_102' title='bbox 1138 2235 1277 2304; x_wconf 87' lang='lat' dir='ltr'>prestare</span> <span class='ocrx_word' id='word_1_103' title='bbox 1301 2221 1517 2303; x_wconf 82' lang='lat' dir='ltr'>juramentum</span> <span class='ocrx_word' id='word_1_104' title='bbox 1540 2243 1633 2306; x_wconf 88' lang='lat' dir='ltr'>super</span> <span class='ocrx_word' id='word_1_105' title='bbox 1648 2242 1695 2300; x_wconf 90' lang='lat' dir='ltr'>eo,</span> 
     </span>
    </p>
   </div>
   <div class='ocr_carea' id='block_1_5' title="bbox 442 2328 1695 2518">
    <p class='ocr_par' dir='ltr' id='par_1_6' title="bbox 442 2328 1695 2518">
     <span class='ocr_line' id='line_1_15' title="bbox 442 2328 1695 2412; baseline 0 -22"><span class='ocrx_word' id='word_1_106' title='bbox 442 2328 531 2411; x_wconf 93' lang='lat' dir='ltr'>quod</span> <span class='ocrx_word' id='word_1_107' title='bbox 556 2329 623 2411; x_wconf 87' lang='lat' dir='ltr'>ipse</span> <span class='ocrx_word' id='word_1_108' title='bbox 648 2347 687 2390; x_wconf 93' lang='lat' dir='ltr'>eo</span> <span class='ocrx_word' id='word_1_109' title='bbox 718 2343 863 2412; x_wconf 87' lang='lat' dir='ltr'>tempore</span> <span class='ocrx_word' id='word_1_110' title='bbox 895 2348 960 2410; x_wconf 92' lang='lat' dir='ltr'>quo</span> <span class='ocrx_word' id='word_1_111' title='bbox 992 2329 1170 2392; x_wconf 84' lang='lat' dir='ltr'>recessisset</span> <span class='ocrx_word' id='word_1_112' title='bbox 1200 2343 1231 2392; x_wconf 90' lang='lat' dir='ltr'>et</span> <span class='ocrx_word' id='word_1_113' title='bbox 1254 2329 1342 2391; x_wconf 90' lang='lat' dir='ltr'>venit</span> <span class='ocrx_word' id='word_1_114' title='bbox 1372 2331 1472 2391; x_wconf 90' lang='lat' dir='ltr'>nostri</span> <span class='ocrx_word' id='word_1_115' title='bbox 1501 2331 1533 2391; x_wconf 94' lang='lat' dir='ltr'>in</span> <span class='ocrx_word' id='word_1_116' title='bbox 1558 2329 1695 2391; x_wconf 88' lang='lat' dir='ltr'>medium</span> 
     </span>
     <span class='ocr_line' id='line_1_16' title="bbox 442 2433 1059 2518; baseline 0.002 -22"><span class='ocrx_word' id='word_1_117' title='bbox 442 2434 550 2496; x_wconf 86' lang='lat' dir='ltr'>nullos</span> <span class='ocrx_word' id='word_1_118' title='bbox 574 2434 686 2498; x_wconf 91' lang='lat' dir='ltr'>habuit</span> <span class='ocrx_word' id='word_1_119' title='bbox 709 2455 768 2518; x_wconf 92' lang='lat' dir='ltr'>pro</span> <span class='ocrx_word' id='word_1_120' title='bbox 791 2454 823 2496; x_wconf 89' lang='lat' dir='ltr'>se</span> <span class='ocrx_word' id='word_1_121' title='bbox 847 2433 1059 2517; x_wconf 84' lang='lat' dir='ltr'>fidejussores.</span> 
     </span>
    </p>
   </div>
   <div class='ocr_carea' id='block_1_6' title="bbox 587 2632 1552 2868">
    <p class='ocr_par' dir='ltr' id='par_1_7' title="bbox 587 2632 1552 2868">
     <span class='ocr_line' id='line_1_17' title="bbox 587 2632 1552 2726; baseline 0.002 -18"><span class='ocrx_word' id='word_1_122' title='bbox 587 2632 683 2708; x_wconf 87' lang='lat' dir='ltr'>Feria</span> <span class='ocrx_word' id='word_1_123' title='bbox 711 2643 810 2708; x_wconf 82' lang='lat' dir='ltr'>serta</span> <span class='ocrx_word' id='word_1_124' title='bbox 836 2637 991 2726; x_wconf 86' lang='lat' dir='ltr'>proxima</span> <span class='ocrx_word' id='word_1_125' title='bbox 1019 2644 1098 2708; x_wconf 90' lang='lat' dir='ltr'>ante</span> <span class='ocrx_word' id='word_1_126' title='bbox 1124 2637 1245 2708; x_wconf 82' lang='lat' dir='ltr'>testum</span> <span class='ocrx_word' id='word_1_127' title='bbox 1272 2638 1362 2710; x_wconf 88' lang='lat' dir='ltr'>beati</span> <span class='ocrx_word' id='word_1_128' title='bbox 1391 2638 1552 2712; x_wconf 87' lang='lat' dir='ltr'>Barnabe.</span> 
     </span>
     <span class='ocr_line' id='line_1_18' title="bbox 986 2761 1159 2868; baseline 0.017 -19"><span class='ocrx_word' id='word_1_129' title='bbox 986 2761 1030 2868; x_wconf 71' lang='grc' dir='ltr'>(ὅ.</span> <span class='ocrx_word' id='word_1_130' title='bbox 1053 2791 1159 2868; x_wconf 84' lang='lat' dir='ltr'>junii).</span> 
     </span>
    </p>
   </div>
   <div class='ocr_carea' id='block_1_7' title="bbox 441 2949 1701 5161">
    <p class='ocr_par' dir='ltr' id='par_1_8' title="bbox 443 2949 1696 3139">
     <span class='ocr_line' id='line_1_19' title="bbox 551 2949 1696 3035; baseline -0.001 -22"><span class='ocrx_word' id='word_1_131' title='bbox 551 2949 657 3013; x_wconf 89' lang='lat' dir='ltr'>Causa</span> <span class='ocrx_word' id='word_1_132' title='bbox 682 2949 764 3012; x_wconf 91' lang='lat' dir='ltr'>inter</span> <span class='ocrx_word' id='word_1_133' title='bbox 788 2951 943 3012; x_wconf 87' lang='lat' dir='ltr'>Jacobum</span> <span class='ocrx_word' id='word_1_134' title='bbox 967 2950 1061 3032; x_wconf 80' lang='lat' dir='ltr'>Briga</span> <span class='ocrx_word' id='word_1_135' title='bbox 1086 2963 1117 3013; x_wconf 92' lang='lat' dir='ltr'>et</span> <span class='ocrx_word' id='word_1_136' title='bbox 1133 2950 1302 3013; x_wconf 90' lang='lat' dir='ltr'>dominum</span> <span class='ocrx_word' id='word_1_137' title='bbox 1327 2951 1504 3034; x_wconf 81' lang='lat' dir='ltr'>Georgium</span> <span class='ocrx_word' id='word_1_138' title='bbox 1528 2952 1696 3035; x_wconf 85' lang='lat' dir='ltr'>plebanum</span> 
     </span>
     <span class='ocr_line' id='line_1_20' title="bbox 443 3055 1210 3139; baseline 0.003 -21"><span class='ocrx_word' id='word_1_139' title='bbox 443 3055 483 3118; x_wconf 89' lang='lat' dir='ltr'>de</span> <span class='ocrx_word' id='word_1_140' title='bbox 507 3056 684 3119; x_wconf 87' lang='lat' dir='ltr'>Moroucha</span> <span class='ocrx_word' id='word_1_141' title='bbox 706 3071 876 3139; x_wconf 89' lang='lat' dir='ltr'>prorogata</span> <span class='ocrx_word' id='word_1_142' title='bbox 901 3069 947 3118; x_wconf 92' lang='lat' dir='ltr'>est</span> <span class='ocrx_word' id='word_1_143' title='bbox 969 3056 1010 3120; x_wconf 88' lang='lat' dir='ltr'>ad</span> <span class='ocrx_word' id='word_1_144' title='bbox 1034 3069 1107 3122; x_wconf 92' lang='lat' dir='ltr'>octo</span> <span class='ocrx_word' id='word_1_145' title='bbox 1131 3058 1210 3120; x_wconf 87' lang='lat' dir='ltr'>dies.</span> 
     </span>
    </p>

    <p class='ocr_par' dir='ltr' id='par_1_9' title="bbox 443 3161 1693 3354">
     <span class='ocr_line' id='line_1_21' title="bbox 549 3161 1693 3247; baseline 0.001 -22"><span class='ocrx_word' id='word_1_146' title='bbox 549 3163 627 3225; x_wconf 90' lang='lat' dir='ltr'>Item</span> <span class='ocrx_word' id='word_1_147' title='bbox 645 3163 757 3226; x_wconf 88' lang='lat' dir='ltr'>Petrus</span> <span class='ocrx_word' id='word_1_148' title='bbox 780 3161 864 3225; x_wconf 89' lang='lat' dir='ltr'>filius</span> <span class='ocrx_word' id='word_1_149' title='bbox 882 3162 1029 3246; x_wconf 89' lang='lat' dir='ltr'>Gregorii</span> <span class='ocrx_word' id='word_1_150' title='bbox 1046 3164 1145 3226; x_wconf 91' lang='lat' dir='ltr'>tercio</span> <span class='ocrx_word' id='word_1_151' title='bbox 1161 3163 1229 3246; x_wconf 83' lang='lat' dir='ltr'>(se),</span> <span class='ocrx_word' id='word_1_152' title='bbox 1253 3178 1363 3227; x_wconf 91' lang='lat' dir='ltr'>contra</span> <span class='ocrx_word' id='word_1_153' title='bbox 1380 3185 1461 3246; x_wconf 91' lang='lat' dir='ltr'>quos</span> <span class='ocrx_word' id='word_1_154' title='bbox 1485 3185 1590 3247; x_wconf 89' lang='lat' dir='ltr'>supra,</span> <span class='ocrx_word' id='word_1_155' title='bbox 1606 3183 1693 3226; x_wconf 88' lang='lat' dir='ltr'>suum</span> 
     </span>
     <span class='ocr_line' id='line_1_22' title="bbox 443 3253 1434 3354; baseline -0.002 -22"><span class='ocrx_word' id='word_1_156' title='bbox 443 3270 593 3354; x_wconf 89' lang='lat' dir='ltr'>deposuit</span> <span class='ocrx_word' id='word_1_157' title='bbox 616 3269 843 3352; x_wconf 89' lang='lat' dir='ltr'>juramentum.</span> <span class='ocrx_word' id='word_1_158' title='bbox 1431 3253 1434 3260; x_wconf 59' lang='grc'><strong>’</strong></span> 
     </span>
    </p>

    <p class='ocr_par' dir='ltr' id='par_1_10' title="bbox 441 3375 1693 3564">
     <span class='ocr_line' id='line_1_23' title="bbox 549 3375 1693 3440; baseline 0.002 -4"><span class='ocrx_word' id='word_1_159' title='bbox 549 3375 628 3437; x_wconf 90' lang='lat' dir='ltr'>ltem</span> <span class='ocrx_word' id='word_1_160' title='bbox 653 3375 790 3437; x_wconf 87' lang='lat' dir='ltr'>Michael</span> <span class='ocrx_word' id='word_1_161' title='bbox 815 3376 930 3438; x_wconf 84' lang='lat' dir='ltr'>Duoelr</span> <span class='ocrx_word' id='word_1_162' title='bbox 954 3389 1063 3438; x_wconf 88' lang='lat' dir='ltr'>contra</span> <span class='ocrx_word' id='word_1_163' title='bbox 1088 3375 1291 3440; x_wconf 88' lang='lat' dir='ltr'>Clementem</span> <span class='ocrx_word' id='word_1_164' title='bbox 1320 3391 1462 3440; x_wconf 90' lang='lat' dir='ltr'>sutorem</span> <span class='ocrx_word' id='word_1_165' title='bbox 1486 3378 1625 3440; x_wconf 90' lang='lat' dir='ltr'>secundo</span> <span class='ocrx_word' id='word_1_166' title='bbox 1656 3377 1693 3438; x_wconf 90' lang='lat' dir='ltr'>ci·</span> 
     </span>
     <span class='ocr_line' id='line_1_24' title="bbox 441 3482 828 3564; baseline 0 -19"><span class='ocrx_word' id='word_1_167' title='bbox 441 3495 526 3546; x_wconf 83' lang='lat' dir='ltr'>tatus</span> <span class='ocrx_word' id='word_1_168' title='bbox 549 3502 614 3544; x_wconf 91' lang='lat' dir='ltr'>non</span> <span class='ocrx_word' id='word_1_169' title='bbox 639 3482 828 3564; x_wconf 87' lang='lat' dir='ltr'>comparuit.</span> 
     </span>
    </p>

    <p class='ocr_par' dir='ltr' id='par_1_11' title="bbox 443 3587 1695 3778">
     <span class='ocr_line' id='line_1_25' title="bbox 551 3587 1695 3672; baseline 0.003 -23"><span class='ocrx_word' id='word_1_170' title='bbox 551 3587 628 3649; x_wconf 89' lang='lat' dir='ltr'>ltem</span> <span class='ocrx_word' id='word_1_171' title='bbox 652 3601 754 3650; x_wconf 89' lang='lat' dir='ltr'>sartor</span> <span class='ocrx_word' id='word_1_172' title='bbox 778 3587 872 3650; x_wconf 84' lang='lat' dir='ltr'>frater</span> <span class='ocrx_word' id='word_1_173' title='bbox 890 3588 1057 3651; x_wconf 87' lang='lat' dir='ltr'>Michaelis</span> <span class='ocrx_word' id='word_1_174' title='bbox 1079 3589 1194 3671; x_wconf 90' lang='lat' dir='ltr'>judicis</span> <span class='ocrx_word' id='word_1_175' title='bbox 1218 3603 1327 3652; x_wconf 89' lang='lat' dir='ltr'>contra</span> <span class='ocrx_word' id='word_1_176' title='bbox 1349 3590 1527 3672; x_wconf 87' lang='lat' dir='ltr'>Georgium</span> <span class='ocrx_word' id='word_1_177' title='bbox 1550 3604 1695 3652; x_wconf 88' lang='lat' dir='ltr'>sartorem</span> 
     </span>
     <span class='ocr_line' id='line_1_26' title="bbox 443 3695 991 3778; baseline 0.002 -22"><span class='ocrx_word' id='word_1_178' title='bbox 443 3695 548 3778; x_wconf 91' lang='lat' dir='ltr'>primo</span> <span class='ocrx_word' id='word_1_179' title='bbox 572 3695 685 3755; x_wconf 88' lang='lat' dir='ltr'>citatus</span> <span class='ocrx_word' id='word_1_180' title='bbox 711 3714 777 3756; x_wconf 92' lang='lat' dir='ltr'>non</span> <span class='ocrx_word' id='word_1_181' title='bbox 802 3695 991 3777; x_wconf 90' lang='lat' dir='ltr'>comparuit.</span> 
     </span>
    </p>

    <p class='ocr_par' dir='ltr' id='par_1_12' title="bbox 443 3801 1696 4200">
     <span class='ocr_line' id='line_1_27' title="bbox 549 3801 1695 3882; baseline 0.003 -22"><span class='ocrx_word' id='word_1_182' title='bbox 549 3801 626 3862; x_wconf 91' lang='lat' dir='ltr'>Item</span> <span class='ocrx_word' id='word_1_183' title='bbox 656 3801 791 3882; x_wconf 93' lang='lat' dir='ltr'>provida</span> <span class='ocrx_word' id='word_1_184' title='bbox 808 3801 938 3863; x_wconf 90' lang='lat' dir='ltr'>domina</span> <span class='ocrx_word' id='word_1_185' title='bbox 957 3802 1360 3866; x_wconf 86' lang='lat' dir='ltr'>Elizabethcommissaria</span> <span class='ocrx_word' id='word_1_186' title='bbox 1377 3803 1515 3865; x_wconf 89' lang='lat' dir='ltr'>condam</span> <span class='ocrx_word' id='word_1_187' title='bbox 1533 3801 1695 3865; x_wconf 91' lang='lat' dir='ltr'>Elizabeth</span> 
     </span>
     <span class='ocr_line' id='line_1_28' title="bbox 443 3906 1696 3991; baseline 0.002 -23"><span class='ocrx_word' id='word_1_188' title='bbox 443 3907 541 3968; x_wconf 91' lang='lat' dir='ltr'>Blasii</span> <span class='ocrx_word' id='word_1_189' title='bbox 566 3907 751 3988; x_wconf 72' lang='lat' dir='ltr'>Purgmich,</span> <span class='ocrx_word' id='word_1_190' title='bbox 775 3906 946 3968; x_wconf 91' lang='lat' dir='ltr'>dimidium</span> <span class='ocrx_word' id='word_1_191' title='bbox 980 3909 1127 3970; x_wconf 87' lang='lat' dir='ltr'>omnium</span> <span class='ocrx_word' id='word_1_192' title='bbox 1159 3910 1321 3970; x_wconf 91' lang='lat' dir='ltr'>bonorum</span> <span class='ocrx_word' id='word_1_193' title='bbox 1344 3909 1443 3991; x_wconf 89' lang='lat' dir='ltr'>ipsius</span> <span class='ocrx_word' id='word_1_194' title='bbox 1468 3910 1604 3972; x_wconf 88' lang='lat' dir='ltr'>condam</span> <span class='ocrx_word' id='word_1_195' title='bbox 1636 3909 1696 3972; x_wconf 89' lang='lat' dir='ltr'>Eli·</span> 
     </span>
     <span class='ocr_line' id='line_1_29' title="bbox 444 3997 1696 4098; baseline 0.001 -23"><span class='ocrx_word' id='word_1_196' title='bbox 444 4013 569 4092; x_wconf 84' lang='lat' dir='ltr'>zabeth,</span> <span class='ocrx_word' id='word_1_197' title='bbox 594 4013 738 4074; x_wconf 89' lang='lat' dir='ltr'>medium</span> <span class='ocrx_word' id='word_1_198' title='bbox 764 4014 850 4074; x_wconf 90' lang='lat' dir='ltr'>misit</span> <span class='ocrx_word' id='word_1_199' title='bbox 882 4014 921 4074; x_wconf 94' lang='lat' dir='ltr'>ad</span> <span class='ocrx_word' id='word_1_200' title='bbox 945 4033 1026 4095; x_wconf 91' lang='lat' dir='ltr'>opus</span> <span class='ocrx_word' id='word_1_201' title='bbox 1058 4015 1140 4076; x_wconf 90' lang='lat' dir='ltr'>muri</span> <span class='ocrx_word' id='word_1_202' title='bbox 1170 4029 1201 4076; x_wconf 87' lang='lat' dir='ltr'>et</span> <span class='ocrx_word' id='word_1_203' title='bbox 1225 4015 1369 4078; x_wconf 87' lang='lat' dir='ltr'>medium</span> <span class='ocrx_word' id='word_1_204' title='bbox 1400 4017 1440 4078; x_wconf 85' lang='lat' dir='ltr'>ad</span> <span class='ocrx_word' id='word_1_205' title='bbox 1466 4036 1548 4098; x_wconf 89' lang='lat' dir='ltr'>opus</span> <span class='ocrx_word' id='word_1_206' title='bbox 1571 3997 1696 4078; x_wconf 87' lang='lat' dir='ltr'>ecclesie</span> 
     </span>
     <span class='ocr_line' id='line_1_30' title="bbox 444 4117 983 4200; baseline 0.006 -20"><span class='ocrx_word' id='word_1_207' title='bbox 444 4117 683 4180; x_wconf 89' lang='lat' dir='ltr'>Heremitarum</span> <span class='ocrx_word' id='word_1_208' title='bbox 707 4138 766 4200; x_wconf 92' lang='lat' dir='ltr'>pro</span> <span class='ocrx_word' id='word_1_209' title='bbox 790 4119 891 4180; x_wconf 87' lang='lat' dir='ltr'>salute</span> <span class='ocrx_word' id='word_1_210' title='bbox 916 4139 983 4184; x_wconf 85' lang='lat' dir='ltr'>sua.</span> 
     </span>
    </p>

    <p class='ocr_par' dir='ltr' id='par_1_13' title="bbox 443 4224 1696 4415">
     <span class='ocr_line' id='line_1_31' title="bbox 547 4224 1696 4308; baseline 0.003 -23"><span class='ocrx_word' id='word_1_211' title='bbox 547 4224 626 4286; x_wconf 90' lang='lat' dir='ltr'>Item</span> <span class='ocrx_word' id='word_1_212' title='bbox 650 4244 743 4286; x_wconf 86' lang='lat' dir='ltr'>causa</span> <span class='ocrx_word' id='word_1_213' title='bbox 767 4226 848 4287; x_wconf 89' lang='lat' dir='ltr'>inter</span> <span class='ocrx_word' id='word_1_214' title='bbox 872 4225 1051 4307; x_wconf 90' lang='lat' dir='ltr'>Georgium</span> <span class='ocrx_word' id='word_1_215' title='bbox 1075 4225 1268 4289; x_wconf 83' lang='lat' dir='ltr'>familiarem</span> <span class='ocrx_word' id='word_1_216' title='bbox 1286 4226 1418 4308; x_wconf 87' lang='lat' dir='ltr'>Georgii</span> <span class='ocrx_word' id='word_1_217' title='bbox 1442 4229 1572 4290; x_wconf 87' lang='lat' dir='ltr'>sartoris</span> <span class='ocrx_word' id='word_1_218' title='bbox 1597 4243 1626 4291; x_wconf 91' lang='lat' dir='ltr'>et</span> <span class='ocrx_word' id='word_1_219' title='bbox 1642 4229 1696 4290; x_wconf 91' lang='lat' dir='ltr'>Be·</span> 
     </span>
     <span class='ocr_line' id='line_1_32' title="bbox 443 4330 1600 4415; baseline 0.003 -23"><span class='ocrx_word' id='word_1_220' title='bbox 443 4330 608 4393; x_wconf 88' lang='lat' dir='ltr'>nedictum</span> <span class='ocrx_word' id='word_1_221' title='bbox 633 4344 759 4413; x_wconf 87' lang='lat' dir='ltr'>recepta</span> <span class='ocrx_word' id='word_1_222' title='bbox 783 4345 829 4393; x_wconf 90' lang='lat' dir='ltr'>est</span> <span class='ocrx_word' id='word_1_223' title='bbox 854 4331 893 4392; x_wconf 90' lang='lat' dir='ltr'>ad</span> <span class='ocrx_word' id='word_1_224' title='bbox 918 4333 1057 4414; x_wconf 91' lang='lat' dir='ltr'>primum</span> <span class='ocrx_word' id='word_1_225' title='bbox 1082 4332 1239 4414; x_wconf 86' lang='lat' dir='ltr'>judicium</span> <span class='ocrx_word' id='word_1_226' title='bbox 1263 4333 1303 4394; x_wconf 88' lang='lat' dir='ltr'>ad</span> <span class='ocrx_word' id='word_1_227' title='bbox 1326 4333 1600 4415; x_wconf 85' lang='lat' dir='ltr'>respondendum.</span> 
     </span>
    </p>

    <p class='ocr_par' dir='ltr' id='par_1_14' title="bbox 443 4435 1697 4626">
     <span class='ocr_line' id='line_1_33' title="bbox 512 4435 1697 4522; baseline 0.002 -24"><span class='ocrx_word' id='word_1_228' title='bbox 512 4435 525 4466; x_wconf 74' lang='lat'><strong>⁹</strong></span> <span class='ocrx_word' id='word_1_229' title='bbox 550 4437 628 4499; x_wconf 91' lang='lat' dir='ltr'>Item</span> <span class='ocrx_word' id='word_1_230' title='bbox 654 4435 815 4518; x_wconf 86' lang='lat' dir='ltr'>Georgius</span> <span class='ocrx_word' id='word_1_231' title='bbox 839 4453 940 4500; x_wconf 90' lang='lat' dir='ltr'>sartor</span> <span class='ocrx_word' id='word_1_232' title='bbox 968 4452 1077 4500; x_wconf 88' lang='lat' dir='ltr'>contra</span> <span class='ocrx_word' id='word_1_233' title='bbox 1103 4438 1218 4522; x_wconf 88' lang='lat' dir='ltr'>Gyuan</span> <span class='ocrx_word' id='word_1_234' title='bbox 1252 4439 1330 4502; x_wconf 88' lang='lat' dir='ltr'>alias</span> <span class='ocrx_word' id='word_1_235' title='bbox 1360 4438 1500 4521; x_wconf 81' lang='lat' dir='ltr'>judicem</span> <span class='ocrx_word' id='word_1_236' title='bbox 1524 4441 1629 4522; x_wconf 90' lang='lat' dir='ltr'>primo</span> <span class='ocrx_word' id='word_1_237' title='bbox 1659 4440 1697 4501; x_wconf 94' lang='lat' dir='ltr'>ci-</span> 
     </span>
     <span class='ocr_line' id='line_1_34' title="bbox 443 4544 828 4626; baseline -0.003 -19"><span class='ocrx_word' id='word_1_238' title='bbox 443 4559 525 4607; x_wconf 88' lang='lat' dir='ltr'>tatus</span> <span class='ocrx_word' id='word_1_239' title='bbox 549 4563 614 4604; x_wconf 89' lang='lat' dir='ltr'>non</span> <span class='ocrx_word' id='word_1_240' title='bbox 639 4544 828 4626; x_wconf 88' lang='lat' dir='ltr'>comparuit.</span> 
     </span>
    </p>

    <p class='ocr_par' dir='ltr' id='par_1_15' title="bbox 443 4649 1699 4840">
     <span class='ocr_line' id='line_1_35' title="bbox 550 4649 1699 4735; baseline 0.003 -24"><span class='ocrx_word' id='word_1_241' title='bbox 550 4650 628 4711; x_wconf 87' lang='lat' dir='ltr'>Item</span> <span class='ocrx_word' id='word_1_242' title='bbox 646 4650 839 4712; x_wconf 87' lang='lat' dir='ltr'>Benedictus</span> <span class='ocrx_word' id='word_1_243' title='bbox 864 4651 937 4712; x_wconf 91' lang='lat' dir='ltr'>Dile</span> <span class='ocrx_word' id='word_1_244' title='bbox 963 4665 1072 4713; x_wconf 86' lang='lat' dir='ltr'>contra</span> <span class='ocrx_word' id='word_1_245' title='bbox 1096 4652 1233 4714; x_wconf 89' lang='lat' dir='ltr'>Paulum</span> <span class='ocrx_word' id='word_1_246' title='bbox 1259 4649 1426 4714; x_wconf 88' lang='lat' dir='ltr'>Decanech</span> <span class='ocrx_word' id='word_1_247' title='bbox 1451 4653 1558 4735; x_wconf 91' lang='lat' dir='ltr'>primo</span> <span class='ocrx_word' id='word_1_248' title='bbox 1590 4653 1699 4714; x_wconf 88' lang='lat' dir='ltr'>citatus</span> 
     </span>
     <span class='ocr_line' id='line_1_36' title="bbox 443 4757 1361 4840; baseline -0.002 -19"><span class='ocrx_word' id='word_1_249' title='bbox 443 4779 509 4821; x_wconf 89' lang='lat' dir='ltr'>non</span> <span class='ocrx_word' id='word_1_250' title='bbox 545 4758 734 4840; x_wconf 90' lang='lat' dir='ltr'>comparuit.</span> <span class='ocrx_word' id='word_1_251' title='bbox 1217 4819 1219 4824; x_wconf 77' lang='grc'>,</span> <span class='ocrx_word' id='word_1_252' title='bbox 1358 4757 1361 4762; x_wconf 78' lang='grc'><strong>’</strong></span> 
     </span>
    </p>

    <p class='ocr_par' dir='ltr' id='par_1_16' title="bbox 443 4864 1701 5161">
     <span class='ocr_line' id='line_1_37' title="bbox 549 4864 1699 4945; baseline -0.001 -19"><span class='ocrx_word' id='word_1_253' title='bbox 549 4865 649 4926; x_wconf 88' lang='lat' dir='ltr'>Jurati</span> <span class='ocrx_word' id='word_1_254' title='bbox 684 4864 918 4945; x_wconf 84' lang='lat' dir='ltr'>adjudicarunt,</span> <span class='ocrx_word' id='word_1_255' title='bbox 947 4877 981 4925; x_wconf 90' lang='lat' dir='ltr'>ut</span> <span class='ocrx_word' id='word_1_256' title='bbox 1003 4865 1163 4944; x_wconf 86' lang='lat' dir='ltr'>magister</span> <span class='ocrx_word' id='word_1_257' title='bbox 1195 4865 1357 4926; x_wconf 90' lang='lat' dir='ltr'>Fabianus</span> <span class='ocrx_word' id='word_1_258' title='bbox 1387 4877 1497 4926; x_wconf 88' lang='lat' dir='ltr'>contra</span> <span class='ocrx_word' id='word_1_259' title='bbox 1532 4865 1699 4927; x_wconf 88' lang='lat' dir='ltr'>Nicolaum</span> 
     </span>
     <span class='ocr_line' id='line_1_38' title="bbox 444 4969 1701 5054; baseline 0 -21"><span class='ocrx_word' id='word_1_260' title='bbox 444 4973 607 5034; x_wconf 89' lang='lat' dir='ltr'>literatum</span> <span class='ocrx_word' id='word_1_261' title='bbox 633 4982 747 5031; x_wconf 86' lang='lat' dir='ltr'>octavo</span> <span class='ocrx_word' id='word_1_262' title='bbox 772 4970 823 5030; x_wconf 91' lang='lat' dir='ltr'>die</span> <span class='ocrx_word' id='word_1_263' title='bbox 848 4970 1007 5031; x_wconf 87' lang='lat' dir='ltr'>tenebitur</span> <span class='ocrx_word' id='word_1_264' title='bbox 1031 4970 1131 5031; x_wconf 87' lang='lat' dir='ltr'>tercio</span> <span class='ocrx_word' id='word_1_265' title='bbox 1156 4991 1188 5032; x_wconf 91' lang='lat' dir='ltr'>se</span> <span class='ocrx_word' id='word_1_266' title='bbox 1205 4983 1346 5052; x_wconf 89' lang='lat' dir='ltr'>prestare</span> <span class='ocrx_word' id='word_1_267' title='bbox 1371 4969 1585 5051; x_wconf 88' lang='lat' dir='ltr'>juramentum</span> <span class='ocrx_word' id='word_1_268' title='bbox 1610 4990 1701 5054; x_wconf 88' lang='lat' dir='ltr'>super</span> 
     </span>
     <span class='ocr_line' id='line_1_39' title="bbox 443 5057 1574 5161; baseline 0 -22"><span class='ocrx_word' id='word_1_269' title='bbox 443 5096 493 5156; x_wconf 88' lang='lat' dir='ltr'>eo,</span> <span class='ocrx_word' id='word_1_270' title='bbox 519 5076 607 5160; x_wconf 92' lang='lat' dir='ltr'>quod</span> <span class='ocrx_word' id='word_1_271' title='bbox 631 5076 698 5161; x_wconf 90' lang='lat' dir='ltr'>ipse</span> <span class='ocrx_word' id='word_1_272' title='bbox 724 5094 828 5159; x_wconf 91' lang='lat' dir='ltr'>neque</span> <span class='ocrx_word' id='word_1_273' title='bbox 854 5075 1013 5140; x_wconf 89' lang='lat' dir='ltr'>scrineum</span> <span class='ocrx_word' id='word_1_274' title='bbox 1038 5095 1142 5160; x_wconf 90' lang='lat' dir='ltr'>neque</span> <span class='ocrx_word' id='word_1_275' title='bbox 1167 5077 1274 5142; x_wconf 87' lang='lat' dir='ltr'>literas</span> <span class='ocrx_word' id='word_1_276' title='bbox 1299 5057 1377 5140; x_wconf 80' lang='lat' dir='ltr'>suus¹</span> <span class='ocrx_word' id='word_1_277' title='bbox 1394 5076 1574 5160; x_wconf 89' lang='lat' dir='ltr'>recepisset.</span> 
     </span>
    </p>
   </div>
   <div class='ocr_carea' id='block_1_8' title="bbox 0 0 1878 5810">
    <p class='ocr_par' dir='ltr' id='par_1_17' title="bbox 0 0 1878 5810">
     <span class='ocr_line' id='line_1_40' title="bbox 0 0 1878 5810; baseline 0 0"><span class='ocrx_word' id='word_1_278' title='bbox 0 0 1878 5810; x_wconf 95' lang='lat' dir='ltr'> </span> 
     </span>
    </p>
   </div>
  </div>
 </body>
</html>
