3734 5796
634 515 835 590 Ann01442.
860 547 904 556 —
929 526 977 588 19.
998 514 1149 588 januarii.
1471 532 1531 593 353

266 723 382 786 marito
407 724 505 805 ipsius
537 723 651 787 Vrsule
683 723 828 785 mulieris
858 737 890 784 et
921 723 1027 785 eidem
1057 723 1173 784 Vrsule
1204 723 1332 785 mulieri
1357 743 1415 806 pro
1447 736 1533 786 certa

265 831 475 913 pecuniarum
494 830 672 912 quantitate
689 842 941 912 comparaverat,
962 829 1068 890 eidem
1085 828 1243 911 Dyonisio
1266 829 1378 892 sartori
1395 829 1532 891 liberam

267 938 326 999 sub
344 937 400 1000 tali
418 937 634 1020 disposicione
655 936 777 998 remisit
793 935 1032 1018 possidendam,
1050 934 1138 1016 quod
1157 935 1224 1016 ipse
1239 935 1414 1018 Dyonisius
1429 950 1531 998 sartor

268 1063 369 1104 unum
394 1043 465 1106 flor.
489 1043 557 1105 auri
582 1041 634 1104 die
659 1042 824 1104 dominico
856 1042 1003 1124 proximo
1035 1055 1107 1123 post
1138 1039 1253 1103 festum
1277 1042 1377 1103 sancti
1402 1042 1532 1104 Martini

268 1149 410 1232 episcopi
435 1163 466 1212 et
490 1149 684 1212 confessoris
719 1162 749 1211 et
780 1149 957 1211 secundum
990 1147 1059 1212 flor.
1085 1148 1153 1209 auri
1178 1148 1210 1209 in
1242 1146 1323 1210 festo
1349 1149 1533 1210 Nativitatis

267 1255 401 1317 Domini
426 1275 511 1317 nunc
536 1255 681 1338 proxime
705 1254 843 1317 affuturo
868 1269 900 1317 et
915 1255 1050 1317 tercium
1071 1256 1141 1318 flor.
1166 1255 1235 1316 auri
1261 1255 1293 1315 in
1317 1253 1399 1316 festo
1422 1268 1531 1316 sancte

267 1361 469 1444 Margarethe
497 1362 632 1443 virginis
663 1375 694 1423 et
724 1362 863 1424 martiris
893 1361 1038 1444 proxime
1070 1360 1218 1422 similiter
1249 1375 1385 1423 venturo
1411 1359 1533 1443 prefate

265 1468 383 1530 Vrsule
408 1469 537 1530 mulieri
562 1468 636 1529 dare
661 1481 691 1531 et
715 1469 897 1551 persolvere
927 1467 1065 1530 debebit.

375 1609 454 1672 ltem
475 1610 587 1672 Petrus
611 1609 734 1671 Malecz
758 1622 789 1670 et
813 1608 990 1691 Elyzabeth
1015 1628 1071 1670 sua
1096 1627 1227 1670 consors
1258 1609 1395 1692 quilibet
1419 1629 1532 1672 eorum

266 1717 368 1778 tercio
392 1737 426 1778 se
450 1717 595 1798 personis
619 1717 679 1778 sibi
703 1715 863 1778 similibus
887 1729 1001 1776 octavo
1026 1715 1077 1775 die
1103 1714 1134 1776 in
1163 1715 1296 1776 ecclesia
1322 1715 1405 1777 beati
1431 1716 1533 1778 Marci

267 1822 473 1903 ewangeliste
492 1842 587 1905 super
611 1842 697 1884 aram
714 1835 821 1884 sancte
839 1821 953 1884 Crucis
973 1833 1083 1882 contra
1101 1821 1256 1883 Jacobum
1274 1820 1412 1902 judicem
1430 1820 1533 1883 filium

271 1929 428 1990 lobannis
452 1927 555 2011 Bolye
580 1928 684 2010 jurare
707 1928 868 1990 tenebitur
888 1947 982 2010 super
999 1946 1049 2006 en,
1073 1939 1109 1989 ut
1132 1927 1191 2008 ipsi
1209 1926 1327 1990 lurtivo
1351 1927 1450 1990 modo
1467 1949 1532 1989 non

268 2035 515 2096 ambulaverunt
547 2034 586 2096 ad
619 2033 755 2096 fundum
780 2047 811 2096 et
844 2035 974 2096 arbores
1005 2033 1104 2116 ipsius
1136 2033 1246 2095 Jacobi
1278 2033 1393 2116 judicis
1425 2035 1533 2116 pullos

267 2159 342 2201 suos
368 2155 527 2203 nocturno
543 2155 689 2224 ternpore
714 2160 847 2223 querere
865 2155 896 2202 et
919 2159 1042 2222 capere,
1060 2139 1114 2200 sed
1134 2141 1280 2222 proprios
1296 2160 1407 2202 eorum
1425 2139 1533 2222 pullos

269 2267 405 2328 querere
430 2261 461 2309 et
485 2267 598 2330 capere
622 2248 879 2326 ambulaverunt,
904 2247 990 2308 etin
1016 2246 1106 2307 totali
1139 2245 1270 2308 accione
1295 2247 1394 2328 ipsius
1418 2247 1529 2308 iacobi

266 2353 381 2434 judicis
407 2355 594 2416 innocentes
617 2368 691 2416 sunt
715 2367 745 2416 et
770 2355 928 2416 inmunes.

281 2607 378 2682 Faria
407 2619 506 2681 serta
535 2613 688 2699 proxima
719 2617 796 2682 ante
823 2611 945 2682 festum
973 2615 1167 2680 sanctorum
1196 2605 1332 2679 Fabiani
1361 2617 1395 2680 et
1421 2609 1520 2680 Seba-

743 2737 847 2805 stiani
877 2736 1066 2806 martirum.

667 2907 734 2981 (19.
751 2902 904 2984 januarii,
927 2923 997 2965 ann.
1021 2903 1130 2984 1442).

376 3061 454 3124 Item
480 3061 573 3145 jurati
598 3061 863 3145 adjudicaverunt
893 3079 1020 3123 causam
1053 3061 1135 3123 inter
1159 3060 1302 3122 nobilem
1326 3061 1429 3123 virum
1464 3062 1530 3123 Ma·

269 3169 359 3230 rinka
384 3182 544 3248 vocatum,
568 3188 716 3231 socerum
741 3169 878 3230 condam
904 3167 1070 3229 Michaelis
1094 3167 1134 3228 de
1155 3168 1249 3249 lapra
1274 3179 1308 3229 ut
1330 3179 1470 3229 actorem
1502 3181 1532 3230 et

271 3275 352 3337 inter
376 3276 525 3337 larinum
549 3293 605 3336 scu
629 3275 784 3337 Jacobum
810 3274 947 3354 juratum
973 3272 1075 3335 lilium
1094 3273 1177 3334 Petri
1203 3272 1326 3356 Saphar
1350 3286 1385 3335 ut
1408 3274 1440 3334 in
1458 3293 1531 3334 cau·

271 3401 337 3442 sam
363 3393 542 3460 attractum,
573 3401 668 3464 super
699 3382 926 3462 redempcione
964 3394 1037 3441 octo
1069 3380 1248 3442 sessionum
1279 3378 1531 3462 jobsgionalium

270 3535 278 3549 .
304 3537 310 3549 .
337 3535 344 3549 .
369 3508 404 3549 ac
429 3487 595 3550 cuiusdam
613 3501 694 3549 terre
719 3487 848 3549 arabilis
872 3487 903 3547 in
920 3485 1081 3548 territorio
1106 3485 1255 3569 (civitatis
1279 3486 1421 3567 predicte
1438 3485 1532 3566 inter)

269 3607 367 3656 terras
383 3594 516 3656 ecclesie
533 3608 641 3656 sancte
660 3592 859 3675 Margarethe
884 3591 1017 3674 virginis
1037 3604 1068 3654 et
1091 3591 1243 3654 Anthone
1267 3591 1390 3653 habitas
1414 3603 1445 3652 et
1468 3592 1562 3676 exi--

268 3714 386 3763 stantes
411 3747 418 3762 .
444 3749 451 3763 .
478 3749 484 3763 .
510 3713 541 3762 et
563 3713 646 3763 terra
672 3701 809 3762 condam
834 3699 966 3761 domine
992 3698 1191 3780 Margarethe
1216 3743 1223 3759 .
1249 3747 1256 3761 .
1282 3741 1290 3757 .
1314 3696 1418 3778 jurati,
1443 3699 1532 3780 olym

269 3808 424 3869 consortis
456 3808 612 3889 legittime
638 3855 645 3870 .
671 3854 678 3868 .
704 3853 711 3869 .
736 3806 830 3888 jurati
861 3804 1032 3889 prefuerat,
1066 3824 1173 3866 coram
1206 3804 1299 3865 nobis
1331 3817 1452 3865 motam
1476 3803 1532 3865 tali

271 3913 381 3994 mod0,
405 3927 441 3976 ut
472 3914 548 3995 quia
581 3914 648 3996 ipse
680 3913 824 3975 Marinlra
856 3911 1012 3994 quasdam
1043 3925 1105 3972 tres
1129 3910 1236 3972 literas
1267 3910 1531 3992 inpignoraticias

269 4034 427 4081 certorum
453 4019 597 4102 judicum
615 4018 750 4081 civitatis
767 4017 919 4101 predicte,
942 4018 1021 4079 duas
1037 4029 1182 4099 tempore
1201 4016 1358 4097 judicatus
1376 4015 1530 4098 Stephani

269 4125 385 4206 judicis
408 4125 465 4187 filii
492 4124 658 4187 Michaelis
674 4139 705 4187 et
729 4144 827 4186 unam
851 4138 996 4207 tempore
1013 4122 1170 4204 judicatus
1194 4122 1318 4184 Nicolai
1344 4121 1459 4204 judicis
1476 4122 1532 4184 filii

270 4232 404 4293 Fabiani
423 4252 480 4314 pro
499 4245 586 4314 parte
603 4231 702 4313 ipsius
718 4231 856 4292 condam
882 4229 1048 4292 Michaelis
1068 4229 1108 4290 de
1126 4229 1220 4310 Japra
1249 4227 1409 4290 confectas
1426 4247 1533 4289 coram

269 4338 479 4419 producebat,
503 4337 534 4397 in
568 4355 704 4418 quarum
737 4336 961 4398 continebatur
993 4335 1116 4414 ultima,
1149 4335 1316 4415 quomodo
1348 4333 1534 4396 Anthonius

271 4443 401 4504 Italicus
425 4443 504 4504 al'as
528 4442 622 4524 judex
646 4443 784 4504 civitatis
808 4443 949 4524 predicte
974 4441 1074 4502 dictas
1093 4441 1249 4502 sessiones
1273 4455 1304 4501 et
1325 4454 1442 4502 terram
1467 4459 1533 4500 ara-

270 4549 366 4610 bilem
394 4547 517 4631 prefato
542 4548 693 4609 Michaeli
726 4549 766 4610 de
798 4549 891 4629 lapra
923 4567 981 4630 pro
1006 4547 1093 4608 LXX
1117 4546 1186 4608 flor.
1217 4546 1284 4608 auri
1309 4565 1411 4627 usque
1436 4545 1534 4626 ipsius

270 4655 507 4737 redempcionis
533 4655 778 4737 inpignorasset,
802 4655 877 4716 ideo
901 4655 960 4736 ipsi
978 4655 1099 4715 Jacobo
1122 4653 1224 4736 jurato
1249 4653 1457 4734 quindecimo
1482 4652 1534 4712 die

270 4761 428 4822 dederunt
453 4780 510 4843 pro
533 4762 673 4823 termino
690 4760 927 4842 redempcionis
944 4761 1083 4841 ipsarum
1109 4759 1287 4819 sessionum
1312 4771 1344 4820 et
1366 4769 1447 4818 terre
1466 4777 1534 4818 ara-

270 4867 353 4946 bilis,
385 4880 420 4929 ut
451 4867 518 4949 ipse
551 4868 688 4929 Jacobus
717 4866 838 4948 juratus
871 4885 972 4947 usque
1004 4865 1042 4926 ad
1074 4865 1254 4946 predictum
1289 4862 1534 4944 quindecimum

271 4974 359 5036 diem
383 4973 484 5036 dictas
508 4973 665 5035 sessiones
693 4985 724 5035 et
753 4985 870 5036 terram
903 4971 1057 5033 arabilem
1082 4971 1122 5032 ab
1154 4971 1224 5052 ipso
1250 4970 1395 5031 Marinlta
1420 4968 1535 5030 debeat

1389 5077 1427 5139 ²3
