3734 5796
777 1449 926 1549 (Anno
957 1446 1138 1538 Domini
1168 1442 1420 1540 necteris).

568 2050 646 2112 Item
677 2049 770 2130 jurati
803 2049 1068 2130 adjudicaverunt
1099 2071 1226 2113 causam
1259 2051 1340 2112 inter
1373 2049 1555 2111 lohannem
1590 2050 1722 2132 judicem

462 2155 565 2218 filium
591 2155 670 2218 Pero
695 2169 726 2218 et
742 2156 766 2216 F
771 2157 950 2218 ranciscum
975 2155 1169 2240 freniparem
1190 2177 1226 2218 ac
1242 2155 1442 2218 Anthonium
1468 2156 1610 2237 juratum
1628 2155 1720 2218 filium

465 2262 598 2344 Georgii
622 2263 655 2324 in
680 2281 773 2324 causa
797 2277 937 2343 quatuor
961 2261 1030 2326 flor.
1059 2264 1139 2342 auri,
1171 2283 1252 2345 quos
1285 2263 1350 2344 ipse
1375 2262 1565 2324 Franciscus
1589 2262 1719 2344 frenipar

466 2387 562 2452 super
586 2369 672 2430 dicto
689 2368 855 2430 Anthonio
872 2369 977 2450 jurato
1001 2370 1115 2432 ordine
1136 2369 1213 2452 juris
1229 2371 1482 2451 prosequebatur
1498 2388 1609 2430 coram
1628 2369 1719 2444 nobis,

465 2477 555 2558 quod
581 2475 656 2557 quia
680 2475 821 2558 prefatus
844 2475 1029 2538 Anthonius
1058 2477 1179 2557 juratus
1210 2495 1316 2538 coram
1342 2477 1436 2537 nobis
1468 2475 1556 2538 solus
1580 2496 1717 2558 persona·

466 2582 539 2644 liter
556 2601 685 2664 presens
709 2595 740 2644 et
756 2601 840 2644 nune
865 2581 966 2644 fassus
983 2597 1039 2662 est,
1057 2582 1145 2665 quod
1167 2584 1233 2664 ipse
1251 2582 1434 2644 Anthonius
1451 2581 1575 2665 prefato
1593 2582 1716 2644 iohanni

466 2687 564 2770 judici
583 2687 622 2749 de
648 2686 757 2749 debito
781 2688 870 2750 totali
888 2709 954 2770 quo
980 2689 1065 2750 idem
1083 2689 1244 2751 lohannes
1263 2687 1348 2770 juxta
1366 2703 1517 2750 contenta
1540 2690 1633 2750 litere
1651 2687 1715 2749 obli·

465 2795 590 2878 gatorie
615 2793 787 2877 superinde
811 2797 869 2857 sub
893 2795 1000 2876 sigillo
1025 2795 1264 2858 communitatis
1294 2793 1449 2872 conferte,
1482 2810 1631 2856 emanare
1656 2793 1714 2856 erti-

467 2915 584 2980 terunt,
608 2901 718 2963 decem
743 2901 813 2964 flor.
838 2903 907 2963 auri
932 2902 1104 2964 dimisisset
1127 2917 1158 2964 et
1180 2903 1361 2981 relaxasset,
1385 2901 1550 2964 residuum
1575 2923 1653 2963 vero
1675 2920 1713 2961 ea·

466 3007 613 3069 rumdem
639 3007 786 3069 toralium
817 3008 1026 3090 pecuniarum
1058 3009 1162 3070 erdem
1186 3008 1352 3070 Anthonio
1383 3008 1487 3088 jurato
1526 3023 1623 3090 prout
1645 3007 1712 3069 idem

467 3115 560 3176 nobis
583 3115 691 3176 retulit
712 3115 853 3196 plenarie
877 3115 1048 3198 persolvit3
1084 3115 1223 3197 ideoque
1252 3116 1357 3198 ipsum
1382 3115 1563 3177 iohannem
1588 3116 1710 3196 judicem

468 3241 563 3303 super
587 3221 676 3282 totali
702 3221 811 3284 debito
828 3223 983 3304 predicto,
1009 3242 1074 3303 quo
1092 3223 1149 3304 ipsi
1169 3221 1334 3284 Anthonio
1351 3222 1450 3284 modo
1468 3223 1624 3304 premisso
1641 3219 1711 3282 debi-

469 3328 551 3390 torie
576 3327 789 3408 obligabatur,
813 3327 853 3390 ad
879 3329 1067 3390 instanciam
1100 3329 1198 3410 ipsius
1218 3328 1374 3390 Anthonii
1405 3329 1498 3409 jurati
1523 3327 1711 3391 etheredum

468 3453 598 3495 suorum
624 3434 769 3496 omnium
795 3435 1016 3496 commisimus
1039 3455 1095 3516 per
1120 3435 1228 3497 omnis
1260 3435 1404 3516 quietum
1430 3449 1461 3496 et
1485 3435 1663 3517 expeditum
1683 3450 1710 3491 ar

468 3540 656 3602 omnimode
674 3540 877 3616 absolutum;
902 3541 1074 3622 premissos
1090 3555 1197 3603 autem
1215 3555 1353 3622 quatuor
1376 3541 1444 3603 flor.
1471 3542 1539 3602 auri
1564 3540 1711 3604 statuimus

468 3661 499 3710 et
531 3647 751 3708 commisimus
782 3667 819 3707 ex
850 3647 1011 3729 premissis
1048 3666 1104 3728 per
1142 3648 1321 3729 predictum
1356 3647 1559 3708 Anthonium
1592 3647 1709 3728 juratum

468 3750 591 3834 prelato
617 3752 786 3813 Francisco
811 3751 961 3833 frenipari
993 3751 1079 3834 juxta
1110 3752 1215 3834 legem
1250 3753 1563 3814 consvetudinariam
1595 3748 1710 3814 civitatis

468 3857 608 3940 predicte
633 3857 774 3940 plenarie
799 3857 1039 3940 persolvendos.

575 3963 652 4025 ltem
677 3965 751 4046 quia
777 3985 813 4025 ex
837 3965 997 4026 relacione
1021 3962 1135 4044 judicis
1153 3965 1249 4025 nostri
1268 3965 1415 4025 moderni
1433 3977 1464 4026 et
1487 3965 1620 4026 aliorum
1643 3961 1710 4022 anti·

469 4090 607 4151 quorum
632 4069 774 4151 judicum
799 4090 834 4131 ac
858 4069 995 4131 aliorum
1019 4070 1232 4151 plurimorum
1256 4070 1399 4132 virorum
1423 4071 1455 4130 id
1481 4071 1655 4133 rescivimus
1677 4085 1706 4127 er

470 4197 487 4237 a
512 4191 609 4254 certo,
634 4176 800 4257 quomodo
825 4176 987 4237 Fabianus
1007 4189 1037 4236 et
1054 4175 1237 4238 Anthonius
1261 4191 1397 4238 sartores
1418 4175 1475 4238 filii
1494 4175 1629 4251 Adriani,
1645 4191 1708 4233 con·

469 4283 554 4343 cives
579 4283 688 4360 nostri,
706 4303 744 4343 eo
761 4295 906 4364 tempore
924 4283 1002 4344 dum
1020 4282 1051 4342 in
1077 4283 1266 4344 vendicione
1284 4283 1450 4343 cuiusdam
1468 4283 1548 4344 silve
1567 4277 1707 4344 Dorothee

470 4389 578 4449 relicte
604 4388 740 4449 condam
766 4388 863 4450 Blasii
889 4387 992 4450 fratris
1017 4389 1139 4450 domini
1165 4389 1320 4450 Anthonii
1346 4389 1523 4470 presbiteri,
1549 4405 1623 4449 nunc
1646 4401 1710 4444 con-

470 4515 538 4556 sors
561 4495 717 4576 legittima
742 4495 861 4556 Vrbani
887 4496 1026 4574 litterati,
1050 4494 1211 4576 quandam
1237 4515 1326 4556 suam
1351 4496 1465 4556 silvam
1492 4492 1650 4556 Valentino
1671 4488 1710 4568 Ju-

470 4617 538 4663 rato
563 4601 630 4662 filio
649 4601 813 4663 Michaelis
839 4603 993 4664 Saronich
1011 4602 1216 4680 vendidisset,
1233 4615 1308 4662 tunc
1325 4621 1439 4663 omnes
1462 4602 1557 4663 vicini
1580 4595 1706 4658 eiusdem

470 4708 549 4769 silve
575 4723 605 4769 et
628 4707 703 4769 dicti
728 4707 911 4769 Anthonius
942 4721 973 4770 et
1005 4708 1165 4770 Fabianus
1197 4721 1333 4769 sartores
1368 4708 1400 4768 in
1431 4707 1588 4789 presencia
1610 4699 1711 4783 judicis

473 4814 571 4874 nostri
598 4813 744 4874 moderni
769 4814 943 4896 predictam
975 4814 1087 4874 silvam
1121 4813 1257 4895 provido
1289 4813 1358 4874 viro
1382 4812 1521 4874 lohanni
1544 4807 1629 4890 judici
1652 4803 1709 4866 filio

472 4922 562 4997 Pero,
588 4935 752 5002 tamquam
786 4921 840 4981 uni
867 4921 972 4980 vicino
1005 4920 1146 4980 eiusdem
1180 4919 1259 4980 silve
1288 4919 1320 4980 in
1353 4920 1491 4980 termino
1516 4938 1566 5001 per
1584 4911 1708 4992 judicem

472 5028 665 5089 modernum
692 5028 766 5109 ipsis
791 5027 904 5087 vicinis
921 5027 1074 5109 deputato
1093 5040 1123 5088 et
1148 5045 1236 5088 more
1254 5025 1531 5088 consvetudinarie
1553 5021 1626 5083 dicte
1641 5014 1710 5096 legis
