3876 5798
692 577 777 632 Anno
802 590 891 652 1443.
912 610 956 619 —
978 591 1027 652 23.
1044 579 1129 652 julii.
1486 599 1542 660 391

284 787 496 865 concorditer,
522 787 610 868 quod
636 788 714 848 dum
739 787 851 848 Petrus
874 786 959 848 filius
976 787 1104 850 Thome
1129 789 1316 872 Pulyanych
1341 790 1373 851 in
1399 790 1547 852 extremis

283 894 347 956 vite
365 913 420 955 sue
434 895 619 976 temporalis
633 895 819 972 laborasset,
836 907 913 955 tunc
929 895 996 976 ipse
1010 895 1183 976 quamdam
1198 896 1330 957 domum
1345 910 1376 958 et
1392 894 1546 978 (b)ortum

283 1019 377 1061 suum
402 1020 438 1061 ac
461 1013 578 1062 terram
595 1021 685 1062 suam
703 1001 856 1062 arabilem
874 1001 933 1062 sibi
958 1021 1014 1082 per
1032 1003 1217 1064 Katerinam
1242 1003 1383 1064 relictam
1409 1001 1547 1064 condam

284 1106 381 1168 lwani
407 1105 482 1167 dicti
508 1107 675 1168 Jacomelli
708 1105 764 1168 lilii
791 1105 958 1168 Michaelis
988 1109 1252 1170 testamentaliter
1283 1109 1422 1190 legatam
1446 1122 1476 1169 et
1500 1108 1548 1169 di·

282 1213 422 1290 missam,
450 1213 509 1294 ipsi
535 1211 693 1293 Gregorio
717 1213 822 1275 taliter
846 1213 981 1293 legasset
1005 1227 1036 1274 et
1068 1214 1249 1293 dimisisset,
1275 1229 1309 1276 ut
1333 1215 1399 1296 ipse
1425 1213 1546 1295 Grego-

283 1319 348 1380 rius
372 1333 527 1399 quantum
553 1319 613 1379 sibi
637 1319 764 1381 videtur
785 1339 881 1400 penes
903 1320 1135 1382 conscienciam
1153 1341 1243 1382 suam
1268 1321 1307 1383 de
1332 1321 1453 1382 eisdem
1471 1340 1544 1402 pos·

283 1425 478 1487 sessionibus
502 1426 555 1486 det
579 1439 609 1486 et
634 1425 792 1506 expendat
826 1445 884 1508 pro
918 1427 1087 1488 animabus
1111 1448 1166 1489 sua
1198 1441 1229 1490 et
1253 1428 1382 1490 illorum
1407 1447 1546 1508 quorum

284 1530 471 1614 prefuerunt
504 1547 535 1592 et
565 1552 581 1592 a
614 1532 732 1612 quibus
755 1551 850 1613 super
882 1533 982 1614 ipsam
1015 1533 1222 1595 Katherinam
1255 1547 1285 1596 et
1316 1553 1411 1616 super
1441 1533 1546 1615 ipsum

282 1641 412 1701 Petrum
438 1639 736 1701 condescenderunt
762 1655 972 1720 acquantum
997 1641 1057 1700 sibi
1082 1641 1197 1702 melius
1221 1655 1252 1702 et
1276 1639 1548 1702 conscienciosius

281 1746 441 1808 videbitur
464 1746 517 1806 det
542 1745 699 1828 Dyonisio
724 1744 790 1806 lilio
827 1747 970 1807 eiusdem
997 1747 1090 1826 Petri,
1116 1747 1253 1828 ideoque
1288 1767 1346 1808 nos
1369 1747 1546 1829 predictam

282 1853 415 1914 domum
441 1867 472 1915 et
496 1851 647 1935 (b)ortum
672 1873 708 1914 ac
724 1867 841 1914 terram
867 1854 966 1936 ipsius
984 1853 1066 1915 Petri
1091 1855 1248 1916 testatoris
1272 1873 1345 1915 cum
1370 1855 1436 1915 suis
1460 1853 1546 1915 utili-

232 1965 235 1970 '
265 1959 398 2020 'tatibus
422 1973 453 2020 et
485 1959 689 2042 pertinenciis
720 1959 876 2020 universis
912 1960 1056 2041 predicto
1090 1959 1248 2040 Gregorio
1280 1960 1416 2041 patrueli
1447 1959 1546 2041 ipsius

282 2066 365 2127 Petri
391 2086 428 2126 ex
451 2065 591 2148 predicta
618 2065 717 2146 ipsius
740 2063 911 2127 sufficienti
941 2067 1209 2148 comprobatione
1234 2086 1290 2147 per
1315 2067 1419 2148 ipsum
1445 2065 1545 2126 modo

282 2173 437 2254 premisso
462 2170 553 2249 lacta,
583 2187 747 2251 tamquam
780 2191 856 2232 vero
889 2171 1109 2233 commissario
1133 2172 1232 2254 ipsius
1262 2171 1444 2234 testamenti
1470 2171 1545 2232 dicti

282 2277 366 2338 Petri
390 2277 558 2339 statuimus
583 2297 620 2338 ex
643 2277 804 2358 premissis
828 2291 859 2339 et
883 2278 1086 2339 attribuimus
1111 2278 1208 2339 modo
1235 2277 1390 2360 premisso
1414 2277 1543 2359 plenam

281 2383 473 2466 disponendi
499 2382 681 2445 facultatem
705 2383 791 2462 juxta
815 2384 1015 2464 legacionem
1043 2384 1126 2446 Petri
1150 2384 1307 2445 testatoris
1331 2383 1499 2465 prenotati.

390 2490 467 2551 ltem
493 2491 567 2571 quia
592 2489 631 2550 ad
660 2490 775 2551 trinam
810 2489 968 2552 forensem
1002 2504 1032 2552 et
1055 2491 1217 2573 publicam
1250 2490 1543 2572 proclamacionem

281 2617 337 2679 per
362 2617 420 2658 nos
454 2616 492 2656 ex
520 2597 649 2658 instanti
682 2597 842 2678 peticione
874 2596 1072 2678 Margarethe
1105 2597 1212 2658 relicte
1244 2595 1382 2658 condam
1414 2593 1544 2678 Mathye

281 2703 392 2784 Zupan
418 2701 505 2780 dicti,
530 2700 594 2762 filie
619 2721 695 2762 vero
720 2702 857 2764 condam
882 2702 1046 2764 Benedicti
1066 2701 1243 2784 Saronych‚
1260 2701 1292 2762 in
1316 2699 1400 2763 facto
1424 2700 1546 2762 medie·

280 2809 353 2870 tatis
377 2808 543 2870 cuiusdam
569 2807 684 2870 domus
708 2823 831 2871 murate
856 2823 887 2872 et
911 2808 1001 2870 fundi
1020 2829 1055 2870 ac
1080 2807 1302 2870 hedificiorum
1328 2821 1359 2870 et
1382 2821 1465 2870 terre
1488 2827 1544 2870 seu

281 2929 436 2976 terrarum
463 2915 632 2975 arabilium
658 2914 770 2996 prelati
804 2916 941 2977 condam
973 2915 1138 2977 Benedicti
1171 2915 1268 2998 patris
1291 2915 1389 2997 ipsius
1421 2916 1545 2996 Marga-

281 3021 369 3083 rethe
395 3021 548 3099 mulieris,
573 3021 674 3103 ipsam
699 3024 738 3082 ab
764 3023 877 3083 eodem
903 3035 992 3103 patre
1018 3040 1076 3082 suo
1108 3021 1175 3104 jure
1200 3020 1391 3083 hereditario
1416 3040 1544 3083 concer-

280 3129 397 3206 nentis‚
422 3127 481 3209 ipsi
507 3127 638 3188 domine
664 3128 862 3209 Margarethe
895 3127 1021 3188 mulieri
1055 3127 1087 3188 in
1111 3127 1311 3209 possessione
1344 3141 1374 3188 et
1398 3126 1543 3188 dominio

281 3235 426 3297 eiusdem
452 3233 632 3296 medietatis
658 3233 757 3313 ipsius
788 3235 903 3296 domus
935 3247 1058 3296 murate
1083 3247 1114 3295 et
1137 3232 1228 3295 fundi
1260 3253 1295 3294 ac
1319 3231 1542 3295 hedificiorum

282 3362 339 3403 nec
364 3361 429 3402 non
455 3341 539 3402 dicte
556 3353 636 3402 terre
661 3361 716 3402 seu
732 3353 886 3402 terrarum
913 3341 1082 3402 arabilium
1100 3359 1196 3401 nemo
1213 3339 1427 3402 contradictor
1443 3359 1543 3422 appa-

282 3448 344 3508 ruit
380 3467 437 3508 nec
469 3447 593 3528 aliquas
622 3447 730 3508 literas
766 3447 798 3508 in
831 3445 914 3508 facto
947 3446 1132 3508 earumdem
1165 3447 1403 3528 possessionum
1434 3459 1543 3507 contra

282 3555 417 3616 eandem
444 3552 676 3633 Margaretham
711 3555 879 3615 mulierem
913 3553 1063 3635 produxit
1091 3571 1198 3614 coram
1231 3553 1323 3614 nobis
1348 3552 1465 3634 aliquis
1489 3572 1543 3635 pe-

281 3662 366 3722 nitus
390 3659 571 3738 bominum,
596 3659 736 3740 ideoque
760 3680 818 3721 nos
843 3661 971 3720 easdem
1005 3659 1222 3741 possessiones
1255 3659 1353 3740 ipsius
1377 3659 1543 3720 Benedicti

282 3766 446 3849 Saronych
471 3766 567 3847 patris
590 3765 690 3847 ipsius
715 3767 914 3847 Margarethe
941 3765 1083 3826 mulieris
1115 3765 1220 3827 eidem
1246 3765 1446 3846 Margarethe
1471 3785 1542 3826 mu·

281 3875 350 3935 lieri
377 3873 545 3935 statuimus
571 3891 609 3932 ex
627 3873 788 3953 premissis
813 3872 880 3952 jure
905 3885 1060 3954 perpetuo
1077 3871 1285 3953 possidendas
1306 3885 1336 3932 et
1359 3871 1541 3952 quomodo·

281 4000 420 4061 eumque
444 3979 581 4041 voluerit
605 3979 830 4060 disponendas.

389 4087 466 4147 Item
480 4086 633 4146 Nicolaus
650 4099 749 4163 sutor,
766 4085 898 4167 juratus,
915 4097 1023 4145 contra
1042 4083 1204 4167 Mathyam
1222 4083 1371 4165 juratum,
1387 4103 1541 4164 generum

282 4191 440 4253 Rakarich
466 4192 607 4253 secundo
632 4192 745 4253 citatus
769 4211 834 4253 non
863 4191 1051 4273 comparuit.

334 4427 429 4500 Feria
458 4431 564 4502 tercia
593 4431 747 4517 proxima
774 4436 849 4517 post
878 4429 1000 4500 festum
1029 4431 1123 4500 beate
1152 4429 1258 4500 llarie
1286 4429 1487 4518 llagdalene.

801 4586 866 4661 (23.
882 4580 985 4663 salii).

389 4724 466 4786 ltem
498 4723 686 4784 Franciscus
718 4722 953 4806 Goryanchych
986 4739 1093 4786 contra
1120 4724 1299 4786 Barnabam
1331 4721 1541 4786 fistulatorem

280 4831 385 4913 primo
410 4831 523 4892 citatus
547 4850 613 4892 non
637 4831 826 4912 comparuit.

387 4936 464 4998 ltem
495 4937 579 4997 lwan
604 4936 695 4997 Turk
719 4951 829 4998 contra
855 4937 1018 5019 Mathyam
1044 4937 1174 5020 Babych
1205 4937 1309 5019 primo
1338 4938 1451 5000 citatus
1476 4957 1542 4998 non

281 5057 469 5126 comparuit.
