<?xml version="1.0" encoding="UTF-8"?>
<!DOCTYPE html PUBLIC "-//W3C//DTD XHTML 1.0 Transitional//EN"
    "http://www.w3.org/TR/xhtml1/DTD/xhtml1-transitional.dtd">
<html xmlns="http://www.w3.org/1999/xhtml" xml:lang="en" lang="en">
 <head>
  <title>
</title>
<meta http-equiv="Content-Type" content="text/html;charset=utf-8" />
  <meta name='ocr-system' content='tesseract 3.04.00' />
  <meta name='ocr-capabilities' content='ocr_page ocr_carea ocr_par ocr_line ocrx_word'/>
</head>
<body>
  <div class='ocr_page' id='page_1' title='image "./monumentahistor14laszgoog_0342.png"; bbox 0 0 3734 5796; ppageno 0'>
   <div class='ocr_carea' id='block_1_1' title="bbox 344 535 1620 4971">
    <p class='ocr_par' dir='ltr' id='par_1_1' title="bbox 346 535 1244 618">
     <span class='ocr_line' id='line_1_1' title="bbox 346 535 1244 618; baseline 0.002 -22"><span class='ocrx_word' id='word_1_1' title='bbox 346 554 410 618; x_wconf 84' lang='lat'><strong>294</strong></span> <span class='ocrx_word' id='word_1_2' title='bbox 730 539 814 595; x_wconf 85' lang='lat' dir='ltr'><strong>Anno</strong></span> <span class='ocrx_word' id='word_1_3' title='bbox 837 535 930 615; x_wconf 78' lang='lat'><em>1438.</em></span> <span class='ocrx_word' id='word_1_4' title='bbox 955 571 996 582; x_wconf 87' lang='lat'><strong>-·</strong></span> <span class='ocrx_word' id='word_1_5' title='bbox 1020 547 1049 614; x_wconf 92' lang='lat'><strong>7.</strong></span> <span class='ocrx_word' id='word_1_6' title='bbox 1074 539 1244 598; x_wconf 82' lang='lat' dir='ltr'><em>novembris.</em></span> 
     </span>
    </p>

    <p class='ocr_par' dir='ltr' id='par_1_2' title="bbox 349 747 1617 938">
     <span class='ocr_line' id='line_1_2' title="bbox 452 747 1617 830; baseline -0.001 -20"><span class='ocrx_word' id='word_1_7' title='bbox 452 749 529 812; x_wconf 89' lang='lat' dir='ltr'><strong>ltem</strong></span> <span class='ocrx_word' id='word_1_8' title='bbox 544 747 720 830; x_wconf 82' lang='lat' dir='ltr'>Gregorius</span> <span class='ocrx_word' id='word_1_9' title='bbox 733 747 944 811; x_wconf 91' lang='lat' dir='ltr'><strong>Wrecharich</strong></span> <span class='ocrx_word' id='word_1_10' title='bbox 962 763 1071 810; x_wconf 89' lang='lat' dir='ltr'><strong>contra</strong></span> <span class='ocrx_word' id='word_1_11' title='bbox 1090 749 1275 810; x_wconf 90' lang='lat' dir='ltr'><strong>Emericum</strong></span> <span class='ocrx_word' id='word_1_12' title='bbox 1291 762 1445 811; x_wconf 82' lang='lat' dir='ltr'><strong>sartorem</strong></span> <span class='ocrx_word' id='word_1_13' title='bbox 1464 747 1617 810; x_wconf 89' lang='lat' dir='ltr'><strong>claudum</strong></span> 
     </span>
     <span class='ocr_line' id='line_1_3' title="bbox 349 856 936 938; baseline 0.002 -23"><span class='ocrx_word' id='word_1_14' title='bbox 349 857 493 918; x_wconf 92' lang='lat' dir='ltr'><strong>secundo</strong></span> <span class='ocrx_word' id='word_1_15' title='bbox 518 857 632 919; x_wconf 89' lang='lat' dir='ltr'><strong>citatus</strong></span> <span class='ocrx_word' id='word_1_16' title='bbox 656 877 720 918; x_wconf 91' lang='lat' dir='ltr'><strong>non</strong></span> <span class='ocrx_word' id='word_1_17' title='bbox 747 856 936 938; x_wconf 85' lang='lat' dir='ltr'><strong>comparuit.</strong></span> 
     </span>
    </p>

    <p class='ocr_par' dir='ltr' id='par_1_3' title="bbox 350 961 1617 1151">
     <span class='ocr_line' id='line_1_4' title="bbox 453 961 1617 1045; baseline -0.002 -21"><span class='ocrx_word' id='word_1_18' title='bbox 453 963 529 1025; x_wconf 90' lang='lat' dir='ltr'><strong>ltem</strong></span> <span class='ocrx_word' id='word_1_19' title='bbox 556 964 667 1026; x_wconf 88' lang='lat' dir='ltr'><strong>Petrus</strong></span> <span class='ocrx_word' id='word_1_20' title='bbox 699 965 842 1025; x_wconf 80' lang='lat' dir='ltr'><strong>literatus</strong></span> <span class='ocrx_word' id='word_1_21' title='bbox 874 975 983 1024; x_wconf 90' lang='lat' dir='ltr'><strong>contra</strong></span> <span class='ocrx_word' id='word_1_22' title='bbox 1010 961 1174 1044; x_wconf 88' lang='lat' dir='ltr'><strong>Mathyam</strong></span> <span class='ocrx_word' id='word_1_23' title='bbox 1199 961 1337 1042; x_wconf 88' lang='lat' dir='ltr'><strong>juratum</strong></span> <span class='ocrx_word' id='word_1_24' title='bbox 1372 981 1529 1045; x_wconf 82' lang='lat' dir='ltr'><strong>generum</strong></span> <span class='ocrx_word' id='word_1_25' title='bbox 1554 963 1617 1023; x_wconf 89' lang='lat' dir='ltr'><strong>Ra-</strong></span> 
     </span>
     <span class='ocr_line' id='line_1_5' title="bbox 350 1067 1031 1151; baseline 0 -23"><span class='ocrx_word' id='word_1_26' title='bbox 350 1068 459 1130; x_wconf 88' lang='lat' dir='ltr'><strong>karich</strong></span> <span class='ocrx_word' id='word_1_27' title='bbox 484 1071 589 1151; x_wconf 89' lang='lat' dir='ltr'><strong>primo</strong></span> <span class='ocrx_word' id='word_1_28' title='bbox 613 1069 727 1130; x_wconf 90' lang='lat' dir='ltr'><strong>citatus</strong></span> <span class='ocrx_word' id='word_1_29' title='bbox 751 1088 817 1130; x_wconf 92' lang='lat' dir='ltr'><strong>non</strong></span> <span class='ocrx_word' id='word_1_30' title='bbox 841 1067 1031 1149; x_wconf 82' lang='lat' dir='ltr'><strong>comparuit.</strong></span> 
     </span>
    </p>

    <p class='ocr_par' dir='ltr' id='par_1_4' title="bbox 344 1173 1620 2532">
     <span class='ocr_line' id='line_1_6' title="bbox 451 1173 1620 1258; baseline -0.003 -20"><span class='ocrx_word' id='word_1_31' title='bbox 451 1176 529 1238; x_wconf 92' lang='lat' dir='ltr'><strong>ltem</strong></span> <span class='ocrx_word' id='word_1_32' title='bbox 562 1177 637 1258; x_wconf 88' lang='lat' dir='ltr'><strong>quia</strong></span> <span class='ocrx_word' id='word_1_33' title='bbox 668 1175 823 1257; x_wconf 91' lang='lat' dir='ltr'><strong>providus</strong></span> <span class='ocrx_word' id='word_1_34' title='bbox 854 1175 994 1236; x_wconf 89' lang='lat' dir='ltr'><strong>condam</strong></span> <span class='ocrx_word' id='word_1_35' title='bbox 1027 1174 1074 1236; x_wconf 87' lang='lat' dir='ltr'><strong>vir</strong></span> <span class='ocrx_word' id='word_1_36' title='bbox 1112 1174 1263 1256; x_wconf 87' lang='lat' dir='ltr'><strong>magister</strong></span> <span class='ocrx_word' id='word_1_37' title='bbox 1294 1173 1441 1235; x_wconf 80' lang='lat' dir='ltr'><strong>Thomas</strong></span> <span class='ocrx_word' id='word_1_38' title='bbox 1473 1174 1620 1235; x_wconf 85' lang='lat' dir='ltr'><strong>literatus</strong></span> 
     </span>
     <span class='ocr_line' id='line_1_7' title="bbox 344 1279 1619 1364; baseline -0.001 -22"><span class='ocrx_word' id='word_1_39' title='bbox 344 1282 448 1343; x_wconf 91' lang='lat' dir='ltr'><strong>dictus</strong></span> <span class='ocrx_word' id='word_1_40' title='bbox 466 1283 545 1361; x_wconf 88' lang='lat' dir='ltr'><strong>lsan,</strong></span> <span class='ocrx_word' id='word_1_41' title='bbox 570 1283 753 1364; x_wconf 88' lang='lat' dir='ltr'><strong>nuperrime</strong></span> <span class='ocrx_word' id='word_1_42' title='bbox 772 1283 811 1342; x_wconf 94' lang='lat' dir='ltr'><strong>ab</strong></span> <span class='ocrx_word' id='word_1_43' title='bbox 835 1279 893 1342; x_wconf 90' lang='lat' dir='ltr'><strong>hac</strong></span> <span class='ocrx_word' id='word_1_44' title='bbox 917 1281 989 1342; x_wconf 92' lang='lat' dir='ltr'><strong>luce</strong></span> <span class='ocrx_word' id='word_1_45' title='bbox 1012 1280 1197 1342; x_wconf 83' lang='lat' dir='ltr'><strong>decessisset</strong></span> <span class='ocrx_word' id='word_1_46' title='bbox 1214 1293 1245 1342; x_wconf 91' lang='lat' dir='ltr'><strong>et</strong></span> <span class='ocrx_word' id='word_1_47' title='bbox 1269 1300 1328 1362; x_wconf 91' lang='lat' dir='ltr'><strong>pro</strong></span> <span class='ocrx_word' id='word_1_48' title='bbox 1353 1281 1461 1341; x_wconf 89' lang='lat' dir='ltr'><strong>anima</strong></span> <span class='ocrx_word' id='word_1_49' title='bbox 1487 1281 1619 1362; x_wconf 78' lang='lat' dir='ltr'><strong>providi</strong></span> 
     </span>
     <span class='ocr_line' id='line_1_8' title="bbox 345 1385 1620 1469; baseline -0.002 -19"><span class='ocrx_word' id='word_1_50' title='bbox 345 1388 482 1450; x_wconf 89' lang='lat' dir='ltr'><strong>condam</strong></span> <span class='ocrx_word' id='word_1_51' title='bbox 496 1389 554 1450; x_wconf 89' lang='lat' dir='ltr'><strong>viri</strong></span> <span class='ocrx_word' id='word_1_52' title='bbox 571 1388 699 1450; x_wconf 91' lang='lat' dir='ltr'><strong>Thome</strong></span> <span class='ocrx_word' id='word_1_53' title='bbox 718 1386 963 1469; x_wconf 89' lang='lat' dir='ltr'><strong>Lanczmanych</strong></span> <span class='ocrx_word' id='word_1_54' title='bbox 982 1385 1068 1464; x_wconf 94' lang='lat' dir='ltr'><strong>dicti,</strong></span> <span class='ocrx_word' id='word_1_55' title='bbox 1086 1405 1182 1468; x_wconf 92' lang='lat' dir='ltr'><strong>quem</strong></span> <span class='ocrx_word' id='word_1_56' title='bbox 1201 1386 1287 1447; x_wconf 90' lang='lat' dir='ltr'><strong>idem</strong></span> <span class='ocrx_word' id='word_1_57' title='bbox 1304 1386 1456 1465; x_wconf 88' lang='lat' dir='ltr'><strong>magister</strong></span> <span class='ocrx_word' id='word_1_58' title='bbox 1470 1386 1620 1448; x_wconf 89' lang='lat' dir='ltr'><strong>Thomas</strong></span> 
     </span>
     <span class='ocr_line' id='line_1_9' title="bbox 347 1492 1618 1575; baseline -0.002 -19"><span class='ocrx_word' id='word_1_59' title='bbox 347 1495 490 1557; x_wconf 87' lang='lat' dir='ltr'><strong>literatus</strong></span> <span class='ocrx_word' id='word_1_60' title='bbox 503 1514 578 1557; x_wconf 91' lang='lat' dir='ltr'><strong>casu</strong></span> <span class='ocrx_word' id='word_1_61' title='bbox 591 1494 780 1556; x_wconf 87' lang='lat' dir='ltr'><strong>succedente</strong></span> <span class='ocrx_word' id='word_1_62' title='bbox 794 1492 1013 1572; x_wconf 82' lang='lat' dir='ltr'><strong>interfecisset,</strong></span> <span class='ocrx_word' id='word_1_63' title='bbox 1031 1493 1062 1553; x_wconf 93' lang='lat' dir='ltr'><strong>in</strong></span> <span class='ocrx_word' id='word_1_64' title='bbox 1081 1511 1247 1554; x_wconf 88' lang='lat' dir='ltr'><strong>romanam</strong></span> <span class='ocrx_word' id='word_1_65' title='bbox 1261 1493 1382 1554; x_wconf 91' lang='lat' dir='ltr'><strong>curiam</strong></span> <span class='ocrx_word' id='word_1_66' title='bbox 1397 1513 1529 1574; x_wconf 80' lang='lat' dir='ltr'><strong>peregre</strong></span> <span class='ocrx_word' id='word_1_67' title='bbox 1544 1513 1618 1575; x_wconf 90' lang='lat' dir='ltr'><strong>pro-</strong></span> 
     </span>
     <span class='ocr_line' id='line_1_10' title="bbox 347 1598 1619 1681; baseline -0.001 -20"><span class='ocrx_word' id='word_1_68' title='bbox 347 1599 444 1662; x_wconf 89' lang='lat' dir='ltr'><strong>ficisci</strong></span> <span class='ocrx_word' id='word_1_69' title='bbox 462 1601 593 1678; x_wconf 89' lang='lat' dir='ltr'><strong>debens,</strong></span> <span class='ocrx_word' id='word_1_70' title='bbox 610 1622 648 1661; x_wconf 81' lang='lat' dir='ltr'><strong>ex</strong></span> <span class='ocrx_word' id='word_1_71' title='bbox 661 1601 833 1662; x_wconf 87' lang='lat' dir='ltr'><strong>concordia</strong></span> <span class='ocrx_word' id='word_1_72' title='bbox 852 1598 998 1660; x_wconf 84' lang='lat' dir='ltr'><strong>affinium</strong></span> <span class='ocrx_word' id='word_1_73' title='bbox 1017 1599 1116 1680; x_wconf 90' lang='lat' dir='ltr'><strong>ipsius</strong></span> <span class='ocrx_word' id='word_1_74' title='bbox 1133 1599 1370 1660; x_wconf 89' lang='lat' dir='ltr'><strong>Lanczmanicb</strong></span> <span class='ocrx_word' id='word_1_75' title='bbox 1389 1619 1454 1660; x_wconf 91' lang='lat' dir='ltr'><strong>non</strong></span> <span class='ocrx_word' id='word_1_76' title='bbox 1480 1613 1526 1660; x_wconf 92' lang='lat' dir='ltr'><strong>est</strong></span> <span class='ocrx_word' id='word_1_77' title='bbox 1543 1619 1619 1681; x_wconf 91' lang='lat' dir='ltr'><strong>pro-</strong></span> 
     </span>
     <span class='ocr_line' id='line_1_11' title="bbox 345 1704 1619 1789; baseline -0.001 -21"><span class='ocrx_word' id='word_1_78' title='bbox 345 1706 445 1768; x_wconf 88' lang='lat' dir='ltr'><strong>fectus</strong></span> <span class='ocrx_word' id='word_1_79' title='bbox 469 1727 574 1789; x_wconf 92' lang='lat' dir='ltr'><strong>neque</strong></span> <span class='ocrx_word' id='word_1_80' title='bbox 605 1707 793 1784; x_wconf 87' lang='lat' dir='ltr'><strong>ambulavit,</strong></span> <span class='ocrx_word' id='word_1_81' title='bbox 826 1725 924 1788; x_wconf 91' lang='lat' dir='ltr'><strong>quam</strong></span> <span class='ocrx_word' id='word_1_82' title='bbox 957 1721 1063 1767; x_wconf 90' lang='lat' dir='ltr'><strong>tamen</strong></span> <span class='ocrx_word' id='word_1_83' title='bbox 1097 1705 1396 1787; x_wconf 86' lang='lat' dir='ltr'><strong>peregrinacionem</strong></span> <span class='ocrx_word' id='word_1_84' title='bbox 1431 1704 1537 1766; x_wconf 84' lang='lat' dir='ltr'><strong>facere</strong></span> <span class='ocrx_word' id='word_1_85' title='bbox 1563 1706 1619 1767; x_wconf 91' lang='lat' dir='ltr'><strong>de-</strong></span> 
     </span>
     <span class='ocr_line' id='line_1_12' title="bbox 346 1809 1619 1896; baseline -0.001 -22"><span class='ocrx_word' id='word_1_86' title='bbox 346 1815 457 1875; x_wconf 91' lang='lat' dir='ltr'><strong>buerat</strong></span> <span class='ocrx_word' id='word_1_87' title='bbox 480 1827 575 1896; x_wconf 92' lang='lat' dir='ltr'><strong>prout</strong></span> <span class='ocrx_word' id='word_1_88' title='bbox 600 1815 631 1874; x_wconf 93' lang='lat' dir='ltr'><strong>in</strong></span> <span class='ocrx_word' id='word_1_89' title='bbox 656 1813 792 1895; x_wconf 87' lang='lat' dir='ltr'><strong>presenti</strong></span> <span class='ocrx_word' id='word_1_90' title='bbox 819 1825 928 1874; x_wconf 89' lang='lat' dir='ltr'><strong>nostro</strong></span> <span class='ocrx_word' id='word_1_91' title='bbox 953 1811 1108 1873; x_wconf 83' lang='lat' dir='ltr'><strong>katherno</strong></span> <span class='ocrx_word' id='word_1_92' title='bbox 1133 1809 1193 1873; x_wconf 85' lang='lat' dir='ltr'><strong>tuit</strong></span> <span class='ocrx_word' id='word_1_93' title='bbox 1210 1811 1447 1892; x_wconf 88' lang='lat' dir='ltr'><strong>consignatum,</strong></span> <span class='ocrx_word' id='word_1_94' title='bbox 1476 1811 1619 1892; x_wconf 90' lang='lat' dir='ltr'><strong>ideoque</strong></span> 
     </span>
     <span class='ocr_line' id='line_1_13' title="bbox 348 1917 1619 2001; baseline -0.002 -21"><span class='ocrx_word' id='word_1_95' title='bbox 348 1933 415 1981; x_wconf 93' lang='lat' dir='ltr'><strong>tota</strong></span> <span class='ocrx_word' id='word_1_96' title='bbox 439 1920 654 1981; x_wconf 89' lang='lat' dir='ltr'><strong>communitas</strong></span> <span class='ocrx_word' id='word_1_97' title='bbox 676 1919 763 2001; x_wconf 91' lang='lat' dir='ltr'><strong>pari,</strong></span> <span class='ocrx_word' id='word_1_98' title='bbox 797 1918 942 1979; x_wconf 88' lang='lat' dir='ltr'><strong>unanimi</strong></span> <span class='ocrx_word' id='word_1_99' title='bbox 966 1931 997 1978; x_wconf 89' lang='lat' dir='ltr'><strong>et</strong></span> <span class='ocrx_word' id='word_1_100' title='bbox 1021 1917 1172 1980; x_wconf 86' lang='lat' dir='ltr'><strong>concordi</strong></span> <span class='ocrx_word' id='word_1_101' title='bbox 1206 1918 1371 1979; x_wconf 88' lang='lat' dir='ltr'><strong>voluntate</strong></span> <span class='ocrx_word' id='word_1_102' title='bbox 1407 1917 1619 1978; x_wconf 88' lang='lat' dir='ltr'><strong>Dominicum</strong></span> 
     </span>
     <span class='ocr_line' id='line_1_14' title="bbox 346 2023 1617 2106; baseline -0.001 -21"><span class='ocrx_word' id='word_1_103' title='bbox 346 2025 467 2086; x_wconf 91' lang='lat' dir='ltr'><strong>dictum</strong></span> <span class='ocrx_word' id='word_1_104' title='bbox 493 2025 606 2087; x_wconf 91' lang='lat' dir='ltr'><strong>Costes</strong></span> <span class='ocrx_word' id='word_1_105' title='bbox 639 2045 697 2106; x_wconf 91' lang='lat' dir='ltr'><strong>pro</strong></span> <span class='ocrx_word' id='word_1_106' title='bbox 729 2025 838 2086; x_wconf 92' lang='lat' dir='ltr'><strong>debito</strong></span> <span class='ocrx_word' id='word_1_107' title='bbox 872 2023 979 2102; x_wconf 88' lang='lat' dir='ltr'><strong>totali,</strong></span> <span class='ocrx_word' id='word_1_108' title='bbox 1011 2043 1077 2105; x_wconf 90' lang='lat' dir='ltr'><strong>quo</strong></span> <span class='ocrx_word' id='word_1_109' title='bbox 1108 2023 1213 2085; x_wconf 90' lang='lat' dir='ltr'><strong>adhuc</strong></span> <span class='ocrx_word' id='word_1_110' title='bbox 1246 2023 1313 2106; x_wconf 91' lang='lat' dir='ltr'><strong>ipse</strong></span> <span class='ocrx_word' id='word_1_111' title='bbox 1338 2023 1530 2084; x_wconf 89' lang='lat' dir='ltr'><strong>Dominieus</strong></span> <span class='ocrx_word' id='word_1_112' title='bbox 1556 2023 1617 2105; x_wconf 89' lang='lat' dir='ltr'><strong>ipsi</strong></span> 
     </span>
     <span class='ocr_line' id='line_1_15' title="bbox 346 2130 1615 2212; baseline -0.002 -20"><span class='ocrx_word' id='word_1_113' title='bbox 346 2133 499 2211; x_wconf 90' lang='lat' dir='ltr'><strong>magistro</strong></span> <span class='ocrx_word' id='word_1_114' title='bbox 514 2132 641 2194; x_wconf 90' lang='lat' dir='ltr'><strong>Thome</strong></span> <span class='ocrx_word' id='word_1_115' title='bbox 666 2132 792 2193; x_wconf 90' lang='lat' dir='ltr'><strong>literato</strong></span> <span class='ocrx_word' id='word_1_116' title='bbox 818 2131 850 2192; x_wconf 90' lang='lat' dir='ltr'><strong>in</strong></span> <span class='ocrx_word' id='word_1_117' title='bbox 875 2131 1043 2212; x_wconf 91' lang='lat' dir='ltr'><strong>empcione</strong></span> <span class='ocrx_word' id='word_1_118' title='bbox 1061 2130 1230 2191; x_wconf 90' lang='lat' dir='ltr'><strong>cuiusdam</strong></span> <span class='ocrx_word' id='word_1_119' title='bbox 1254 2130 1347 2190; x_wconf 88' lang='lat' dir='ltr'><strong>vinee</strong></span> <span class='ocrx_word' id='word_1_120' title='bbox 1372 2143 1531 2208; x_wconf 90' lang='lat' dir='ltr'><strong>teneatur,</strong></span> <span class='ocrx_word' id='word_1_121' title='bbox 1557 2150 1615 2212; x_wconf 93' lang='lat' dir='ltr'><strong>pro</strong></span> 
     </span>
     <span class='ocr_line' id='line_1_16' title="bbox 346 2236 1615 2320; baseline 0 -23"><span class='ocrx_word' id='word_1_122' title='bbox 346 2239 452 2300; x_wconf 89' lang='lat' dir='ltr'><strong>anima</strong></span> <span class='ocrx_word' id='word_1_123' title='bbox 477 2239 553 2300; x_wconf 90' lang='lat' dir='ltr'><strong>dicti</strong></span> <span class='ocrx_word' id='word_1_124' title='bbox 568 2238 813 2320; x_wconf 89' lang='lat' dir='ltr'><strong>Lanczmanych</strong></span> <span class='ocrx_word' id='word_1_125' title='bbox 838 2258 895 2320; x_wconf 91' lang='lat' dir='ltr'><strong>pro</strong></span> <span class='ocrx_word' id='word_1_126' title='bbox 921 2237 1130 2300; x_wconf 87' lang='lat' dir='ltr'><strong>alleviacione</strong></span> <span class='ocrx_word' id='word_1_127' title='bbox 1156 2237 1262 2298; x_wconf 90' lang='lat' dir='ltr'><strong>anime</strong></span> <span class='ocrx_word' id='word_1_128' title='bbox 1287 2236 1363 2298; x_wconf 89' lang='lat' dir='ltr'><strong>dicti</strong></span> <span class='ocrx_word' id='word_1_129' title='bbox 1389 2236 1520 2297; x_wconf 90' lang='lat' dir='ltr'><strong>Thome</strong></span> <span class='ocrx_word' id='word_1_130' title='bbox 1547 2237 1615 2297; x_wconf 87' lang='lat' dir='ltr'><strong>lsan</strong></span> 
     </span>
     <span class='ocr_line' id='line_1_17' title="bbox 347 2341 1615 2428; baseline 0 -24"><span class='ocrx_word' id='word_1_131' title='bbox 347 2357 378 2405; x_wconf 90' lang='lat' dir='ltr'><strong>et</strong></span> <span class='ocrx_word' id='word_1_132' title='bbox 403 2364 460 2425; x_wconf 94' lang='lat' dir='ltr'><strong>pro</strong></span> <span class='ocrx_word' id='word_1_133' title='bbox 485 2346 720 2428; x_wconf 88' lang='lat' dir='ltr'><strong>expurgacione</strong></span> <span class='ocrx_word' id='word_1_134' title='bbox 753 2345 896 2406; x_wconf 88' lang='lat' dir='ltr'><strong>katherni</strong></span> <span class='ocrx_word' id='word_1_135' title='bbox 929 2344 1028 2404; x_wconf 88' lang='lat' dir='ltr'><strong>nostri</strong></span> <span class='ocrx_word' id='word_1_136' title='bbox 1055 2344 1084 2404; x_wconf 90' lang='lat' dir='ltr'><strong>in</strong></span> <span class='ocrx_word' id='word_1_137' title='bbox 1118 2362 1285 2404; x_wconf 89' lang='lat' dir='ltr'><strong>romanam</strong></span> <span class='ocrx_word' id='word_1_138' title='bbox 1316 2342 1437 2404; x_wconf 89' lang='lat' dir='ltr'><strong>curiam</strong></span> <span class='ocrx_word' id='word_1_139' title='bbox 1471 2341 1615 2404; x_wconf 89' lang='lat' dir='ltr'><strong>decrevit</strong></span> 
     </span>
     <span class='ocr_line' id='line_1_18' title="bbox 347 2450 1372 2532; baseline 0 -21"><span class='ocrx_word' id='word_1_140' title='bbox 347 2451 577 2532; x_wconf 84' lang='lat' dir='ltr'><strong>profecturum,</strong></span> <span class='ocrx_word' id='word_1_141' title='bbox 602 2451 859 2514; x_wconf 89' lang='lat' dir='ltr'><strong>contradiccione</strong></span> <span class='ocrx_word' id='word_1_142' title='bbox 884 2450 1103 2531; x_wconf 87' lang='lat' dir='ltr'><strong>quorumlibet</strong></span> <span class='ocrx_word' id='word_1_143' title='bbox 1125 2468 1190 2510; x_wconf 91' lang='lat' dir='ltr'><strong>non</strong></span> <span class='ocrx_word' id='word_1_144' title='bbox 1214 2450 1372 2511; x_wconf 89' lang='lat' dir='ltr'><strong>obstante.</strong></span> 
     </span>
    </p>

    <p class='ocr_par' dir='ltr' id='par_1_5' title="bbox 346 2554 1617 4124">
     <span class='ocr_line' id='line_1_19' title="bbox 458 2554 1615 2638; baseline -0.004 -19"><span class='ocrx_word' id='word_1_145' title='bbox 458 2559 536 2620; x_wconf 90' lang='lat' dir='ltr'><strong>ltem</strong></span> <span class='ocrx_word' id='word_1_146' title='bbox 561 2558 636 2638; x_wconf 87' lang='lat' dir='ltr'><strong>quia</strong></span> <span class='ocrx_word' id='word_1_147' title='bbox 662 2558 799 2618; x_wconf 89' lang='lat' dir='ltr'><strong>Maricza</strong></span> <span class='ocrx_word' id='word_1_148' title='bbox 831 2557 939 2618; x_wconf 87' lang='lat' dir='ltr'><strong>relicta</strong></span> <span class='ocrx_word' id='word_1_149' title='bbox 971 2555 1108 2618; x_wconf 89' lang='lat' dir='ltr'><strong>condam</strong></span> <span class='ocrx_word' id='word_1_150' title='bbox 1142 2554 1306 2638; x_wconf 88' lang='lat' dir='ltr'><strong>Stephani,</strong></span> <span class='ocrx_word' id='word_1_151' title='bbox 1338 2575 1449 2617; x_wconf 91' lang='lat' dir='ltr'><strong>socrus</strong></span> <span class='ocrx_word' id='word_1_152' title='bbox 1473 2555 1615 2636; x_wconf 87' lang='lat' dir='ltr'><strong>magistri</strong></span> 
     </span>
     <span class='ocr_line' id='line_1_20' title="bbox 351 2659 1616 2742; baseline -0.003 -16"><span class='ocrx_word' id='word_1_153' title='bbox 351 2665 480 2726; x_wconf 83' lang='lat' dir='ltr'><strong>Andree</strong></span> <span class='ocrx_word' id='word_1_154' title='bbox 505 2664 621 2724; x_wconf 90' lang='lat' dir='ltr'><strong>sutoris</strong></span> <span class='ocrx_word' id='word_1_155' title='bbox 659 2662 886 2724; x_wconf 88' lang='lat' dir='ltr'><strong>cohabitatoris</strong></span> <span class='ocrx_word' id='word_1_156' title='bbox 919 2663 1016 2723; x_wconf 88' lang='lat' dir='ltr'><strong>nostri</strong></span> <span class='ocrx_word' id='word_1_157' title='bbox 1050 2661 1106 2724; x_wconf 89' lang='lat' dir='ltr'><strong>filii</strong></span> <span class='ocrx_word' id='word_1_158' title='bbox 1132 2661 1320 2742; x_wconf 88' lang='lat' dir='ltr'><strong>Clementis,</strong></span> <span class='ocrx_word' id='word_1_159' title='bbox 1357 2661 1390 2722; x_wconf 92' lang='lat' dir='ltr'><strong>id</strong></span> <span class='ocrx_word' id='word_1_160' title='bbox 1422 2681 1497 2723; x_wconf 89' lang='lat' dir='ltr'><strong>curn</strong></span> <span class='ocrx_word' id='word_1_161' title='bbox 1529 2659 1616 2722; x_wconf 83' lang='lat' dir='ltr'><strong>sulfi-</strong></span> 
     </span>
     <span class='ocr_line' id='line_1_21' title="bbox 349 2767 1615 2850; baseline -0.003 -18"><span class='ocrx_word' id='word_1_162' title='bbox 349 2771 444 2832; x_wconf 87' lang='lat' dir='ltr'><strong>cienti</strong></span> <span class='ocrx_word' id='word_1_163' title='bbox 470 2783 501 2830; x_wconf 91' lang='lat' dir='ltr'><strong>et</strong></span> <span class='ocrx_word' id='word_1_164' title='bbox 524 2768 689 2850; x_wconf 89' lang='lat' dir='ltr'><strong>fidedigno</strong></span> <span class='ocrx_word' id='word_1_165' title='bbox 714 2783 896 2830; x_wconf 90' lang='lat' dir='ltr'><strong>nostrorum</strong></span> <span class='ocrx_word' id='word_1_166' title='bbox 921 2768 1103 2829; x_wconf 89' lang='lat' dir='ltr'><strong>concivium</strong></span> <span class='ocrx_word' id='word_1_167' title='bbox 1136 2768 1322 2829; x_wconf 91' lang='lat' dir='ltr'><strong>testimonio</strong></span> <span class='ocrx_word' id='word_1_168' title='bbox 1347 2768 1379 2828; x_wconf 92' lang='lat' dir='ltr'><strong>in</strong></span> <span class='ocrx_word' id='word_1_169' title='bbox 1405 2767 1482 2828; x_wconf 89' lang='lat' dir='ltr'><strong>sede</strong></span> <span class='ocrx_word' id='word_1_170' title='bbox 1508 2781 1615 2828; x_wconf 89' lang='lat' dir='ltr'><strong>nostra</strong></span> 
     </span>
     <span class='ocr_line' id='line_1_22' title="bbox 349 2874 1617 2960; baseline -0.003 -21"><span class='ocrx_word' id='word_1_171' title='bbox 349 2877 514 2960; x_wconf 85' lang='lat' dir='ltr'><strong>judiciaria</strong></span> <span class='ocrx_word' id='word_1_172' title='bbox 540 2877 623 2938; x_wconf 88' lang='lat' dir='ltr'><strong>clare</strong></span> <span class='ocrx_word' id='word_1_173' title='bbox 648 2891 679 2937; x_wconf 95' lang='lat' dir='ltr'><strong>et</strong></span> <span class='ocrx_word' id='word_1_174' title='bbox 702 2876 819 2936; x_wconf 91' lang='lat' dir='ltr'><strong>seriose</strong></span> <span class='ocrx_word' id='word_1_175' title='bbox 845 2893 952 2936; x_wconf 91' lang='lat' dir='ltr'><strong>coram</strong></span> <span class='ocrx_word' id='word_1_176' title='bbox 985 2875 1079 2936; x_wconf 90' lang='lat' dir='ltr'><strong>nobis</strong></span> <span class='ocrx_word' id='word_1_177' title='bbox 1112 2875 1142 2936; x_wconf 92' lang='lat' dir='ltr'><strong>in</strong></span> <span class='ocrx_word' id='word_1_178' title='bbox 1168 2874 1288 2956; x_wconf 89' lang='lat' dir='ltr'><strong>judicio</strong></span> <span class='ocrx_word' id='word_1_179' title='bbox 1323 2876 1557 2957; x_wconf 87' lang='lat' dir='ltr'><strong>comprobavit,</strong></span> <span class='ocrx_word' id='word_1_180' title='bbox 1580 2889 1617 2935; x_wconf 91' lang='lat' dir='ltr'><strong>ut</strong></span> 
     </span>
     <span class='ocr_line' id='line_1_23' title="bbox 348 2980 1616 3065; baseline -0.003 -21"><span class='ocrx_word' id='word_1_181' title='bbox 348 2985 425 3045; x_wconf 90' lang='lat' dir='ltr'><strong>dum</strong></span> <span class='ocrx_word' id='word_1_182' title='bbox 452 2982 587 3065; x_wconf 91' lang='lat' dir='ltr'><strong>provida</strong></span> <span class='ocrx_word' id='word_1_183' title='bbox 612 2981 748 3044; x_wconf 90' lang='lat' dir='ltr'><strong>condam</strong></span> <span class='ocrx_word' id='word_1_184' title='bbox 767 2981 882 3042; x_wconf 86' lang='lat' dir='ltr'><strong>mulier</strong></span> <span class='ocrx_word' id='word_1_185' title='bbox 899 2982 1001 3042; x_wconf 91' lang='lat' dir='ltr'><strong>Kussa</strong></span> <span class='ocrx_word' id='word_1_186' title='bbox 1023 2995 1145 3060; x_wconf 91' lang='lat' dir='ltr'><strong>vocata,</strong></span> <span class='ocrx_word' id='word_1_187' title='bbox 1169 3001 1259 3043; x_wconf 90' lang='lat' dir='ltr'><strong>soror</strong></span> <span class='ocrx_word' id='word_1_188' title='bbox 1275 2981 1400 3042; x_wconf 89' lang='lat' dir='ltr'><strong>uterina</strong></span> <span class='ocrx_word' id='word_1_189' title='bbox 1426 2995 1457 3042; x_wconf 91' lang='lat' dir='ltr'><strong>et</strong></span> <span class='ocrx_word' id='word_1_190' title='bbox 1481 2980 1616 3041; x_wconf 89' lang='lat' dir='ltr'><strong>carnalis</strong></span> 
     </span>
     <span class='ocr_line' id='line_1_24' title="bbox 347 3085 1616 3173; baseline -0.002 -24"><span class='ocrx_word' id='word_1_191' title='bbox 347 3089 446 3168; x_wconf 88' lang='lat' dir='ltr'><strong>ipsius</strong></span> <span class='ocrx_word' id='word_1_192' title='bbox 469 3089 581 3173; x_wconf 36' lang='lat' dir='ltr'><strong>,Kussc</strong></span> <span class='ocrx_word' id='word_1_193' title='bbox 614 3089 758 3149; x_wconf 90' lang='lat' dir='ltr'><strong>mulieris</strong></span> <span class='ocrx_word' id='word_1_194' title='bbox 787 3089 818 3148; x_wconf 92' lang='lat' dir='ltr'><strong>in</strong></span> <span class='ocrx_word' id='word_1_195' title='bbox 851 3088 999 3150; x_wconf 86' lang='lat' dir='ltr'><strong>extremis</strong></span> <span class='ocrx_word' id='word_1_196' title='bbox 1024 3087 1087 3149; x_wconf 90' lang='lat' dir='ltr'><strong>vite</strong></span> <span class='ocrx_word' id='word_1_197' title='bbox 1119 3107 1176 3148; x_wconf 91' lang='lat' dir='ltr'><strong>sue</strong></span> <span class='ocrx_word' id='word_1_198' title='bbox 1207 3085 1395 3168; x_wconf 90' lang='lat' dir='ltr'><strong>temporalis</strong></span> <span class='ocrx_word' id='word_1_199' title='bbox 1427 3089 1616 3164; x_wconf 90' lang='lat' dir='ltr'><strong>laborasset,</strong></span> 
     </span>
     <span class='ocr_line' id='line_1_25' title="bbox 346 3192 1615 3276; baseline -0.001 -21"><span class='ocrx_word' id='word_1_200' title='bbox 346 3209 421 3255; x_wconf 90' lang='lat' dir='ltr'><strong>tunc</strong></span> <span class='ocrx_word' id='word_1_201' title='bbox 446 3195 513 3276; x_wconf 90' lang='lat' dir='ltr'><strong>ipsa</strong></span> <span class='ocrx_word' id='word_1_202' title='bbox 538 3193 713 3274; x_wconf 90' lang='lat' dir='ltr'><strong>quamdam</strong></span> <span class='ocrx_word' id='word_1_203' title='bbox 737 3193 870 3254; x_wconf 92' lang='lat' dir='ltr'><strong>domum</strong></span> <span class='ocrx_word' id='word_1_204' title='bbox 896 3213 986 3254; x_wconf 90' lang='lat' dir='ltr'><strong>suam</strong></span> <span class='ocrx_word' id='word_1_205' title='bbox 1016 3213 1089 3255; x_wconf 93' lang='lat' dir='ltr'><strong>cum</strong></span> <span class='ocrx_word' id='word_1_206' title='bbox 1115 3192 1216 3254; x_wconf 88' lang='lat' dir='ltr'><strong>fundo</strong></span> <span class='ocrx_word' id='word_1_207' title='bbox 1240 3207 1271 3254; x_wconf 92' lang='lat' dir='ltr'><strong>et</strong></span> <span class='ocrx_word' id='word_1_208' title='bbox 1304 3192 1461 3254; x_wconf 87' lang='lat' dir='ltr'><strong>hedificiis</strong></span> <span class='ocrx_word' id='word_1_209' title='bbox 1486 3193 1615 3254; x_wconf 83' lang='lat' dir='ltr'><strong>inviro</strong></span> 
     </span>
     <span class='ocr_line' id='line_1_26' title="bbox 349 3299 1615 3382; baseline -0.002 -22"><span class='ocrx_word' id='word_1_210' title='bbox 349 3301 449 3382; x_wconf 90' lang='lat' dir='ltr'><strong>ipsius</strong></span> <span class='ocrx_word' id='word_1_211' title='bbox 473 3299 609 3361; x_wconf 88' lang='lat' dir='ltr'><strong>civitatis</strong></span> <span class='ocrx_word' id='word_1_212' title='bbox 633 3300 780 3361; x_wconf 83' lang='lat' dir='ltr'><strong>exteriori</strong></span> <span class='ocrx_word' id='word_1_213' title='bbox 805 3299 1044 3381; x_wconf 88' lang='lat' dir='ltr'><strong>lucifigulorum</strong></span> <span class='ocrx_word' id='word_1_214' title='bbox 1069 3299 1224 3378; x_wconf 90' lang='lat' dir='ltr'><strong>habitam,</strong></span> <span class='ocrx_word' id='word_1_215' title='bbox 1249 3300 1350 3381; x_wconf 87' lang='lat' dir='ltr'><strong>ipsam</strong></span> <span class='ocrx_word' id='word_1_216' title='bbox 1375 3299 1513 3378; x_wconf 87' lang='lat' dir='ltr'><strong>juridice</strong></span> <span class='ocrx_word' id='word_1_217' title='bbox 1538 3317 1615 3358; x_wconf 90' lang='lat' dir='ltr'><strong>con·</strong></span> 
     </span>
     <span class='ocr_line' id='line_1_27' title="bbox 347 3403 1616 3486; baseline -0.002 -19"><span class='ocrx_word' id='word_1_218' title='bbox 347 3419 551 3482; x_wconf 90' lang='lat' dir='ltr'><strong>cernentem,</strong></span> <span class='ocrx_word' id='word_1_219' title='bbox 582 3426 653 3466; x_wconf 89' lang='lat' dir='ltr'><strong>cum</strong></span> <span class='ocrx_word' id='word_1_220' title='bbox 687 3406 751 3466; x_wconf 90' lang='lat' dir='ltr'><strong>suis</strong></span> <span class='ocrx_word' id='word_1_221' title='bbox 784 3406 988 3486; x_wconf 88' lang='lat' dir='ltr'><strong>pertinenciis</strong></span> <span class='ocrx_word' id='word_1_222' title='bbox 1019 3418 1050 3468; x_wconf 90' lang='lat' dir='ltr'><strong>et</strong></span> <span class='ocrx_word' id='word_1_223' title='bbox 1082 3405 1274 3467; x_wconf 88' lang='lat' dir='ltr'><strong>utilitatibus</strong></span> <span class='ocrx_word' id='word_1_224' title='bbox 1306 3405 1464 3466; x_wconf 88' lang='lat' dir='ltr'><strong>universis</strong></span> <span class='ocrx_word' id='word_1_225' title='bbox 1495 3403 1616 3486; x_wconf 84' lang='lat' dir='ltr'><strong>prefate</strong></span> 
     </span>
     <span class='ocr_line' id='line_1_28' title="bbox 348 3510 1616 3594; baseline -0.002 -21"><span class='ocrx_word' id='word_1_226' title='bbox 348 3513 484 3573; x_wconf 89' lang='lat' dir='ltr'><strong>Maricze</strong></span> <span class='ocrx_word' id='word_1_227' title='bbox 509 3512 618 3573; x_wconf 91' lang='lat' dir='ltr'><strong>relicte</strong></span> <span class='ocrx_word' id='word_1_228' title='bbox 643 3510 740 3593; x_wconf 91' lang='lat' dir='ltr'><strong>ipsius</strong></span> <span class='ocrx_word' id='word_1_229' title='bbox 759 3511 912 3594; x_wconf 89' lang='lat' dir='ltr'><strong>Stephani</strong></span> <span class='ocrx_word' id='word_1_230' title='bbox 936 3513 1038 3573; x_wconf 90' lang='lat' dir='ltr'><strong>sorori</strong></span> <span class='ocrx_word' id='word_1_231' title='bbox 1063 3532 1119 3574; x_wconf 91' lang='lat' dir='ltr'><strong>sue</strong></span> <span class='ocrx_word' id='word_1_232' title='bbox 1136 3511 1305 3592; x_wconf 87' lang='lat' dir='ltr'><strong>legavisset</strong></span> <span class='ocrx_word' id='word_1_233' title='bbox 1328 3511 1396 3592; x_wconf 89' lang='lat' dir='ltr'><strong>jure</strong></span> <span class='ocrx_word' id='word_1_234' title='bbox 1421 3510 1616 3593; x_wconf 90' lang='lat' dir='ltr'><strong>perhennali</strong></span> 
     </span>
     <span class='ocr_line' id='line_1_29' title="bbox 346 3616 1612 3698; baseline -0.002 -20"><span class='ocrx_word' id='word_1_235' title='bbox 346 3617 582 3698; x_wconf 89' lang='lat' dir='ltr'><strong>possidendam,</strong></span> <span class='ocrx_word' id='word_1_236' title='bbox 614 3617 753 3698; x_wconf 91' lang='lat' dir='ltr'><strong>ideoque</strong></span> <span class='ocrx_word' id='word_1_237' title='bbox 789 3638 848 3679; x_wconf 91' lang='lat' dir='ltr'><strong>nos</strong></span> <span class='ocrx_word' id='word_1_238' title='bbox 879 3618 1015 3679; x_wconf 89' lang='lat' dir='ltr'><strong>candem</strong></span> <span class='ocrx_word' id='word_1_239' title='bbox 1048 3618 1193 3696; x_wconf 89' lang='lat' dir='ltr'><strong>domum,</strong></span> <span class='ocrx_word' id='word_1_240' title='bbox 1227 3616 1364 3678; x_wconf 84' lang='lat' dir='ltr'><strong>fundum</strong></span> <span class='ocrx_word' id='word_1_241' title='bbox 1397 3631 1427 3678; x_wconf 92' lang='lat' dir='ltr'><strong>et</strong></span> <span class='ocrx_word' id='word_1_242' title='bbox 1461 3616 1612 3678; x_wconf 88' lang='lat' dir='ltr'><strong>hedificia</strong></span> 
     </span>
     <span class='ocr_line' id='line_1_30' title="bbox 348 3723 1615 3805; baseline 0.001 -23"><span class='ocrx_word' id='word_1_243' title='bbox 348 3723 448 3804; x_wconf 91' lang='lat' dir='ltr'><strong>ipsius</strong></span> <span class='ocrx_word' id='word_1_244' title='bbox 473 3723 574 3782; x_wconf 90' lang='lat' dir='ltr'><strong>Kusse</strong></span> <span class='ocrx_word' id='word_1_245' title='bbox 600 3723 744 3786; x_wconf 85' lang='lat' dir='ltr'><strong>mulieris</strong></span> <span class='ocrx_word' id='word_1_246' title='bbox 768 3743 840 3785; x_wconf 89' lang='lat' dir='ltr'><strong>cum</strong></span> <span class='ocrx_word' id='word_1_247' title='bbox 865 3724 930 3784; x_wconf 89' lang='lat' dir='ltr'><strong>suis</strong></span> <span class='ocrx_word' id='word_1_248' title='bbox 954 3724 1159 3805; x_wconf 90' lang='lat' dir='ltr'><strong>pertinenciis</strong></span> <span class='ocrx_word' id='word_1_249' title='bbox 1184 3738 1214 3784; x_wconf 93' lang='lat' dir='ltr'><strong>et</strong></span> <span class='ocrx_word' id='word_1_250' title='bbox 1239 3723 1431 3786; x_wconf 90' lang='lat' dir='ltr'><strong>utilitatibus</strong></span> <span class='ocrx_word' id='word_1_251' title='bbox 1457 3723 1615 3783; x_wconf 89' lang='lat' dir='ltr'><strong>universis</strong></span> 
     </span>
     <span class='ocr_line' id='line_1_31' title="bbox 348 3827 1614 3910; baseline 0 -22"><span class='ocrx_word' id='word_1_252' title='bbox 348 3828 470 3910; x_wconf 82' lang='lat' dir='ltr'><strong>prefate</strong></span> <span class='ocrx_word' id='word_1_253' title='bbox 496 3827 632 3889; x_wconf 90' lang='lat' dir='ltr'><strong>Maricze</strong></span> <span class='ocrx_word' id='word_1_254' title='bbox 658 3830 783 3890; x_wconf 89' lang='lat' dir='ltr'><strong>mulieri</strong></span> <span class='ocrx_word' id='word_1_255' title='bbox 802 3830 970 3891; x_wconf 89' lang='lat' dir='ltr'><strong>statuimus</strong></span> <span class='ocrx_word' id='word_1_256' title='bbox 994 3849 1031 3890; x_wconf 90' lang='lat' dir='ltr'><strong>ex</strong></span> <span class='ocrx_word' id='word_1_257' title='bbox 1049 3829 1270 3890; x_wconf 88' lang='lat' dir='ltr'><strong>commisimus</strong></span> <span class='ocrx_word' id='word_1_258' title='bbox 1294 3849 1332 3890; x_wconf 83' lang='lat' dir='ltr'><strong>ex</strong></span> <span class='ocrx_word' id='word_1_259' title='bbox 1356 3829 1521 3910; x_wconf 89' lang='lat' dir='ltr'><strong>premissis</strong></span> <span class='ocrx_word' id='word_1_260' title='bbox 1545 3829 1614 3908; x_wconf 86' lang='lat' dir='ltr'><strong>jure</strong></span> 
     </span>
     <span class='ocr_line' id='line_1_32' title="bbox 348 3935 1614 4017; baseline 0 -22"><span class='ocrx_word' id='word_1_261' title='bbox 348 3949 504 4016; x_wconf 91' lang='lat' dir='ltr'><strong>perpetuo</strong></span> <span class='ocrx_word' id='word_1_262' title='bbox 540 3935 769 4016; x_wconf 88' lang='lat' dir='ltr'><strong>possidendam</strong></span> <span class='ocrx_word' id='word_1_263' title='bbox 805 3949 835 3996; x_wconf 91' lang='lat' dir='ltr'><strong>et</strong></span> <span class='ocrx_word' id='word_1_264' title='bbox 870 3937 1179 4017; x_wconf 89' lang='lat' dir='ltr'><strong>quomodocumque</strong></span> <span class='ocrx_word' id='word_1_265' title='bbox 1210 3936 1348 3997; x_wconf 88' lang='lat' dir='ltr'><strong>voluerit</strong></span> <span class='ocrx_word' id='word_1_266' title='bbox 1379 3935 1614 4016; x_wconf 85' lang='lat' dir='ltr'><strong>disponendam</strong></span> 
     </span>
     <span class='ocr_line' id='line_1_33' title="bbox 347 4041 1309 4124; baseline 0.002 -24"><span class='ocrx_word' id='word_1_267' title='bbox 347 4041 434 4122; x_wconf 83' lang='lat' dir='ltr'><strong>juxta</strong></span> <span class='ocrx_word' id='word_1_268' title='bbox 458 4041 682 4102; x_wconf 90' lang='lat' dir='ltr'><strong>condicionem</strong></span> <span class='ocrx_word' id='word_1_269' title='bbox 707 4041 841 4102; x_wconf 90' lang='lat' dir='ltr'><strong>civitatis</strong></span> <span class='ocrx_word' id='word_1_270' title='bbox 866 4044 905 4102; x_wconf 92' lang='lat' dir='ltr'><strong>ab</strong></span> <span class='ocrx_word' id='word_1_271' title='bbox 930 4042 1063 4122; x_wconf 90' lang='lat' dir='ltr'><strong>antiquo</strong></span> <span class='ocrx_word' id='word_1_272' title='bbox 1088 4043 1309 4124; x_wconf 90' lang='lat' dir='ltr'><strong>approbatam.</strong></span> 
     </span>
    </p>

    <p class='ocr_par' dir='ltr' id='par_1_6' title="bbox 348 4145 1615 4545">
     <span class='ocr_line' id='line_1_34' title="bbox 454 4145 1614 4229; baseline 0.003 -24"><span class='ocrx_word' id='word_1_273' title='bbox 454 4146 531 4206; x_wconf 90' lang='lat' dir='ltr'><strong>ltem</strong></span> <span class='ocrx_word' id='word_1_274' title='bbox 556 4145 649 4226; x_wconf 91' lang='lat' dir='ltr'><strong>jurati</strong></span> <span class='ocrx_word' id='word_1_275' title='bbox 668 4147 932 4226; x_wconf 87' lang='lat' dir='ltr'><strong>adjudicaverunt</strong></span> <span class='ocrx_word' id='word_1_276' title='bbox 955 4148 1171 4229; x_wconf 84' lang='lat' dir='ltr'><strong>juramentum</strong></span> <span class='ocrx_word' id='word_1_277' title='bbox 1190 4147 1333 4228; x_wconf 89' lang='lat' dir='ltr'><strong>Georgio</strong></span> <span class='ocrx_word' id='word_1_278' title='bbox 1357 4147 1425 4208; x_wconf 89' lang='lat' dir='ltr'><strong>filio</strong></span> <span class='ocrx_word' id='word_1_279' title='bbox 1444 4148 1555 4208; x_wconf 89' lang='lat' dir='ltr'><strong>Banko</strong></span> <span class='ocrx_word' id='word_1_280' title='bbox 1573 4147 1614 4208; x_wconf 90' lang='lat' dir='ltr'><strong>de</strong></span> 
     </span>
     <span class='ocr_line' id='line_1_35' title="bbox 348 4252 1615 4336; baseline 0.003 -26"><span class='ocrx_word' id='word_1_281' title='bbox 348 4252 534 4333; x_wconf 86' lang='lat' dir='ltr'><strong>Pobrcssya,</strong></span> <span class='ocrx_word' id='word_1_282' title='bbox 560 4252 646 4333; x_wconf 92' lang='lat' dir='ltr'><strong>quod</strong></span> <span class='ocrx_word' id='word_1_283' title='bbox 666 4254 730 4333; x_wconf 89' lang='lat' dir='ltr'><strong>ipse</strong></span> <span class='ocrx_word' id='word_1_284' title='bbox 750 4254 853 4314; x_wconf 92' lang='lat' dir='ltr'><strong>nullas</strong></span> <span class='ocrx_word' id='word_1_285' title='bbox 877 4255 985 4314; x_wconf 90' lang='lat' dir='ltr'><strong>literas</strong></span> <span class='ocrx_word' id='word_1_286' title='bbox 1008 4255 1101 4315; x_wconf 91' lang='lat' dir='ltr'><strong>sciret</strong></span> <span class='ocrx_word' id='word_1_287' title='bbox 1124 4275 1186 4336; x_wconf 92' lang='lat' dir='ltr'><strong>que</strong></span> <span class='ocrx_word' id='word_1_288' title='bbox 1212 4255 1271 4336; x_wconf 88' lang='lat' dir='ltr'><strong>ipsi</strong></span> <span class='ocrx_word' id='word_1_289' title='bbox 1296 4269 1351 4316; x_wconf 87' lang='lat' dir='ltr'><strong>aut</strong></span> <span class='ocrx_word' id='word_1_290' title='bbox 1376 4254 1455 4336; x_wconf 86' lang='lat' dir='ltr'><strong>patri</strong></span> <span class='ocrx_word' id='word_1_291' title='bbox 1482 4273 1540 4314; x_wconf 90' lang='lat' dir='ltr'><strong>suo</strong></span> <span class='ocrx_word' id='word_1_292' title='bbox 1558 4273 1615 4314; x_wconf 91' lang='lat' dir='ltr'><strong>seu</strong></span> 
     </span>
     <span class='ocr_line' id='line_1_36' title="bbox 349 4357 1615 4442; baseline 0.004 -27"><span class='ocrx_word' id='word_1_293' title='bbox 349 4357 629 4436; x_wconf 90' lang='lat' dir='ltr'><strong>predecessoribus</strong></span> <span class='ocrx_word' id='word_1_294' title='bbox 654 4360 718 4420; x_wconf 90' lang='lat' dir='ltr'><strong>suis</strong></span> <span class='ocrx_word' id='word_1_295' title='bbox 742 4380 836 4442; x_wconf 90' lang='lat' dir='ltr'><strong>super</strong></span> <span class='ocrx_word' id='word_1_296' title='bbox 854 4359 992 4441; x_wconf 92' lang='lat' dir='ltr'><strong>quadam</strong></span> <span class='ocrx_word' id='word_1_297' title='bbox 1014 4374 1095 4421; x_wconf 90' lang='lat' dir='ltr'><strong>terra</strong></span> <span class='ocrx_word' id='word_1_298' title='bbox 1121 4361 1153 4421; x_wconf 89' lang='lat' dir='ltr'><strong>in</strong></span> <span class='ocrx_word' id='word_1_299' title='bbox 1178 4380 1292 4442; x_wconf 90' lang='lat' dir='ltr'><strong>campo</strong></span> <span class='ocrx_word' id='word_1_300' title='bbox 1310 4359 1447 4421; x_wconf 87' lang='lat' dir='ltr'><strong>civitatis</strong></span> <span class='ocrx_word' id='word_1_301' title='bbox 1471 4360 1615 4441; x_wconf 90' lang='lat' dir='ltr'><strong>predicte</strong></span> 
     </span>
     <span class='ocr_line' id='line_1_37' title="bbox 348 4461 1348 4545; baseline 0.008 -25"><span class='ocrx_word' id='word_1_302' title='bbox 348 4461 455 4522; x_wconf 91' lang='lat' dir='ltr'><strong>habita</strong></span> <span class='ocrx_word' id='word_1_303' title='bbox 480 4483 537 4544; x_wconf 90' lang='lat' dir='ltr'><strong>pro</strong></span> <span class='ocrx_word' id='word_1_304' title='bbox 563 4483 625 4544; x_wconf 91' lang='lat' dir='ltr'><strong>qua</strong></span> <span class='ocrx_word' id='word_1_305' title='bbox 649 4463 715 4545; x_wconf 92' lang='lat' dir='ltr'><strong>ipse</strong></span> <span class='ocrx_word' id='word_1_306' title='bbox 740 4465 828 4526; x_wconf 93' lang='lat' dir='ltr'><strong>litem</strong></span> <span class='ocrx_word' id='word_1_307' title='bbox 853 4465 1011 4544; x_wconf 90' lang='lat' dir='ltr'><strong>habuerit,</strong></span> <span class='ocrx_word' id='word_1_308' title='bbox 1037 4465 1181 4528; x_wconf 87' lang='lat' dir='ltr'><strong>confecte</strong></span> <span class='ocrx_word' id='word_1_309' title='bbox 1205 4465 1348 4528; x_wconf 85' lang='lat' dir='ltr'><strong>fuissent.</strong></span> 
     </span>
    </p>

    <p class='ocr_par' dir='ltr' id='par_1_7' title="bbox 348 4567 1618 4971">
     <span class='ocr_line' id='line_1_38' title="bbox 456 4567 1618 4653; baseline 0.005 -26"><span class='ocrx_word' id='word_1_310' title='bbox 456 4567 532 4628; x_wconf 88' lang='lat' dir='ltr'><strong>ltem</strong></span> <span class='ocrx_word' id='word_1_311' title='bbox 559 4570 747 4630; x_wconf 89' lang='lat' dir='ltr'><strong>secundario</strong></span> <span class='ocrx_word' id='word_1_312' title='bbox 780 4571 896 4650; x_wconf 86' lang='lat' dir='ltr'><strong>jurabit</strong></span> <span class='ocrx_word' id='word_1_313' title='bbox 931 4572 1018 4632; x_wconf 91' lang='lat' dir='ltr'><strong>idem</strong></span> <span class='ocrx_word' id='word_1_314' title='bbox 1050 4571 1210 4653; x_wconf 91' lang='lat' dir='ltr'><strong>Georgius</strong></span> <span class='ocrx_word' id='word_1_315' title='bbox 1241 4590 1398 4653; x_wconf 90' lang='lat' dir='ltr'><strong>supereo</strong></span> <span class='ocrx_word' id='word_1_316' title='bbox 1433 4572 1618 4633; x_wconf 90' lang='lat' dir='ltr'><strong>terciusmet</strong></span> 
     </span>
     <span class='ocr_line' id='line_1_39' title="bbox 348 4673 1616 4760; baseline 0.006 -28"><span class='ocrx_word' id='word_1_317' title='bbox 348 4687 461 4734; x_wconf 88' lang='lat' dir='ltr'><strong>octavo</strong></span> <span class='ocrx_word' id='word_1_318' title='bbox 486 4673 538 4734; x_wconf 92' lang='lat' dir='ltr'><strong>die</strong></span> <span class='ocrx_word' id='word_1_319' title='bbox 563 4695 657 4755; x_wconf 94' lang='lat' dir='ltr'><strong>super</strong></span> <span class='ocrx_word' id='word_1_320' title='bbox 684 4695 781 4754; x_wconf 90' lang='lat' dir='ltr'><strong>aram,</strong></span> <span class='ocrx_word' id='word_1_321' title='bbox 814 4677 902 4758; x_wconf 88' lang='lat' dir='ltr'><strong>quod</strong></span> <span class='ocrx_word' id='word_1_322' title='bbox 933 4679 1000 4760; x_wconf 89' lang='lat' dir='ltr'><strong>ipsa</strong></span> <span class='ocrx_word' id='word_1_323' title='bbox 1033 4691 1115 4740; x_wconf 92' lang='lat' dir='ltr'><strong>terra</strong></span> <span class='ocrx_word' id='word_1_324' title='bbox 1139 4678 1279 4759; x_wconf 90' lang='lat' dir='ltr'><strong>litigiosa</strong></span> <span class='ocrx_word' id='word_1_325' title='bbox 1316 4697 1443 4760; x_wconf 90' lang='lat' dir='ltr'><strong>semper</strong></span> <span class='ocrx_word' id='word_1_326' title='bbox 1476 4677 1536 4740; x_wconf 81' lang='lat' dir='ltr'><strong>tuit</strong></span> <span class='ocrx_word' id='word_1_327' title='bbox 1560 4699 1616 4760; x_wconf 93' lang='lat' dir='ltr'><strong>pa·</strong></span> 
     </span>
     <span class='ocr_line' id='line_1_40' title="bbox 349 4781 1617 4866; baseline 0.007 -29"><span class='ocrx_word' id='word_1_328' title='bbox 349 4792 476 4838; x_wconf 89' lang='lat' dir='ltr'><strong>rentum</strong></span> <span class='ocrx_word' id='word_1_329' title='bbox 503 4793 532 4839; x_wconf 87' lang='lat' dir='ltr'><strong>ct</strong></span> <span class='ocrx_word' id='word_1_330' title='bbox 557 4781 816 4860; x_wconf 86' lang='lat' dir='ltr'><strong>predecessorum</strong></span> <span class='ocrx_word' id='word_1_331' title='bbox 841 4803 972 4844; x_wconf 90' lang='lat' dir='ltr'><strong>suorum</strong></span> <span class='ocrx_word' id='word_1_332' title='bbox 998 4797 1029 4846; x_wconf 90' lang='lat' dir='ltr'><strong>et</strong></span> <span class='ocrx_word' id='word_1_333' title='bbox 1053 4784 1134 4845; x_wconf 91' lang='lat' dir='ltr'><strong>nulli</strong></span> <span class='ocrx_word' id='word_1_334' title='bbox 1153 4803 1297 4866; x_wconf 91' lang='lat' dir='ltr'><strong>unquam</strong></span> <span class='ocrx_word' id='word_1_335' title='bbox 1322 4804 1379 4866; x_wconf 90' lang='lat' dir='ltr'><strong>per</strong></span> <span class='ocrx_word' id='word_1_336' title='bbox 1401 4785 1544 4866; x_wconf 91' lang='lat' dir='ltr'><strong>aliquem</strong></span> <span class='ocrx_word' id='word_1_337' title='bbox 1570 4799 1617 4846; x_wconf 88' lang='lat' dir='ltr'><strong>cst</strong></span> 
     </span>
     <span class='ocr_line' id='line_1_41' title="bbox 350 4884 1036 4971; baseline 0.015 -29"><span class='ocrx_word' id='word_1_338' title='bbox 350 4884 489 4963; x_wconf 90' lang='lat' dir='ltr'><strong>vendita,</strong></span> <span class='ocrx_word' id='word_1_339' title='bbox 514 4905 572 4946; x_wconf 90' lang='lat' dir='ltr'><strong>nec</strong></span> <span class='ocrx_word' id='word_1_340' title='bbox 597 4887 715 4948; x_wconf 90' lang='lat' dir='ltr'><strong>donata</strong></span> <span class='ocrx_word' id='word_1_341' title='bbox 739 4907 797 4949; x_wconf 91' lang='lat' dir='ltr'><strong>nec</strong></span> <span class='ocrx_word' id='word_1_342' title='bbox 823 4889 1036 4971; x_wconf 90' lang='lat' dir='ltr'><strong>inpignorata.</strong></span> 
     </span>
    </p>
   </div>
   <div class='ocr_carea' id='block_1_2' title="bbox 459 4990 1615 5083">
    <p class='ocr_par' dir='ltr' id='par_1_8' title="bbox 459 4990 1615 5083">
     <span class='ocr_line' id='line_1_42' title="bbox 459 4990 1615 5083; baseline 0.008 -30"><span class='ocrx_word' id='word_1_343' title='bbox 459 4990 534 5053; x_wconf 86' lang='lat' dir='ltr'><strong>Item</strong></span> <span class='ocrx_word' id='word_1_344' title='bbox 559 4990 676 5074; x_wconf 86' lang='lat' dir='ltr'><strong>jurabit</strong></span> <span class='ocrx_word' id='word_1_345' title='bbox 707 5007 820 5058; x_wconf 90' lang='lat' dir='ltr'><strong>octavo</strong></span> <span class='ocrx_word' id='word_1_346' title='bbox 852 4995 904 5058; x_wconf 88' lang='lat' dir='ltr'><strong>dic</strong></span> <span class='ocrx_word' id='word_1_347' title='bbox 936 4995 1021 5060; x_wconf 85' lang='lat' dir='ltr'><strong>lwan</strong></span> <span class='ocrx_word' id='word_1_348' title='bbox 1048 4996 1188 5063; x_wconf 86' lang='lat' dir='ltr'><strong>Owchar</strong></span> <span class='ocrx_word' id='word_1_349' title='bbox 1211 5016 1307 5082; x_wconf 88' lang='lat' dir='ltr'><strong>super</strong></span> <span class='ocrx_word' id='word_1_350' title='bbox 1338 5017 1424 5062; x_wconf 88' lang='lat' dir='ltr'><strong>aram</strong></span> <span class='ocrx_word' id='word_1_351' title='bbox 1451 5017 1544 5083; x_wconf 91' lang='lat' dir='ltr'><strong>super</strong></span> <span class='ocrx_word' id='word_1_352' title='bbox 1574 5016 1615 5062; x_wconf 89' lang='lat' dir='ltr'><strong>eo</strong></span> 
     </span>
    </p>
   </div>
   <div class='ocr_carea' id='block_1_3' title="bbox 0 0 1873 5796">
    <p class='ocr_par' dir='ltr' id='par_1_9' title="bbox 0 0 1873 5796">
     <span class='ocr_line' id='line_1_43' title="bbox 0 0 1873 5796; baseline 0 0"><span class='ocrx_word' id='word_1_353' title='bbox 0 0 1873 5796; x_wconf 95' lang='lat' dir='ltr'><strong> </strong></span> 
     </span>
    </p>
   </div>
  </div>
 </body>
</html>
