3734 5796
367 563 430 627 334
737 548 823 604 Anno
846 561 939 624 1440.
964 581 1008 590 -
1028 561 1061 621 9.
1085 544 1249 607 decembris.

472 757 549 818 Item
581 758 655 836 quia
691 757 828 819 lacobus
868 757 962 836 judex
995 756 1078 819 filius
1110 756 1265 818 Johannis
1297 756 1397 837 Bolye
1429 769 1545 817 octavo
1578 756 1632 816 die

367 862 443 926 ferie
468 877 555 925 sexte
580 865 724 944 proxime
749 879 821 946 post
845 861 959 925 festum
986 864 1167 926 Nativitatis
1192 867 1283 925 beate
1301 863 1400 924 Marie
1425 882 1554 945 semper
1570 862 1636 922 vir-

365 971 459 1052 ginis,
485 969 548 1049 jam
574 970 629 1030 diu
654 971 850 1052 preteritum,
875 970 1090 1050 juramentum
1115 969 1175 1030 sibi
1200 970 1232 1030 in
1262 967 1345 1031 lacto
1370 969 1453 1031 inter
1476 969 1583 1050 ipsum
1603 981 1637 1028 et

370 1078 500 1138 Petrum
524 1075 663 1156 judicem
689 1077 810 1154 habitu,
835 1076 1054 1157 adjudicatum
1072 1077 1221 1158 deposuit
1245 1089 1276 1138 et
1299 1076 1437 1158 prestitit
1460 1089 1495 1137 ut
1520 1075 1638 1136 debuit

369 1197 400 1244 et
423 1182 482 1244 sibi
509 1181 569 1244 luit
593 1181 823 1262 adjudicatum,
852 1183 925 1244 ideo
951 1183 1055 1244 eidem
1081 1183 1202 1244 Jacobo
1235 1181 1332 1263 judici
1357 1202 1395 1244 ex
1419 1193 1509 1264 parte
1535 1181 1636 1263 ipsius

368 1289 452 1350 Petri
478 1288 593 1370 judicis
617 1289 713 1350 debet
735 1286 913 1350 satisfaccio
938 1288 1070 1371 inpendi
1095 1289 1207 1350 ordine
1232 1287 1310 1368 juris
1334 1301 1536 1370 exposcente.

397 1525 494 1599 Feria
522 1536 620 1600 sexta
649 1531 803 1617 proxima
831 1535 907 1616 post
944 1529 1066 1600 festum
1095 1527 1329 1618 Concepcionis
1357 1533 1474 1599 sancte
1503 1527 1610 1598 llarie

923 1655 1078 1740 virginis.

878 1825 923 1900 (9.
946 1823 1119 1886 decembris).

477 1982 555 2045 Item
574 1982 766 2045 Benedictus
791 1980 875 2043 lilius
892 1981 1070 2042 Sebastiani
1095 1995 1126 2042 et
1144 1981 1224 2042 Pero
1249 2000 1285 2042 ac
1310 1981 1452 2042 lacobus
1476 1979 1534 2042 filii
1552 1980 1635 2042 Petri

374 2088 497 2171 Saphar
521 2103 630 2150 contra
657 2089 834 2150 Fabianum
859 2102 1012 2150 sartorem
1037 2101 1068 2150 et
1084 2087 1285 2148 Anthonium
1310 2087 1458 2148 similiter
1482 2099 1635 2148 sartorem

372 2196 456 2257 lilios
481 2196 614 2256 Adriani
639 2196 782 2256 secundo
806 2196 892 2257 citati
915 2215 980 2256 non
1005 2209 1263 2277 comparuerunt.

481 2319 557 2380 ltem
584 2319 658 2400 quia
685 2319 830 2401 Mathyas
855 2319 958 2380 dictus
978 2319 1146 2381 Pikuthich
1170 2320 1202 2380 in
1219 2318 1305 2381 lurtu
1329 2317 1500 2380 manifesto
1525 2318 1637 2400 depre-

372 2425 492 2486 hensus
515 2445 583 2486 esse
601 2425 785 2507 perhibetur
809 2445 846 2487 ex
871 2439 1001 2504 acerto,
1023 2441 1054 2486 et
1078 2427 1153 2508 quia
1170 2439 1301 2508 propter
1324 2426 1509 2487 huiusmodi
1534 2425 1637 2486 scelus

371 2551 466 2594 suum
493 2531 698 2594 manifestum
733 2533 818 2594 idem
844 2533 990 2614 Mathyas
1023 2533 1200 2615 Pikuthych
1226 2547 1256 2594 et
1287 2545 1417 2615 propter
1442 2532 1503 2594 alia
1536 2533 1636 2593 eciam

373 2639 464 2720 plura
489 2659 545 2700 sua
570 2637 650 2699 lacta
676 2639 828 2721 nepharia
852 2659 908 2720 per
933 2639 1037 2721 ipsum
1055 2637 1223 2702 manifeste
1248 2653 1426 2722 perpetrata
1447 2657 1565 2720 penam
1582 2658 1637 2719 pa·

371 2745 464 2807 tibuli
490 2746 553 2828 pati
581 2746 744 2808 debuisset
767 2747 792 2806 si
817 2746 848 2806 in
874 2747 1000 2807 civitate
1023 2747 1164 2827 predicta
1189 2759 1220 2806 et
1244 2746 1313 2807 eius
1340 2745 1502 2808 territorio
1526 2764 1637 2827 appre-

371 2851 468 2912 hendi
494 2865 525 2912 et
550 2852 687 2914 detineri
712 2853 876 2934 potuisset,
908 2852 963 2912 sed
996 2853 1071 2934 quia
1097 2853 1163 2934 ipse
1196 2851 1342 2934 Mathyas
1365 2850 1547 2934 Pikuthych
1570 2871 1637 2933 pre-

372 2959 455 3020 dicta
480 2958 562 3020 facta
589 2979 645 3020 sua
672 2959 755 3020 mala
780 2972 975 3042 perpetrans,
1008 2978 1081 3019 mox
1107 2959 1146 3019 de
1171 2959 1298 3020 civitate
1330 2971 1360 3019 et
1384 2959 1453 3020 eius
1476 2957 1636 3019 territorio

372 3064 571 3126 clandestine
597 3064 722 3146 auifigit
745 3078 776 3126 et
800 3065 914 3142 salivit,
932 3065 1063 3146 ipseque
1088 3065 1128 3126 ad
1149 3065 1265 3126 trinam
1291 3063 1451 3126 forensem
1475 3064 1637 3146 publicam

374 3171 668 3254 proclamacionem
693 3172 725 3232 in
749 3171 947 3253 presenciam
973 3171 1087 3253 judicis
1111 3185 1143 3232 et
1169 3171 1347 3252 juratorum
1370 3170 1431 3252 juri
1455 3190 1567 3253 parere
1592 3189 1637 3232 re-

373 3297 487 3338 cusans
511 3277 619 3338 venire
644 3277 748 3338 noluit
772 3297 831 3339 nec
852 3277 983 3356 curavit,
1008 3278 1063 3338 sed
1081 3298 1113 3338 se
1138 3297 1155 3338 a
1180 3276 1261 3339 lacie
1287 3276 1365 3358 juris
1388 3291 1420 3338 et
1443 3275 1569 3356 justicie
1586 3295 1639 3358 pe-

376 3383 461 3443 nitus
485 3382 673 3460 absentavit,
705 3383 842 3464 ideoque
875 3385 901 3444 si
934 3384 1001 3466 ipse
1033 3383 1178 3466 Mathyas
1212 3383 1390 3466 Pikuthych
1414 3383 1454 3445 de
1480 3396 1586 3444 cetero
1610 3396 1639 3442 et

374 3508 430 3570 per
453 3489 591 3570 amplius
615 3489 647 3550 in
672 3489 798 3550 civitate
815 3490 957 3571 predicta
978 3503 1008 3551 et
1026 3490 1094 3551 eius
1110 3490 1271 3552 territorio
1296 3488 1515 3571 deprehensus
1532 3487 1636 3566 fuerit,

375 3595 424 3655 vel
442 3595 636 3677 deprehendi
661 3597 777 3677 poterit
801 3617 875 3658 mox
896 3597 981 3677 juxta
1005 3617 1061 3658 sua
1097 3597 1251 3658 demerita
1356 3615 1472 3679 penam
1497 3595 1633 3678 patibuli

375 3720 472 3781 quam
498 3701 666 3778 demeruit,
699 3722 772 3762 mox
805 3717 1019 3784 consequetur
1051 3715 1082 3764 et
1104 3703 1210 3764 subire
1239 3703 1335 3765 debet
1367 3703 1453 3784 juxta
1480 3703 1585 3784 legem
1611 3717 1639 3763 et

374 3807 531 3886 justiciam
557 3807 694 3868 civitatis
717 3809 858 3890 predicte
882 3810 1128 3892 privilegiatam.

480 3930 559 3993 ltem
583 3951 710 3992 causam
736 3951 832 4012 quam
858 3933 1041 3996 Anthonius
1065 3934 1203 4016 lapicida
1228 3947 1337 3996 contra
1362 3933 1545 3996 Fabianum
1571 3935 1637 3996 lite-

375 4051 478 4098 ratum
504 4038 535 4098 in
561 4036 644 4098 lacto
669 4039 882 4119 percussionis
914 4040 1013 4121 ipsius
1038 4041 1195 4102 Anthonii
1228 4060 1335 4103 coram
1361 4041 1456 4102 nobis
1480 4043 1638 4120 movebat,

376 4163 431 4224 per
456 4144 648 4222 peticionem
682 4147 857 4225 proborum
886 4147 1027 4208 virorum
1061 4147 1100 4208 ad
1133 4149 1274 4228 primum
1306 4146 1463 4228 judicium
1496 4149 1639 4230 proxime

376 4247 547 4308 affuturum
572 4249 720 4310 duximus
744 4253 992 4332 prorogandam.

482 4355 559 4415 ltem
576 4356 721 4438 Mathyas
734 4378 831 4437 gener
848 4359 1005 4420 Rakarich
1024 4375 1133 4422 contra
1151 4361 1352 4423 Anthonium
1370 4361 1493 4424 dictum
1511 4363 1639 4425 Plezecz

379 4459 409 4518 in
437 4458 520 4520 lacto
545 4463 759 4540 percussionis
783 4464 881 4544 ipsius
914 4466 1043 4548 Mathye
1072 4467 1111 4528 ad
1145 4468 1284 4549 primum
1318 4468 1474 4548 judicium
1499 4470 1639 4550 proxime

378 4565 547 4625 affuturum
574 4567 668 4628 debet
693 4569 867 4648 producere
892 4573 1123 4634 testimonium.

486 4687 563 4748 ltem
590 4690 665 4769 quia
691 4691 801 4752 Petrus
817 4707 906 4754 sutor
930 4695 1006 4756 civis
1030 4697 1166 4758 civitatis
1183 4697 1324 4780 predicte
1341 4697 1559 4778 juramentum
1584 4699 1639 4759 sibi

382 4791 412 4850 in
444 4789 527 4853 lacto
552 4796 717 4855 cuiusdam
744 4798 823 4857 cutis
848 4799 964 4860 bovine
989 4801 1048 4861 sibi
1067 4822 1122 4883 per
1146 4803 1265 4884 juratos
1288 4802 1508 4884 adjudicatum
1531 4819 1640 4866 octavo

383 4895 433 4954 die
461 4900 604 4976 proxime
630 4899 704 4960 ferie
730 4917 815 4963 sexte
840 4919 911 4984 post
935 4904 1050 4966 lestum
1072 4908 1254 4971 Nativitatis
1278 4911 1370 4973 beate
1395 4911 1495 4972 Marie
1519 4929 1640 4993 semper

384 4999 514 5080 virginis
546 5005 745 5085 aliquamdiu
777 5011 925 5089 preterire
957 5011 1175 5093 adjudicatum
1211 5017 1347 5097 prestitit
1378 5031 1410 5078 et
1432 5017 1582 5100 deposuit
1608 5029 1639 5077 ut
