3678 5800
544 568 744 646 Anno1433.
768 602 810 612 -
836 566 887 630 [ό.
903 572 1054 646 januarii.
1380 571 1436 653 183

171 776 320 840 similiter
352 776 424 840 filio
444 797 480 839 ac
504 777 606 840 Elene
629 778 777 840 similiter
805 779 870 842 filie
901 779 1053 862 sepedicti
1078 781 1168 844 Pauli
1201 781 1305 862 jurati,
1329 804 1365 846 ex
1391 784 1437 846 in·

171 885 267 946 stanti
293 885 438 967 ipsorum
461 884 623 967 peticione
646 904 683 947 ac
705 904 762 967 per
788 905 844 949 eos
862 887 1005 968 ipsorum
1026 886 1197 950 heredibus
1220 889 1388 951 statuimus
1405 903 1436 952 et

171 990 394 1053 commisimus
419 1010 456 1052 ex
479 990 641 1073 premissis
672 990 740 1073 jure
772 1005 928 1074 perpetuo
959 993 1169 1074 possidendas
1200 1008 1231 1056 et
1255 996 1436 1076 quomodo-

171 1116 313 1178 cumque
336 1097 499 1159 voluerint
514 1097 731 1180 disponendas
754 1097 842 1181 juxta
857 1098 1082 1161 condicionem
1108 1100 1243 1163 civitatis
1267 1114 1432 1183 prenotate
1495 1097 1498 1102 ’

173 1208 214 1267 ab
238 1205 373 1286 antiquo
397 1205 618 1287 approbatam.

281 1311 360 1372 ltem
384 1310 459 1393 quia
482 1310 618 1393 provida
643 1310 758 1373 mulier
782 1311 882 1373 Elena
906 1325 1029 1391 vocata,
1061 1312 1179 1391 relicta,
1204 1327 1235 1375 et
1258 1313 1373 1375 Vrsula
1398 1334 1434 1375 ac

175 1425 285 1500 Agnes
319 1416 384 1480 filie
416 1417 555 1478 condam
588 1417 741 1500 Stephani
773 1417 867 1498 jurati
899 1418 975 1480 dicti
1007 1419 1155 1482 Perstech
1187 1419 1243 1481 filii
1269 1420 1376 1499 Blasii,
1403 1420 1434 1481 id

172 1524 368 1587 sufficienter
392 1537 423 1586 et
446 1523 608 1606 fidedigne
641 1543 747 1586 coram
781 1524 875 1586 nobis
899 1524 931 1584 in
963 1525 1083 1606 judicio
1115 1527 1376 1608 comprobarunt,
1401 1541 1435 1588 ut

173 1633 252 1696 dum
277 1629 419 1714 prelatus
443 1629 626 1714 Stephanus
650 1631 682 1692 in
707 1629 855 1692 extremis
877 1631 942 1692 vite
966 1651 1022 1693 sue
1039 1632 1226 1713 temporalis
1252 1633 1436 1710 laborasset,

174 1754 250 1802 tunc
285 1738 352 1821 ipse
384 1737 549 1798 universas
572 1757 644 1799 suas
668 1736 884 1820 possessiones
908 1737 1012 1820 ipsum
1043 1737 1177 1818 juridice
1210 1752 1241 1799 et
1264 1738 1437 1801 literatorie

177 1859 418 1924 concernentes,
435 1864 508 1906 cum
532 1844 598 1906 suis
614 1844 770 1906 universis
787 1844 977 1907 utilitatibus
993 1857 1023 1906 et
1041 1845 1245 1927 pertinenciis
1261 1846 1437 1926 quibusvis,

173 1953 329 2036 predictis
352 1951 453 2014 Eleae
477 1951 586 2013 relicte
612 1965 642 2013 et
672 1951 786 2012 Vtsule
818 1971 853 2012 ac
881 1951 998 2032 Agneti
1032 1949 1158 2013 filiabus
1181 1952 1246 2012 suis
1270 1951 1438 2032 legavissct

172 2061 368 2122 verbotenus
392 2071 422 2120 et
446 2057 618 2120 dimisisset
642 2057 711 2139 jure
743 2057 928 2140 perhennali
962 2057 1181 2139 possidendas,
1214 2058 1353 2139 ideoque
1379 2079 1437 2121 nos

172 2167 333 2250 predictas
370 2166 587 2247 possessiones
629 2165 728 2247 ipsius
760 2164 912 2247 Stephani
945 2165 1055 2247 jurati,
1091 2165 1242 2226 videlicet
1273 2165 1436 2247 quandam

173 2274 309 2336 domum
333 2286 365 2335 et
388 2271 525 2333 fundum
550 2291 587 2333 ac
603 2272 732 2333 vineam
749 2272 854 2353 ipsum
879 2272 1078 2353 Stephanum
1097 2271 1234 2353 juratum
1258 2271 1437 2354 empcionls

171 2380 268 2443 titulo
298 2379 471 2442 literatorie
493 2391 732 2458 concernentes,
749 2397 822 2440 cum
839 2379 1001 2460 premissis
1018 2379 1139 2439 cunctis
1156 2378 1223 2440 suis
1246 2379 1437 2440 utilitatibus

169 2502 202 2551 et
228 2487 436 2570 pertinenciis
460 2486 626 2564 universis,
650 2484 801 2569 predictis
818 2485 919 2546 Elene
943 2484 1053 2546 relicte
1077 2497 1108 2546 et
1129 2485 1244 2548 Vtsule
1267 2506 1303 2546 ac
1320 2486 1437 2567 Agneti

171 2594 303 2656 filiabus
325 2593 401 2654 dicti
427 2592 579 2675 Stephani
604 2592 697 2674 Jurati
715 2613 750 2654 ac
767 2613 823 2674 per
847 2612 900 2653 eas
916 2593 1056 2674 ipsarum
1082 2591 1253 2654 heredibus
1268 2593 1437 2655 statuimus

170 2721 210 2763 ex
247 2700 411 2784 premissis
441 2713 597 2782 perpetuo
628 2699 837 2781 possidendas
872 2712 903 2761 et
938 2697 1245 2780 quomodocumque
1276 2698 1438 2761 voluerint

171 2805 393 2889 disponendas
416 2805 503 2886 juxta
526 2805 752 2868 condicionem
776 2805 912 2867 civitatis
935 2817 1111 2887 prenotate.

279 2912 359 2975 ltem
392 2913 467 2994 quia
499 2911 645 2974 Thomas
675 2933 763 2975 rasor
794 2931 974 2995 pannorum
1008 2910 1092 2972 filius
1122 2909 1253 2988 Vrbani,
1278 2909 1438 2972 habitator

171 3021 257 3083 dicte
283 3019 431 3097 civitatis,
456 3019 489 3080 id
512 3039 586 3081 curn
611 3017 781 3082 sufficienti
812 3032 881 3081 tum
905 3017 1081 3080 literatorio
1111 3029 1180 3080 tum
1206 3017 1305 3078 eciam
1330 3017 1436 3079 conci·

169 3129 261 3189 vium
288 3138 472 3188 nostrorum
495 3125 733 3208 fidedignorum
758 3126 943 3188 testimonio
975 3123 1106 3187 insede
1138 3137 1245 3186 nostra
1269 3122 1434 3204 judiciaria

169 3235 256 3297 clare
280 3247 312 3296 et
334 3231 505 3294 efficaciter
529 3252 636 3294 coram
661 3233 755 3295 nobis
778 3231 1011 3314 comprobavit,
1039 3243 1075 3293 ut
1098 3230 1238 3312 quedam
1263 3230 1379 3291 domus
1405 3243 1435 3292 et

169 3339 293 3403 fundus
317 3339 377 3400 viri
402 3337 540 3400 condam
564 3338 690 3422 providi
724 3338 876 3420 Stephani
910 3338 985 3400 dicti
1015 3335 1158 3420 Cyphus,
1190 3336 1269 3398 olim
1295 3337 1436 3398 concivis

170 3447 284 3526 nostri,
310 3446 342 3508 in
367 3445 494 3508 civitate
516 3443 639 3528 prelata
664 3447 746 3508 inter
762 3445 877 3508 domos
901 3457 932 3506 et
953 3442 1070 3506 fundos
1094 3443 1271 3506 liberorum
1296 3442 1434 3505 condam

171 3552 325 3636 Gregorii
351 3552 463 3615 decani
488 3551 564 3614 dicti
590 3551 722 3615 Skertha
740 3553 779 3614 ab
797 3572 859 3613 una
884 3563 983 3633 parte,
1008 3551 1048 3613 ab
1065 3550 1164 3612 altera
1181 3569 1256 3611 vero
1280 3549 1435 3611 Johannis

170 3661 248 3723 dicti
286 3659 422 3742 Perprys
460 3659 642 3722 concivium
683 3672 865 3721 nostrorum
904 3657 1012 3720 habita
1044 3670 1075 3719 et
1107 3656 1262 3734 existens,
1294 3655 1434 3716 mediam

170 3767 298 3829 curiam
322 3764 363 3826 ad
386 3784 479 3826 usum
504 3765 641 3827 civitatis
664 3765 697 3826 in
720 3785 754 3826 se
773 3764 955 3842 continens,
981 3761 1113 3844 predicti
1132 3760 1284 3842 Stephani
1303 3760 1437 3843 Cyphus

169 3872 351 3936 literatoria
375 3884 406 3934 et
429 3871 582 3953 juridicus
606 3871 767 3950 extitisset,
792 3883 822 3932 et
846 3883 918 3953 post
934 3870 1059 3931 obitum
1083 3869 1182 3951 ipsius
1200 3866 1352 3948 Stephani
1371 3867 1435 3950 Cy-

168 3980 254 4064 phus
281 3999 377 4061 super
401 3977 534 4040 heredes
558 3990 588 4039 et
612 3990 756 4059 posteros
788 3995 844 4038 seu
876 3975 1123 4059 propinquiores
1157 3974 1300 4052 heredes,
1325 3973 1436 4035 affines

169 4102 202 4152 et
231 4085 492 4166 consanguineos
515 4083 658 4146 eiusdem
685 4083 837 4165 Stephani
863 4081 997 4166 Cyphus
1029 4081 1285 4144 condescendere
1311 4079 1436 4142 videtur

171 4211 204 4258 et
229 4191 406 4256 redundari
430 4191 470 4254 de
494 4191 562 4273 jure
586 4190 671 4273 juxta
696 4190 795 4273 ipsius
819 4189 955 4252 civitatis
978 4189 1145 4270 antiquam
1169 4186 1435 4248 consvetudinem

168 4316 202 4365 et
237 4297 476 4383 privilegiatam
511 4297 690 4360 libertatem
723 4297 762 4358 ab
799 4297 933 4378 antiquo
966 4296 1191 4378 approbatam;
1226 4307 1256 4355 et
1288 4292 1362 4374 quia
1395 4292 1434 4353 ad

166 4410 289 4472 trinam
313 4425 424 4490 ymmo
449 4425 485 4468 ex
510 4403 804 4488 superhabundanti
830 4415 975 4486 quartam
996 4401 1158 4484 publicam
1183 4399 1344 4462 forensem
1361 4419 1435 4482 pro-

168 4514 406 4579 clamacionem
430 4511 602 4594 superinde
627 4510 667 4572 de
690 4531 780 4573 more
804 4509 882 4572 alias
906 4521 1058 4571 consveto
1083 4505 1209 4586 factam,
1234 4525 1330 4568 nemo
1361 4525 1433 4587 pro-

168 4619 326 4706 pinquior
349 4618 441 4682 heres
464 4637 521 4680 seu
544 4616 649 4680 affinis
673 4617 748 4679 dicti
773 4615 926 4698 Stephani
951 4614 1084 4699 Cyphus
1109 4627 1140 4677 et
1163 4613 1318 4675 heredum
1338 4611 1436 4694 ipsius

170 4727 441 4791 adinveniebatur
465 4725 526 4787 nisi
551 4723 690 4807 prelatus
708 4723 854 4786 Thomas
874 4742 960 4784 rasor
976 4740 1169 4804 pannorum,
1187 4720 1319 4781 maritus
1344 4717 1434 4799 legit-

168 4835 271 4897 timus
295 4829 473 4916 Elyzabeth
498 4829 562 4892 filie
595 4828 707 4912 prelati
742 4829 895 4912 Stephani
928 4827 1072 4912 Cyphus,
1104 4846 1200 4908 super
1231 4845 1327 4907 quem
1352 4823 1434 4884 dicta

170 4941 291 5004 domus
315 4952 346 5000 et
363 4936 481 5000 fundus
497 4936 650 5019 sepedicti
669 4933 822 5018 Stephani
841 4934 975 5018 Cyphus
992 4931 1258 4995 condescendisse
1275 4930 1435 4992 videretur

171 5059 205 5110 et
229 5044 404 5108 redundari
428 5055 502 5127 post
525 5043 650 5105 obitum
682 5041 765 5104 dicte
790 5039 968 5124 Elyzabeth
999 5040 1107 5102 uxoris
1140 5057 1196 5100 sue
1220 5037 1377 5120 legittime
1401 5049 1436 5098 ut
