3678 5800
813 556 898 614 Anno
922 568 1013 631 1434.
1041 588 1079 596 -
1106 565 1152 629 17.
1177 553 1336 613 decembris.

443 788 500 850 per
526 767 684 851 prefatum
710 769 903 850 Gregorium
928 765 1030 830 filiurn
1055 765 1154 848 ipsius
1183 765 1277 844 Petri,
1302 766 1334 826 in
1365 767 1570 848 possessione
1593 786 1649 827 sua
1672 767 1700 826 in

445 873 605 936 territorio
631 875 714 937 dicte
731 875 867 936 civitatis
884 873 1001 950 habita,
1019 871 1187 934 casualiter
1203 870 1371 950 interfecti,
1395 872 1460 933 litis
1477 883 1508 934 et
1531 872 1704 954 questionis
1738 941 1742 954 Ι

445 1001 481 1042 ac
506 982 776 1044 controversionis
800 981 931 1042 materia
956 992 1042 1041 mota
1067 977 1163 1040 fuerit
1185 997 1294 1039 coram
1322 978 1425 1055 nobis,
1449 999 1487 1040 ac
1509 991 1618 1040 tamen
1642 979 1704 1060 ipse

444 1099 550 1168 partes
574 1107 629 1170 per
653 1088 927 1170 composicionem
951 1102 982 1146 et
1005 1085 1247 1147 ordinacionem
1269 1085 1483 1166 plurimorum
1506 1085 1705 1168 ydoneomm

445 1193 588 1254 virorum
612 1195 716 1276 ipsum
741 1193 859 1256 factum
886 1191 1051 1255 homicidii
1079 1211 1135 1252 seu
1160 1191 1326 1273 (h)omagii
1359 1191 1492 1273 predicti
1518 1192 1560 1253 ad
1587 1193 1705 1254 bonum

445 1299 533 1380 pacis
557 1313 587 1360 et
611 1300 783 1362 concordie
807 1297 944 1362 finaliter
968 1297 1213 1376 deducendum,
1239 1297 1387 1378 ipsasque
1410 1312 1515 1378 partes
1538 1316 1634 1379 super
1657 1317 1706 1358 eo·

447 1405 521 1466 dem
546 1405 724 1468 homicidio
741 1426 796 1468 seu
810 1405 987 1488 (h)omagio
1005 1404 1275 1466 concordancium
1293 1417 1324 1466 et
1341 1405 1539 1482 uniencium,
1557 1405 1597 1466 ad
1613 1405 1705 1466 talem

445 1511 532 1594 pacis
556 1526 587 1574 et
611 1513 782 1574 concordie
806 1512 934 1574 finalem
959 1511 1163 1573 devenissent
1187 1512 1341 1572 unionem
1373 1531 1483 1594 ymmo
1511 1513 1706 1574 devenerunt

445 1638 552 1681 coram
578 1619 682 1698 nobis,
699 1619 787 1702 quod
812 1617 952 1702 prefatus
969 1617 1145 1700 Gregorius
1162 1618 1247 1679 lilius
1264 1619 1362 1700 ipsius
1380 1620 1463 1680 Petri
1480 1621 1705 1682 secundusmet

445 1745 504 1808 pro
529 1727 635 1788 anima
660 1727 792 1810 predicti
819 1726 967 1808 Gregorii
993 1724 1148 1787 interfecti
1181 1726 1213 1786 in
1236 1726 1339 1807 prima
1372 1726 1535 1789 dominica
1564 1727 1704 1802 Quadra·

446 1834 568 1914 gesime
585 1835 729 1916 proxime
747 1833 882 1894 affuture
899 1846 1043 1910 ventura,
1069 1833 1205 1892 Romam
1234 1831 1525 1914 peregreproficisci
1544 1847 1575 1895 et
1592 1834 1704 1894 ibidem

448 1940 552 2002 Rome
577 1941 674 2002 talem
707 1941 831 2002 literam
864 1939 1095 2021 expeditoriam
1128 1938 1272 1999 obtinere
1305 1953 1336 2000 et
1363 1940 1402 1999 ab
1434 1939 1508 2000 inde
1534 1959 1592 2021 pro
1618 1940 1704 2001 huius

447 2047 491 2108 rei
518 2047 707 2108 certitudine
725 2061 756 2107 et
773 2047 904 2108 veritate
929 2046 1010 2106 circa
1028 2043 1138 2107 fratres
1155 2045 1315 2126 predictos
1332 2045 1431 2127 ipsius
1452 2045 1610 2108 interfecti
1630 2047 1701 2109 Gre-

446 2153 528 2232 gorii
554 2154 691 2214 eandem
715 2153 839 2215 literam
865 2167 1026 2233 reportare
1050 2171 1145 2233 super
1168 2171 1217 2229 eo,
1242 2151 1331 2233 quod
1356 2153 1422 2233 ipse
1448 2151 1629 2234 Gregorius
1652 2174 1702 2234 pro

448 2260 555 2320 anima
587 2260 662 2322 dicti
696 2259 844 2341 Gregorii
877 2258 1033 2320 interfecti
1066 2260 1203 2319 Romam
1234 2257 1530 2340 peregreprofectus
1562 2258 1643 2337 fuit,
1672 2279 1702 2320 ac

449 2365 570 2428 ibidem
588 2366 733 2428 similiter
758 2368 861 2428 Rome
879 2366 964 2426 idem
983 2364 1157 2446 Gregorius
1175 2363 1258 2426 filius
1275 2365 1350 2426 dicti
1368 2365 1451 2426 Petri
1481 2364 1597 2427 habeat
1614 2366 1697 2427 indu-

450 2485 556 2534 menta
581 2472 790 2534 sacerdotalia
814 2491 1011 2554 comparare,
1036 2485 1066 2533 et
1090 2471 1129 2531 de
1161 2471 1228 2553 ipsa
1253 2472 1356 2532 Roma
1382 2472 1496 2534 eadem
1523 2473 1699 2534 indumenta

447 2577 657 2640 sacerdotalia
681 2598 788 2640 secum
814 2579 949 2640 domum
966 2591 1127 2659 reportare
1155 2597 1190 2638 ac
1214 2597 1273 2660 pro
1290 2579 1397 2640 anima
1416 2577 1532 2659 prefati
1558 2577 1700 2640 interfecti

451 2683 490 2744 ad
517 2683 607 2745 illam
631 2684 798 2747 ecclesiam
824 2685 986 2746 introdare
1011 2685 1126 2746 debeat
1150 2684 1204 2745 ubi
1238 2684 1304 2764 ipse
1329 2683 1505 2766 Gregorius
1529 2683 1700 2748 interiectus

451 2802 496 2850 est
520 2791 665 2872 sepultus
689 2811 744 2852 seu
768 2791 962 2866 tumulatus;
996 2791 1128 2872 predicti
1161 2805 1268 2852 autem
1298 2789 1408 2852 fratres
1441 2792 1542 2874 ipsius
1566 2791 1699 2873 Gregorii

449 2895 607 2957 interfecti
633 2911 704 2978 post
721 2897 976 2979 complecionem
994 2896 1135 2978 predicte
1152 2897 1424 2978 peregrinacionis
1441 2896 1555 2979 prefati
1581 2898 1697 2960 alterius

451 3000 599 3082 Gregorii
624 3003 786 3065 homicide
811 3004 841 3064 in
867 3004 1010 3086 ipsorum
1028 3017 1058 3065 et
1083 3004 1306 3064 universorum
1324 3001 1457 3065 fratrum
1483 3024 1614 3066 suorum
1636 3023 1697 3086 per·

448 3108 535 3168 sonis
568 3109 600 3170 id
632 3124 871 3192 assumpserunt
900 3130 1007 3171 coram
1041 3111 1144 3187 nobis,
1177 3123 1211 3171 ut
1243 3111 1301 3191 ipsi
1327 3110 1358 3172 in
1391 3112 1536 3192 personis
1573 3128 1695 3192 quorum

451 3232 556 3294 supra,
573 3216 751 3296 predictum
769 3216 963 3298 Gregorium
992 3217 1262 3297 peregrinatorem
1284 3231 1349 3278 tam
1366 3237 1467 3300 usque
1487 3217 1567 3278 illud
1587 3233 1697 3298 tempus

451 3321 721 3402 peregrinationis
747 3324 899 3384 ammodo
918 3323 1102 3405 incipiendo
1119 3343 1216 3404 quam
1233 3323 1333 3384 eciam
1359 3337 1430 3406 post
1455 3323 1695 3405 complecionem

450 3439 480 3485 et
504 3429 725 3508 peraccionem
751 3430 849 3512 ipsius
872 3430 1143 3511 peregrinacionis
1174 3430 1319 3512 quietum
1344 3445 1375 3492 et
1407 3430 1574 3512 pacificum
1598 3429 1690 3490 dimit·

453 3545 520 3593 tere
544 3535 692 3614 progredi
730 3549 761 3596 et
785 3536 949 3597 ambulare
974 3551 1004 3597 et
1030 3535 1175 3618 quietum
1208 3557 1243 3596 ac
1267 3535 1452 3618 expeditum
1476 3557 1571 3619 super
1593 3535 1691 3596 eodem

456 3637 633 3720 (h)omagio
665 3655 695 3701 et
726 3641 903 3703 homicidio
934 3644 1073 3704 totaliter
1106 3642 1239 3703 reddere
1270 3655 1300 3704 et
1332 3642 1493 3704 dimittere
1525 3657 1556 3704 et
1586 3644 1696 3722 insuper

452 3744 576 3806 literam
602 3746 831 3827 expeditoriam
856 3751 914 3808 sub
939 3749 1045 3828 sigillo
1070 3749 1212 3830 Capituli
1246 3749 1296 3810 vel
1321 3749 1457 3810 civitatis
1481 3746 1600 3830 prefato
1623 3745 1692 3808 Gre-

451 3851 544 3932 gorio
569 3850 670 3913 facere
694 3853 807 3915 confici
833 3867 864 3916 et
888 3874 1036 3916 emanere
1061 3869 1091 3916 et
1115 3855 1265 3916 manibus
1290 3855 1387 3936 ipsius
1412 3855 1582 3934 assignare.

528 4017 623 4091 laria
652 4029 750 4093 serta
778 4026 933 4111 proxima
962 4031 1039 4094 ante
1067 4024 1188 4094 festum
1217 4025 1304 4095 beati
1334 4023 1460 4095 Thone
1489 4023 1630 4113 apostoli.

942 4159 1003 4236 (17.
1027 4157 1206 4238 decembn's).

562 4279 636 4339 lrem
670 4279 816 4362 Mathyas
849 4281 1018 4342 Farkasius
1057 4296 1166 4342 contra
1199 4281 1409 4342 Benedictum
1442 4281 1582 4364 juratum·
1599 4278 1692 4359 primo

456 4384 568 4445 citatus
593 4405 657 4446 non
683 4387 871 4468 comparuit.

562 4491 637 4552 ltem
663 4492 738 4573 quia
760 4493 928 4573 religiosus
944 4493 991 4553 vir
1015 4491 1109 4554 frater
1127 4491 1288 4553 lohannes
1304 4494 1403 4554 abbas
1419 4490 1593 4556 monasterii
1609 4489 1689 4548 beate

457 4597 556 4656 Maris
569 4616 694 4678 semper
707 4599 848 4678 virginis,
870 4599 992 4659 ordinis
1006 4597 1136 4660 fratrum
1155 4598 1428 4678 cisterciensium,
1447 4600 1479 4661 id
1497 4615 1592 4662 coram
1608 4591 1689 4654 nobis

457 4703 666 4783 personaliter
689 4704 917 4785 comparendo‚
934 4718 1000 4766 tum
1026 4724 1097 4766 cum
1116 4703 1286 4766 sufficienti
1304 4719 1335 4767 et
1351 4705 1516 4787 fidedigno
1539 4706 1688 4788 juratorum

457 4809 638 4870 concivium
664 4823 846 4872 nostrorum
870 4811 1065 4888 testimonio,
1089 4825 1158 4872 turn
1187 4811 1288 4872 eciam
1313 4831 1386 4874 cum
1412 4811 1532 4874 efficaci
1555 4819 1686 4870 certarum

458 4913 620 4975 literarum
647 4915 852 4994 documento,
881 4937 987 4978 coram
1019 4918 1113 4978 nobis
1145 4916 1340 4979 sufficienter
1363 4919 1395 4980 in
1428 4919 1545 5000 judicio
1566 4927 1687 4990 compro·

459 5021 555 5098 bavit,
581 5035 614 5081 ut
640 5021 715 5081 dum
740 5024 858 5083 nobilis
875 5023 1011 5083 condam
1036 5023 1167 5084 domina
1186 5027 1294 5106 Agnes
1310 5039 1433 5104 vocata,
1457 5025 1560 5086 relicta
1574 5015 1686 5080 condam
