3740 5810
839 545 925 602 Anno
948 557 1038 620 1419.
1065 576 1104 586 -
1128 557 1179 619 23.
1195 544 1288 619 sami.

543 755 621 819 Item
646 755 739 838 jurati
764 756 1000 838 adjudicarunt,
1032 757 1121 839 quod
1148 756 1267 820 Paulus
1299 755 1388 818 faber
1411 768 1443 818 et
1465 755 1565 818 Elena
1590 753 1704 838 puella

438 876 550 926 contra
574 861 754 926 lohannem
779 877 933 928 sartorem
957 877 1072 927 octavo
1096 863 1159 943 die,
1188 863 1325 945 quilibet
1348 862 1447 925 tercio
1471 882 1505 924 se
1527 861 1587 924 sibi
1610 860 1705 922 simi·

439 969 534 1050 libus,
557 971 752 1033 tenebuntur
774 986 913 1054 prestare
938 971 1164 1054 juramentum,
1193 970 1282 1052 qnod
1305 988 1400 1052 cepas
1421 969 1520 1052 ipsius
1543 965 1705 1030 Iohannis

438 1073 553 1138 furtive
577 1095 643 1139 non
667 1078 868 1160 recepissent.

562 1242 659 1318 Faria
685 1253 784 1320 sexta
812 1251 966 1337 proxima
992 1254 1071 1321 ante
1097 1247 1220 1320 fastum
1247 1251 1363 1319 sancte
1389 1243 1581 1316 Trinitatis.

983 1397 1031 1480 (a
1047 1398 1157 1481 sunit).

546 1539 740 1602 Benedictus
764 1540 837 1602 Dile
869 1539 1010 1604 secundo
1042 1541 1155 1603 citatus
1183 1553 1294 1602 contra
1326 1540 1506 1602 Fabianum
1537 1551 1706 1622 carpenta-

440 1647 523 1708 rium
547 1665 612 1708 non
637 1648 825 1729 comparuit.

547 1751 625 1814 ltem
650 1753 780 1836 Mathey
804 1767 914 1816 contra
945 1751 1148 1815 Anthonium
1178 1767 1333 1816 sartorem
1365 1755 1470 1837 primo
1494 1754 1606 1816 citatus
1636 1771 1705 1813 non

441 1859 631 1942 comparuit.

560 2025 657 2100 Feria
685 2035 784 2101 serta
812 2030 965 2118 proxima
993 2038 1068 2118 post
1097 2029 1218 2101 lestnm
1247 2031 1398 2120 corporis
1427 2028 1561 2102 Christi.

972 2177 1038 2258 (16.
1057 2181 1162 2258 junia).

551 2322 628 2384 ltem
652 2321 798 2384 Andreas
829 2319 925 2383 frater
956 2321 1094 2383 condam
1126 2322 1249 2384 domini
1282 2322 1368 2384 Luce
1399 2322 1571 2383 sacerdotis
1594 2334 1706 2383 contra

444 2427 628 2490 Emericum
651 2427 849 2490 sacerdotem
873 2427 978 2510 primo
1003 2427 1118 2490 citatus
1141 2447 1207 2490 non
1231 2429 1419 2510 comparuit.

550 2535 627 2596 ltem
651 2534 841 2597 Valentinus
865 2531 1005 2595 carnifex
1028 2547 1138 2596 contra
1155 2534 1243 2596 Wolr
1267 2534 1372 2616 primo
1396 2534 1511 2596 citatus
1534 2553 1599 2595 non
1616 2551 1705 2595 com-

442 2641 558 2724 paruit.

549 2745 628 2808 ltem
651 2746 782 2828 Mathey
805 2759 915 2808 contra
939 2746 1140 2809 Anthonium
1164 2760 1319 2809 sartorem
1342 2745 1485 2808 secundo
1501 2747 1614 2808 citatus
1638 2764 1704 2807 non

445 2854 635 2936 comparuit.

550 2960 628 3022 ltem
652 2959 771 3020 Paulus
794 2957 944 3039 carnifex,
962 2959 1047 3021 lwan
1072 2972 1103 3022 et
1124 2959 1257 3042 Strugar
1272 2971 1382 3022 contra
1407 2958 1586 3020 Fridricum
1600 2958 1706 3042 primo

445 3068 530 3130 citati
555 3086 622 3128 non
646 3078 904 3148 comparuerunt.

550 3173 628 3235 Item
651 3173 745 3255 jurati
768 3172 1002 3253 adjudicarunt,
1026 3172 1114 3253 quod
1138 3173 1213 3254 quia
1242 3172 1442 3254 Margaretha
1466 3173 1575 3234 relicta
1602 3171 1702 3234 Marci

446 3299 519 3342 cum
544 3279 730 3341 testimonio
754 3279 988 3361 comprobavit,
1013 3279 1101 3360 quod
1132 3299 1238 3358 vacca,
1263 3298 1359 3359 quam
1393 3279 1544 3342 Chernko
1568 3281 1608 3340 ab
1633 3280 1701 3361 ipsa

447 3385 608 3465 alienavit,
631 3405 687 3446 sua
713 3383 833 3464 fuisset,
858 3383 932 3446 ideo
956 3385 1042 3446 idem
1068 3385 1203 3446 eandem
1236 3384 1339 3446 eidem
1365 3385 1499 3448 reddere
1523 3386 1648 3448 debeat.

551 3492 627 3553 ltem
648 3511 776 3554 causam
801 3492 882 3552 inter
905 3490 1108 3552 Anthonium
1131 3490 1272 3572 judicem
1296 3505 1327 3554 et
1352 3492 1526 3554 Martanum
1552 3511 1703 3574 proroga·

446 3609 519 3659 runt
542 3597 582 3659 ad
607 3598 747 3680 primum
772 3597 938 3679 judicium.

553 3704 631 3766 ltetn
655 3705 746 3766 Juraa
771 3717 801 3767 et
829 3703 967 3766 Michael
999 3703 1202 3767 Corinthiani
1234 3717 1364 3786 propter
1396 3703 1538 3766 facinora
1564 3706 1706 3788 ipsorum

448 3811 592 3872 abscissis
615 3810 766 3872 auriculis
789 3810 830 3872 de
854 3811 980 3872 civitate
1005 3811 1127 3892 expulsi
1152 3825 1224 3872 sunt
1241 3811 1375 3893 turpiter
1399 3825 1430 3873 et
1453 3831 1622 3893 nunquam
1647 3825 1706 3873 ter·

448 3918 593 3979 ritorium
608 3931 752 3978 nostrum
771 3917 908 3979 debeant
925 3917 1053 3997 intrare,
1070 3918 1144 3998 quia
1161 3917 1301 3999 spolium
1318 3916 1459 3980 fecerant
1476 3919 1508 3979 in
1525 3918 1663 3981 civitate.

475 4081 573 4156 laria
601 4090 701 4156 sexta
729 4085 885 4173 proxima
915 4093 992 4156 ante
1030 4085 1153 4156 festum
1181 4085 1380 4158 Natiuitatis
1409 4086 1497 4156 beati
1520 4085 1683 4175 johannis

990 4207 1154 4298 Baptista.

975 4367 1041 4442 (23.
1057 4361 1167 4442 fianta).

555 4485 633 4547 ltem
658 4485 733 4567 quia
758 4484 903 4548 Andreas
927 4483 1022 4547 irater
1055 4483 1190 4546 condam
1217 4484 1339 4546 domini
1366 4484 1451 4544 Luce
1483 4483 1617 4544 domum
1649 4481 1707 4545 sibi

448 4612 504 4676 per
528 4592 667 4655 eundern
692 4591 862 4653 dominum
887 4592 1008 4653 Lucam
1028 4590 1204 4670 dimissam,
1230 4604 1264 4652 ut
1288 4591 1313 4651 si
1332 4589 1468 4652 eandem
1492 4609 1550 4670 pro
1575 4610 1607 4650 se
1631 4589 1706 4652 reci-

449 4719 525 4784 pere
549 4713 580 4762 et
604 4699 712 4762 debita
736 4719 793 4761 sua
817 4698 1000 4781 persolvere
1017 4709 1187 4777 recusaret,
1208 4710 1284 4758 tunc
1301 4696 1511 4758 commissarii
1535 4696 1634 4778 ipsius
1653 4696 1708 4757 do·

450 4806 530 4868 mini
556 4806 641 4868 Luce
666 4805 802 4868 eandem
827 4805 979 4884 vendant,
1012 4803 1161 4885 dictaque
1184 4803 1291 4864 debita
1323 4802 1516 4884 persolvant,
1541 4802 1637 4863 adse
1662 4820 1707 4863 re·

450 4913 555 4995 cipere
581 4913 738 4974 recusavit
754 4911 964 4995 personaliter
980 4924 1095 4988 astans,
1111 4909 1185 4971 ideo
1203 4909 1423 4971 commisimus
1436 4907 1570 4968 eandem
1588 4907 1705 4969 eisdem

450 5019 676 5081 commissariis
699 5016 848 5080 vendere.
