3740 5810
718 492 804 548 Anno
826 487 918 568 1418.
944 525 984 534 -
1009 486 1059 550 18.
1083 491 1252 551 novembres.

458 701 536 764 Item
563 701 676 764 Crisan
700 717 731 763 et
754 721 804 764 ser
828 700 973 762 Thomas
998 701 1164 781 heremita,
1196 703 1273 763 item
1306 703 1462 765 Martinus
1486 703 1614 764 Planin-

352 809 460 870 seuich
484 825 593 870 contra
618 809 795 870 Iohannem
816 809 915 886 Bozo,
937 808 1074 890 quilibet
1091 821 1229 891 prestare
1255 808 1373 891 (debet)
1397 808 1614 891 juramentum

351 929 465 976 octavo
490 916 553 993 die,
577 915 664 996 quod
690 915 803 976 silvam
828 915 927 996 ipsius
950 913 1065 977 furtive
1089 935 1154 976 non
1179 915 1403 979 succedissent.

458 1021 535 1083 Item
561 1021 700 1083 Cozmas
716 1020 858 1082 secundo
881 1040 914 1082 se
938 1041 1036 1103 penes
1052 1021 1243 1102 sanguinem
1267 1035 1377 1083 contra
1394 1021 1614 1101 Valentinum,

352 1125 439 1208 quod
466 1129 570 1209 ipsum
596 1147 662 1189 non
680 1127 869 1205 vulneravit,
887 1141 1001 1189 octavo
1023 1126 1073 1188 die
1091 1127 1319 1208 (juramentum
1336 1143 1476 1210 prestare
1494 1128 1611 1210 debet).

457 1232 535 1295 Item
561 1253 689 1295 causam
707 1234 789 1295 inter
806 1233 997 1295 Michaelem
1017 1233 1194 1296 Sebastiam
1220 1247 1252 1296 et
1268 1235 1423 1296 Iacobum
1449 1234 1614 1316 Popouich

352 1337 392 1400 ad
418 1339 559 1421 primum
585 1339 739 1420 judicium
765 1353 952 1422 receperunt
976 1340 1016 1402 ad
1041 1360 1162 1422 pacem.

458 1445 535 1506 Item
562 1445 700 1508 Michael
726 1445 902 1508 Sebastiam
927 1445 1052 1527 pridem
1073 1444 1169 1526 judex
1193 1465 1266 1507 cum
1290 1444 1518 1508 efficacissimis
1541 1446 1610 1507 lite-

353 1551 474 1612 ralibus
499 1552 716 1613 instrumentis
740 1571 848 1613 coram
875 1552 969 1614 nobis
1000 1553 1233 1634 comprobavit,
1266 1552 1354 1634 quod
1379 1572 1438 1614 nec
1462 1553 1530 1634 ipse
1554 1571 1611 1613 nec

352 1658 400 1718 sui
426 1658 533 1720 coloni
558 1672 707 1721 tenentur
728 1657 923 1740 forti(fi)care
954 1657 1088 1720 fluvium
1113 1677 1211 1740 penes
1244 1658 1494 1738 Manduseuech,
1518 1671 1612 1740 prout

352 1765 412 1828 hoc
437 1767 574 1827 Iacobus
597 1765 762 1848 Popouich
788 1778 897 1828 contra
922 1785 996 1827 eum
1020 1767 1230 1848 proponebat.

457 1871 536 1933 Item
560 1872 678 1933 Paulus
705 1871 878 1934 SaIIrouich
902 1886 1011 1935 contra
1036 1871 1199 1933 Thomam
1225 1871 1369 1935 chuirk
1393 1871 1425 1933 iu
1443 1871 1547 1954 primo
1564 1870 1613 1953 ju·

352 1977 437 2039 dicio
462 1998 533 2039 cum
559 1979 624 2040 suis
648 1979 852 2040 mercenariis
875 1979 1035 2040 tenebitur
1058 1992 1170 2040 astare.

457 2085 535 2146 Item
561 2084 678 2146 Malicb
703 2105 777 2146 cum
800 2085 986 2148 testImonio
1011 2085 1244 2166 comprobavit,
1269 2084 1357 2166 quod
1375 2085 1442 2166 ipse
1466 2104 1483 2146 a
1508 2083 1610 2166 Woy·

352 2191 469 2252 nouich
494 2192 622 2254 bursam
646 2211 719 2254 cum
743 2193 888 2274 pecuniis
912 2211 978 2253 non
1002 2191 1130 2273 recepit.

455 2296 532 2358 Item
565 2297 760 2359 Jacomellus
791 2311 904 2360 octavo
940 2297 993 2359 dIe
1024 2297 1185 2359 tenebitur
1223 2309 1364 2378 prestare
1395 2296 1612 2378 juramentum

353 2402 440 2484 quod
467 2403 627 2486 Georgius
652 2404 789 2466 Scerbak
806 2406 974 2466 tenebatur
997 2404 1057 2465 sibi
1079 2417 1218 2485 quatuor
1234 2403 1357 2465 ducatis
1380 2416 1411 2464 et
1434 2403 1522 2485 ipsos
1545 2421 1610 2463 non

350 2511 455 2590 solvit,
480 2524 575 2594 prout
598 2511 830 2593 comprobavit.

457 2618 535 2679 Item
560 2618 591 2678 in
617 2618 755 2700 presenti
774 2617 894 2697 judicio
910 2617 1106 2678 tenebuntur
1122 2617 1309 2679 mercenarii
1328 2615 1481 2699 Stephani
1497 2615 1613 2678 sutoris

356 2737 466 2786 contra
491 2724 665 2786 Martinum
688 2737 829 2786 sutorem
854 2737 966 2786 astare.

471 2959 569 3034 Faria
597 2937 696 3034 sexta
724 2965 878 3052 proxima
907 2971 985 3034 ante
1013 2951 1169 3055 (festum)
1195 2962 1292 3034 beate
1320 2961 1501 3033 Elizabeth.

837 3111 905 3194 (18.
939 3113 1128 3196 novembris).

456 3258 607 3338 Magister
625 3257 785 3318 Fabianus
801 3269 911 3318 contra
929 3256 1108 3318 Iohannem
1133 3273 1266 3338 parvum
1292 3254 1332 3316 ad
1349 3253 1610 3336 respondendum

349 3364 522 3425 terminum
549 3365 678 3446 recepit.

455 3472 534 3533 Item
558 3492 685 3533 causam
718 3472 800 3532 inter
823 3471 989 3533 Vrbanum
1023 3468 1167 3551 Crapech
1197 3481 1228 3530 et
1260 3467 1460 3550 Stephanum
1484 3465 1609 3548 pridem

349 3574 469 3658 juratos
493 3591 523 3638 et
548 3578 590 3640 M.
616 3576 784 3638 Picuchich
809 3577 849 3637 ad
874 3577 1014 3659 primurn
1038 3575 1194 3657 judicium
1222 3585 1419 3655 receperunt.

455 3683 531 3744 Item
569 3682 736 3745 Ochouich
769 3696 878 3744 contra
909 3683 1074 3744 Vrbanum
1110 3679 1256 3763 Crapech
1291 3699 1323 3740 se
1359 3677 1546 3760 expurgavit
1577 3676 1610 3737 in

350 3808 443 3850 causa
468 3789 549 3850 inter
574 3809 629 3851 eos
650 3790 797 3872 superius
822 3803 918 3852 mota.

457 3896 535 3957 Item
554 3895 681 3957 Keneht
696 3909 806 3958 contra
830 3896 1039 3957 Ambrosium
1052 3895 1193 3956 secundo
1207 3895 1320 3955 citatus
1337 3913 1401 3954 non
1419 3890 1610 3973 comparuit.

456 4003 534 4065 Item
558 4021 685 4064 causam
710 4003 792 4064 inter
823 4003 966 4064 Blasium
997 4002 1174 4064 Institorem
1207 4013 1238 4063 et
1270 4000 1405 4062 Paulum
1431 3999 1532 4060 Totar
1563 4017 1610 4058 se·

349 4110 454 4171 cundo
479 4110 519 4172 ad
543 4129 653 4191 pacem
679 4122 875 4190 receperunt.

455 4217 532 4278 Item
555 4216 711 4277 Martinus
734 4228 844 4276 contra
877 4215 1056 4277 Iohannem
1081 4215 1170 4276 bozo
1194 4233 1289 4275 suum
1313 4211 1529 4294 juramentum
1553 4209 1608 4271 de·

349 4322 467 4404 posuit,
492 4335 526 4384 ut
549 4322 696 4404 superius
718 4322 896 4384 tenebatur.

453 4428 532 4490 Item
557 4428 724 4490 Elizabeth
748 4441 849 4490 mater
888 4428 986 4510 ipsius
1011 4427 1139 4489 Martini
1163 4445 1258 4487 suum
1275 4424 1424 4508 deposuit
1447 4423 1609 4506 juramen·

348 4549 415 4597 tum
442 4535 472 4596 in
498 4533 581 4596 iacto
606 4535 752 4617 superius
776 4547 897 4596 notato.

455 4641 533 4704 Item
558 4641 591 4702 in
616 4661 708 4703 causa
733 4641 814 4704 inter
847 4640 1024 4721 Georgium
1049 4653 1188 4701 sutorem
1222 4651 1253 4700 et
1277 4637 1497 4715 Dominicum,
1522 4635 1609 4697 idern

350 4747 511 4829 Georgius
529 4748 699 4829 assumpsit
714 4747 892 4830 producere
909 4759 1014 4826 testes,
1031 4747 1154 4828 primo:
1180 4745 1336 4806 Martinus
1354 4742 1488 4826 ZytizIa,
1507 4741 1609 4804 Geor·

348 4856 419 4937 gius
450 4854 622 4915 Wolchich
655 4867 686 4915 et
717 4854 873 4917 Martinus
904 4853 1079 4930 Corusach,
1111 4851 1199 4934 quod
1230 4851 1315 4912 idem
1348 4850 1537 4912 Dominicus
1567 4847 1608 4909 ad

350 4963 482 5023 domum
509 4981 599 5022 suam
625 4961 766 5023 irruisset
791 4976 821 5023 et
846 4961 950 5042 ipsum
975 4958 1150 5021 interficere
1174 4958 1337 5021 voluisset.
