3678 5800
574 591 771 667 Anao1452.
797 625 840 634 —
863 587 894 651 6.
911 591 1004 665 anri.
1364 593 1422 671 165

153 801 255 883 digne
279 800 469 880 retulerunt,
492 813 527 863 ut
550 800 618 883 ipsa
642 801 747 883 primo
777 801 996 884 principaliter
1028 801 1151 863 dictum
1185 802 1349 865 Thomam
1373 803 1422 886 ju·

155 921 265 970 ratum
288 907 320 968 in
346 911 431 970 sacto
455 907 612 969 dictarum
636 907 877 990 possessionum
901 907 1002 990 ipsam
1032 906 1199 970 dominam
1224 909 1422 973 Dorotheum

156 1013 429 1076 concernentium
453 1031 545 1074 suum
570 1031 681 1075 verum
707 1025 738 1076 et
762 1012 957 1094 legittimum
973 1025 1214 1095 procuratorem
1239 1034 1347 1077 coram
1364 1017 1425 1078 eis·

155 1121 235 1182 dem
259 1120 370 1202 juratis
393 1119 608 1182 constituisset
631 1133 662 1181 et
685 1119 787 1181 eciam
804 1138 912 1181 coram
937 1119 1058 1180 eisdem
1079 1117 1189 1200 juratis
1214 1118 1294 1182 lassa
1312 1122 1425 1202 extitit,

156 1241 196 1288 ut
220 1227 287 1310 ipsa
311 1226 412 1288 dictas
435 1225 552 1288 domos
575 1240 726 1303 muratas,
743 1245 841 1287 unam
866 1223 960 1287 Petro
977 1225 1081 1308 jurato
1105 1223 1172 1288 filio
1199 1226 1281 1289 Petri
1301 1227 1424 1310 Saphar

157 1347 193 1396 et
217 1333 313 1396 aliam
337 1331 433 1396 Petro
457 1333 618 1410 Crouaco,
642 1333 770 1394 vineam
795 1350 871 1394 vero
892 1331 1069 1394 Benedieto
1093 1332 1185 1395 aliter
1209 1333 1310 1395 Bensa
1335 1334 1422 1398 dicto

153 1459 233 1503 cum
257 1458 415 1501 consensu
440 1437 552 1522 prelati
570 1438 699 1500 Thome
723 1437 816 1520 jurati
839 1436 943 1499 fratris
959 1438 1007 1500 sui
1031 1438 1228 1501 vendidisset
1251 1453 1281 1501 et
1298 1440 1419 1502 eisdem

156 1547 361 1629 emptoribus
384 1547 525 1628 ipsarum
554 1545 792 1628 possessionum
824 1543 932 1606 literas
962 1543 1097 1607 civitatis
1128 1545 1269 1628 predicte
1293 1545 1422 1628 privile-

156 1652 262 1736 giales
295 1651 408 1714 confici
443 1667 474 1715 et
505 1651 646 1714 emanari
678 1671 735 1733 per
763 1670 822 1713 nos
852 1664 948 1732 atque
980 1650 1048 1712 dari
1072 1649 1208 1730 fecisset,
1240 1665 1271 1716 et
1295 1653 1425 1735 insuper

154 1759 260 1821 eciam
285 1757 435 1841 quitquid
461 1757 494 1820 in
526 1755 610 1820 facto
641 1758 796 1840 premiaco
827 1777 865 1818 ac
894 1755 1130 1838 alioquolibet
1162 1755 1246 1820 lacto
1270 1778 1329 1820 suo
1355 1759 1423 1841 ipse

156 1865 308 1928 Thomas
332 1863 427 1926 frater
451 1883 527 1927 suus
550 1863 649 1945 egerit
666 1863 748 1925 inter
765 1883 824 1926 nos
848 1877 902 1926 aut
926 1864 1154 1946 procuraverit,
1177 1864 1210 1925 id
1235 1865 1348 1926 eadem
1366 1865 1423 1927 do·

151 1972 245 2034 mina
270 1970 434 2033 Dorothea
457 1989 516 2053 pro
541 1985 608 2032 rato
629 1985 659 2031 et
681 1986 773 2051 grato
789 1970 949 2053 suscipere
973 1989 1005 2030 se
1023 1969 1253 2052 assumpsisset,
1279 1970 1419 2052 ideoque

151 2079 257 2141 dictas
280 2077 498 2160 possessiones
520 2075 671 2158 predictis
703 2075 902 2158 emptoribus
932 2095 1042 2138 earum
1065 2076 1235 2138 statuimus
1262 2089 1419 2160 perpetuo

153 2184 369 2268 possidendas
393 2204 432 2246 ex
455 2202 613 2246 consensu
636 2182 769 2266 predicti
793 2182 922 2244 Thome
945 2183 1050 2263 jurati.

265 2291 344 2353 ltem
369 2289 562 2353 Benedictus
586 2288 799 2351 lwankowicb
816 2301 905 2351 sutor
927 2301 1037 2352 contra
1062 2287 1257 2370 Gregorium
1281 2303 1423 2352 sutorem

150 2399 260 2482 primo
294 2399 409 2460 citatus
432 2415 498 2459 non
523 2396 712 2479 comparuit.

261 2503 340 2568 ltem
358 2503 528 2566 Farlcasius
553 2501 700 2585 Mathyas
723 2514 833 2564 contra
852 2501 1065 2564 Jacomellum
1082 2501 1222 2584 juratum
1247 2501 1353 2585 primo
1378 2501 1420 2563 ci·

151 2623 238 2671 tatus
262 2628 329 2672 non
354 2608 552 2690 comparuit.-

260 2715 339 2778 ltem
364 2715 511 2776 Thomas
535 2713 620 2776 filius
643 2713 769 2776 Nicolai
794 2713 833 2774 de
859 2713 964 2775 Losan
992 2713 1136 2776 secundo
1159 2734 1192 2776 se
1216 2733 1315 2796 penes
1344 2712 1423 2775 ellu-

153 2823 283 2884 sionem
308 2821 473 2904 sanguinis
496 2821 614 2884 tercius
637 2820 725 2882 testis
741 2839 797 2882 seu
820 2819 1005 2902 conjurator
1034 2820 1200 2902 sanguinis
1224 2835 1281 2900 est,
1305 2833 1422 2883 octavo

153 2929 207 2990 die
232 2947 329 3006 super
359 2947 447 2990 aram
479 2939 589 2989 contra
622 2927 744 2988 Lucam
773 2925 875 2988 filiurn
908 2926 1070 2988 Valentini
1103 2927 1142 2988 de
1176 2927 1281 2989 Biztra
1306 2925 1424 3008 jurabit

152 3055 252 3119 super
276 3054 327 3114 eo,
351 3047 386 3096 ut
411 3035 478 3116 ipse
496 3035 600 3096 anas
623 3033 744 3095 dictum
770 3031 935 3094 Thomam
959 3033 992 3094 in
1009 3033 1170 3095 territorio
1195 3031 1332 3094 civitatis
1350 3045 1423 3093 ante

155 3143 285 3204 Novam
311 3153 436 3224 portam
472 3140 616 3202 eiusdem
649 3140 785 3202 civitatis
817 3139 1013 3200 vulnerasset
1045 3153 1076 3201 et
1108 3139 1210 3222 ipsam
1234 3137 1423 3200 effusionem

153 3247 323 3329 sanguinis
349 3265 444 3329 super
468 3265 542 3308 eum
566 3259 787 3329 perpetrasset.

264 3353 343 3416 ltem
368 3353 514 3415 Thomas
530 3351 616 3414 filius
633 3353 716 3414 Petri
733 3352 821 3414 solus
837 3365 947 3413 contra
964 3369 1098 3413 uxorem
1117 3350 1248 3432 Georgii
1273 3349 1422 3434 Aythych

154 3475 185 3522 et
211 3459 423 3521 Ambrosium
455 3457 557 3520 filium
588 3457 765 3520 Clementis
797 3458 981 3540 privignum
1010 3457 1109 3540 ipsius
1141 3456 1274 3538 Georgii
1307 3469 1422 3519 octavo

154 3565 205 3626 die
234 3584 333 3647 super
356 3583 444 3626 aram
467 3583 632 3646 supereo,
654 3579 688 3625 ut
712 3565 778 3646 ipse
795 3565 982 3647 peccuniam
1007 3563 1106 3644 illam,
1131 3583 1228 3645 quam
1253 3564 1319 3646 ipsa
1343 3582 1423 3624 uxor

155 3671 292 3753 Georgii
320 3684 350 3734 et
381 3671 484 3732 dictus
514 3671 705 3732 Ambrosius
735 3685 845 3760 contra
862 3671 968 3753 ipsum
992 3669 1156 3732 Thomam
1188 3670 1422 3753 proponebant,

153 3778 292 3841 omnino
310 3777 514 3860 persolvisset
538 3789 570 3839 et
593 3776 692 3838 nichil
708 3777 835 3860 penitus
860 3797 896 3838 ex
921 3775 1042 3839 eisdem
1066 3775 1193 3838 debitor
1209 3776 1421 3838 remansisset.

264 3883 344 3946 ltem
369 3882 531 3964 Georgius
546 3881 697 3966 Aythych
721 3883 819 3945 tercio
836 3903 869 3946 se
886 3882 1031 3966 personis
1047 3883 1107 3944 sibi
1124 3883 1282 3945 similibus
1306 3897 1421 3944 octavo

152 3991 206 4052 die
232 4010 330 4073 super
354 4009 440 4052 aram
466 4002 575 4050 contra
599 3987 764 4052 Andream
781 3987 989 4072 Zteplrowich
1013 4007 1109 4072 super
1132 4007 1171 4051 eo
1192 3987 1295 4070 jurare
1313 3988 1419 4067 debet,

152 4111 186 4160 ut
209 4115 269 4159 nec
294 4097 362 4179 ipse
387 4094 548 4176 Georgius
571 4113 631 4155 nec
655 4093 777 4161 familia
800 4114 857 4156 sua
888 4096 993 4156 trabes
1024 4113 1080 4156 seu
1104 4094 1280 4175 lignamina
1302 4094 1419 4156 domus

153 4203 255 4288 ipsius
272 4202 401 4264 Andree
419 4200 535 4264 furtive
553 4220 618 4262 non
643 4215 857 4284 asportassent
873 4220 978 4283 neque
996 4200 1221 4264 anichilassenr
1241 4219 1300 4262 nec
1317 4200 1419 4262 eciam

152 4309 438 4393 consumpsissent.

314 4509 410 4584 laria
437 4518 535 4584 sexta
564 4514 717 4602 proxima
747 4519 825 4584 ante
852 4511 975 4584 testam
1004 4509 1249 4584 Penthecostes.

702 4661 747 4745 (6.
770 4666 876 4744 junii).

262 4807 342 4870 ltem
356 4805 548 4870 Benedictus
561 4807 775 4870 lwankowicb
793 4821 903 4871 contra
917 4806 1110 4890 Gregorium
1123 4819 1263 4868 sutorem
1277 4806 1419 4868 secundo

158 4914 268 4977 citatus
302 4933 367 4976 non
396 4915 585 4997 comparuit.

261 5019 340 5081 ltem
366 5018 461 5103 Gyan
484 5020 613 5103 pellifex
638 5034 748 5084 contra
765 5020 972 5083 Dominicum
998 5017 1118 5080 Hrezth
1135 5019 1278 5082 secundo
1303 5020 1418 5083 citatus

161 5144 224 5187 non
248 5125 440 5208 comparuit.
