3678 5800
420 563 482 625 25²
856 544 942 603 Anno
963 540 1056 622 1436.
1081 576 1122 587 -
1138 544 1236 620 jumb.

421 758 453 820 in
478 759 628 820 extremis
652 758 716 819 vite
740 777 796 820 sue
820 754 1007 837 temporalis
1031 754 1218 834 laborasset,
1242 768 1318 816 tunc
1346 754 1413 836 ipse
1437 752 1610 836 quamdam
1631 752 1670 812 vi·

423 883 516 925 neam
541 883 631 925 suam
657 865 689 924 in
713 863 873 926 territorio
898 861 1034 923 civitatis
1064 860 1219 938 habitam,
1243 861 1349 942 ipsum
1383 859 1547 942 Mathyam
1572 859 1669 920 litera·

420 971 501 1032 toris
525 983 783 1050 concernentem,
807 988 880 1032 cum
904 968 970 1029 suis
993 967 1198 1049 pertinenciis
1220 967 1363 1050 predicte
1380 966 1498 1048 Agneti
1521 977 1669 1049 protunc

418 1097 473 1140 sue
498 1077 638 1139 consorti
663 1076 802 1140 vendere
826 1088 858 1138 et
881 1074 995 1156 partim
1018 1093 1076 1156 pro
1093 1074 1200 1136 anima
1223 1093 1280 1135 sua
1304 1072 1484 1155 expendere
1508 1086 1540 1134 et
1563 1071 1668 1154 partim

419 1203 477 1267 pro
501 1203 545 1258 se,
569 1203 627 1265 pro
650 1202 709 1244 suo
733 1181 883 1244 videlicet
907 1200 977 1256 usu,
999 1181 1136 1243 retinere
1160 1179 1333 1259 debuisset,
1365 1179 1505 1260 ideoque
1527 1198 1586 1240 nos
1608 1197 1671 1260 pre·

420 1290 539 1352 dictam
562 1289 691 1352 vineam
714 1307 788 1350 curu
804 1288 869 1350 suis
893 1286 1097 1369 pertinenciis
1121 1284 1241 1369 prefate
1259 1287 1376 1367 Agneti
1399 1285 1528 1346 mulieri
1552 1285 1670 1367 plenam

418 1395 580 1459 vendendi
606 1409 637 1458 et
659 1394 759 1456 modo
776 1394 932 1478 premisso
957 1392 1150 1476 disponendi
1166 1392 1371 1454 attribuimus
1394 1389 1597 1466 facultatem
1619 1390 1671 1452 ibi·

418 1503 558 1585 demque
583 1501 726 1584 predicta
749 1505 858 1583 Agnes
875 1499 990 1562 mulier
1006 1499 1051 1560 sic
1074 1512 1188 1582 sponte
1213 1498 1322 1561 retulit
1338 1517 1446 1560 coram
1469 1497 1575 1574 nobis,
1591 1495 1670 1578 quod

421 1609 629 1691 pecuniarum
654 1607 859 1670 medietatem
891 1625 949 1686 pro
974 1625 1037 1687 qua
1070 1606 1136 1688 ipsa
1161 1605 1255 1667 vinea
1286 1605 1478 1667 venderetur
1512 1603 1672 1685 assumpsit

420 1715 495 1776 dare
521 1715 695 1778 Heremitis
711 1713 838 1776 claustri
866 1714 955 1774 beate
973 1711 1074 1774 Maris
1090 1731 1216 1796 semper
1233 1711 1365 1792 virginis
1382 1731 1440 1793 pro
1456 1711 1565 1773 anima
1583 1709 1672 1791 ipsius

419 1821 547 1905 Mathye
576 1820 693 1900 Groza,
717 1821 813 1882 sliam
830 1838 906 1880 vero
930 1819 1136 1882 medietatem
1153 1820 1293 1902 ipsarum
1311 1818 1521 1902 pecuniarum
1546 1837 1603 1900 pro
1619 1835 1671 1877 usu

416 1948 475 1990 suo
500 1929 612 1990 eadem
637 1932 745 2010 Agnes
769 1926 884 1988 mulier
908 1924 1052 1988 consessa
1077 1939 1123 1988 est
1146 1926 1293 1988 retinere.

520 2037 614 2095 Deest
629 2073 1671 2098 .................................

417 2139 547 2222 pacifica
572 2161 608 2203 ac
641 2141 748 2223 quieta
781 2140 982 2222 possessione
1013 2139 1112 2220 ipsius
1139 2137 1245 2201 senilis
1276 2157 1402 2220 semper
1424 2151 1455 2200 et
1480 2159 1497 2198 a
1525 2135 1671 2199 memoria

418 2245 588 2308 hominum
622 2267 722 2328 usque
754 2265 839 2308 nunc
871 2263 967 2307 nemo
998 2243 1201 2325 contradixit,
1234 2265 1292 2306 nec
1322 2245 1440 2326 aliquis
1463 2243 1671 2306 contradictor

417 2353 548 2432 penitus
571 2354 728 2436 apparuit,
753 2354 885 2435 ipsaque
902 2353 1003 2414 eciam
1029 2350 1206 2434 Elyzabeth
1223 2352 1340 2413 mulier
1365 2350 1396 2412 id
1421 2351 1516 2412 nobis
1532 2351 1671 2430 detegere

417 2471 449 2520 et
472 2458 612 2521 enodare
637 2459 768 2538 curavit,
793 2472 827 2520 ut
850 2459 957 2520 literas
980 2458 1128 2538 antiquas
1149 2471 1273 2520 nostras
1296 2477 1352 2520 seu
1376 2457 1515 2520 civitatis
1539 2456 1671 2538 predicte

416 2566 632 2647 privilegiales
657 2586 714 2648 pro
739 2580 827 2648 parte
850 2565 950 2648 ipsius
968 2563 1146 2649 Elyzabeth
1170 2564 1315 2626 mulieris
1334 2583 1428 2646 super
1453 2563 1571 2626 eodem
1589 2563 1670 2625 fenili

416 2670 578 2736 confectas
602 2672 727 2736 dudum
751 2686 783 2734 et
806 2685 980 2750 emanatas,
1005 2670 1173 2733 casualiter
1197 2671 1328 2732 amissas
1352 2685 1383 2732 et
1407 2670 1589 2753 deperditas
1611 2669 1672 2730 iore

417 2781 587 2858 asserebat,
611 2798 735 2862 uosque
760 2779 985 2840 instantissime
1009 2797 1163 2860 supereo
1191 2777 1385 2859 postulabat,
1410 2791 1446 2840 ut
1469 2777 1556 2839 idem
1581 2775 1670 2838 fenile

416 2885 516 2948 literis
540 2885 656 2948 nostris
679 2886 772 2948 novis
795 2885 1049 2968 privilegialibus
1069 2882 1224 2946 ratificare
1249 2898 1280 2946 et
1303 2884 1482 2966 approbare
1505 2903 1541 2946 ac
1565 2901 1671 2964 perpe-

416 3004 506 3053 tuare
537 2991 761 3072 dignaremur;
797 2992 937 3072 ideoque
972 3011 1031 3053 nos
1069 2989 1248 3073 predictum
1284 2988 1380 3050 fenile
1414 3007 1487 3050 curn
1519 2986 1672 3070 premissis

417 3098 541 3160 cunctis
565 3099 631 3160 suis
663 3099 854 3161 utilitatibus
886 3113 914 3176 et
939 3097 1145 3180 pertinenciis
1177 3097 1343 3174 universis,
1371 3095 1477 3157 eidem
1503 3092 1671 3179 Elyzabeth

417 3205 546 3266 mulieri
572 3225 609 3266 ex
635 3205 762 3266 instanti
788 3205 887 3286 ipsius
911 3204 1070 3285 peticione
1094 3203 1295 3284 presentibus
1324 3202 1423 3264 literis
1448 3201 1564 3263 nostris
1588 3199 1672 3262 novis

417 3311 675 3394 privilegialibus
698 3310 902 3388 ratificamus,
929 3311 1145 3392 approbamus
1177 3321 1208 3370 et
1232 3309 1401 3370 statuimus
1430 3307 1498 3389 jure
1523 3320 1671 3390 perpetuo

417 3431 448 3479 et
472 3417 722 3480 irrevocabiliter
747 3416 977 3499 possidendum
1001 3429 1032 3477 et
1063 3414 1371 3496 quomodocumque
1403 3414 1540 3476 voluerit
1570 3413 1670 3494 dispo·

420 3524 562 3586 nendum
577 3524 662 3606 juxta
679 3524 903 3585 condicionem
921 3523 1057 3584 civitatis
1070 3535 1235 3604 prenotate
1253 3521 1440 3602 abantiquo
1457 3521 1671 3602 approbatam.

523 3631 601 3694 ltern
627 3631 745 3692 Mathei
771 3628 999 3691 Krawarschalr
1024 3641 1134 3690 contra
1163 3627 1340 3708 Georgium
1365 3627 1545 3709 selliparem
1573 3626 1670 3708 primo

418 3737 532 3799 citatus
556 3757 619 3800 non
645 3736 835 3818 comparuit.

525 3842 602 3904 item
628 3842 721 3923 jurati
745 3842 1010 3924 adjudicaverunt
1035 3841 1066 3902 in
1091 3860 1184 3902 causa
1213 3839 1345 3902 domine
1369 3839 1545 3922 Elyzabeth
1569 3839 1670 3900 relicte

417 3948 556 4010 condam
581 3948 754 4026 Valentini,
776 3967 861 4010 nunc
886 3948 1041 4009 consortis
1058 3946 1212 4008 iohannis
1235 3945 1373 4027 lapicide
1399 3944 1545 4006 moderni
1574 3943 1669 4006 mariti

416 4056 464 4117 sui
489 4070 520 4117 et
543 4054 706 4117 Benedicti
732 4055 860 4115 sartoris
884 4054 976 4135 jurati
1002 4054 1035 4114 in
1070 4051 1154 4114 facto
1178 4051 1393 4134 quarumdam
1425 4052 1606 4113 sessionum
1630 4049 1671 4130 jo·

417 4161 636 4243 bagionalium
669 4159 810 4241 magistri
844 4160 968 4222 Nicolai
1010 4157 1177 4240 Praudych
1210 4159 1241 4218 in
1276 4159 1451 4240 Pobresaya
1487 4157 1670 4230 habitarum,

416 4288 523 4330 coram
548 4267 642 4329 nobis
666 4281 755 4328 moto
780 4281 810 4327 et
834 4279 987 4343 vertente,
1011 4279 1045 4326 ut
1069 4265 1144 4346 quia
1166 4267 1199 4326 in
1224 4263 1307 4326 facto
1332 4265 1514 4326 concambii
1538 4264 1668 4345 ipsarum

419 4375 610 4451 sessionum,
645 4373 733 4454 quod
767 4375 832 4453 ipse
856 4371 1050 4432 Benedictus
1081 4390 1153 4432 cum
1185 4371 1329 4452 predicto
1353 4371 1489 4432 Nicolao
1514 4366 1669 4452 Praudych

417 4479 543 4558 fecerat,
568 4479 671 4559 major
696 4477 755 4539 luit
779 4478 906 4539 addicio
928 4477 1104 4558 pecunialis
1121 4496 1219 4558 quarn
1244 4477 1469 4538 concambium
1494 4474 1668 4549 sessionale,

418 4587 556 4668 ideoque
581 4587 648 4668 ipsa
673 4586 806 4647 domina
832 4583 1009 4667 Elyzabeth
1028 4582 1132 4644 affinis
1157 4583 1256 4665 ipsius
1280 4583 1405 4644 Nicolai
1432 4580 1598 4664 Praudych
1621 4579 1669 4640 de·

417 4694 480 4754 bite
495 4707 525 4754 et
547 4691 630 4772 justo
651 4692 750 4754 modo
765 4692 849 4772 ipsas
870 4691 1026 4752 sessiones
1046 4689 1191 4751 eiusdem
1205 4688 1331 4750 Nicolai
1350 4687 1516 4770 Praudych
1530 4702 1563 4748 ut
1574 4683 1669 4747 alfinis

416 4812 447 4861 et
480 4798 725 4879 consangninea
759 4817 815 4858 sua
840 4811 1005 4878 tamquam
1038 4796 1139 4876 magis
1170 4793 1350 4856 voluntaria
1374 4795 1455 4855 bene
1479 4792 1622 4856 arestavit
1642 4803 1670 4850 et

415 4925 474 4987 pro
500 4926 531 4966 se
548 4906 614 4986 ipsa
638 4924 674 4965 ac
688 4904 752 4965 suis
777 4903 949 4964 heredibus
962 4902 1101 4964 obtinuit
1119 4901 1176 4962 rite
1189 4899 1399 4982 possidendas
1415 4912 1447 4961 et
1463 4895 1668 4981 disponendas

416 5010 724 5094 quomodocumque
751 5009 888 5072 voluerit
911 5008 995 5090 juxta
1022 5007 1246 5070 condicionem
1275 5007 1411 5072 civitatis
1435 5017 1607 5090 prenotate.
