3734 5796
821 556 908 612 Anno
931 552 1024 633 1438.
1049 591 1089 600 -
1114 571 1163 618 21.
1187 559 1298 618 martii.

899 765 976 830 Item
1002 767 1189 849 Gregorius.

899 874 977 936 Item
1005 875 1184 938 Ladislaus.

899 982 977 1043 Item
1002 982 1164 1044 Nicolaus.

898 1088 1095 1150 mmhm

899 1194 976 1256 Item
1002 1195 1152 1258 Michael.

900 1301 977 1364 Item
1007 1301 1170 1364 Clemens.

899 1408 978 1470 Item
1003 1408 1129 1470 lanselr.

900 1514 977 1575 Item
1002 1515 1159 1578 Andreas.

900 1622 977 1682 Item
1004 1621 1175 1685 Iohannes.

900 1727 978 1789 Item
1003 1728 1164 1791 Nicolaus.

900 1835 979 1896 Item
1004 1835 1139 1898 Blasius.

900 1941 979 2002 Item
1003 1941 1187 2024 DyonrsIus.

900 2047 978 2108 Item
1004 2049 1139 2112 Marcus.

901 2154 978 2216 Item
1000 2154 1193 2217 Anthonius.

900 2262 978 2323 Item
1008 2262 1170 2324 Clemens.

531 2495 609 2558 Item
643 2493 783 2578 prelatus
815 2495 957 2557 Marinus
989 2494 1084 2574 judex
1123 2512 1261 2554 unacum
1293 2492 1403 2574 juratis
1435 2509 1467 2557 et
1500 2495 1673 2558 consiliariis

426 2602 617 2684 supradictis
641 2622 713 2664 cum
739 2621 896 2664 consensu
921 2617 951 2663 et
976 2600 1119 2662 unanimi
1138 2599 1302 2661 voluntate
1325 2601 1430 2662 tocius
1446 2601 1672 2664 communitatis

427 2710 536 2770 omnia
561 2723 676 2770 statuta
701 2722 732 2770 et
756 2709 881 2770 decreta
902 2721 966 2768 tam
993 2707 1023 2768 in
1049 2706 1189 2786 antiquis
1206 2725 1302 2787 quam
1328 2707 1360 2768 in
1385 2709 1524 2789 presenti
1550 2707 1672 2770 laternis

427 2815 604 2897 conscripta
622 2829 653 2878 et
675 2815 861 2896 consignata
885 2813 992 2896 quoad
1018 2831 1130 2874 omnes
1157 2811 1326 2892 clausulas,
1342 2827 1460 2896 puncta
1485 2829 1516 2877 et
1540 2813 1674 2877 articulos

427 2921 570 3003 ipsorum
595 2935 751 3004 perpetuo
784 2935 815 2984 et
849 2920 1078 2982 inviolabiliter
1108 2919 1261 2981 valituras
1284 2940 1320 2982 ac
1352 2923 1550 2984 observanda
1574 2919 1673 2984 confir·

427 3043 554 3090 marunt
578 3029 837 3112 pronunciantes.

533 3135 611 3197 Item
636 3137 762 3197 Marcus
786 3134 869 3196 filius
886 3134 1040 3196 Iohannis
1060 3133 1100 3194 de
1118 3131 1238 3194 Chawa
1263 3147 1373 3194 contra
1391 3134 1576 3196 Ladialaum
1600 3132 1672 3194 auri·

426 3240 551 3303 fabrum
576 3243 714 3323 juratum
739 3242 843 3324 primo
866 3241 979 3302 citatus
1003 3259 1067 3301 non
1093 3238 1282 3320 comparuit.

534 3365 612 3427 Item
641 3365 824 3427 Anthonius
848 3363 987 3426 carnifex
1012 3364 1151 3424 decanus
1174 3375 1283 3424 contra
1306 3364 1523 3444 Augustinum
1549 3363 1673 3444 juratum

426 3487 570 3534 nostrum
596 3473 788 3534 modernum
812 3472 909 3533 hodie
931 3471 1036 3553 primo
1060 3471 1173 3532 citatus
1197 3489 1262 3530 non
1287 3471 1476 3553 comparuit.

507 3708 602 3782 Ferit
631 3719 730 3782 sexta
759 3713 790 3781 in
821 3710 907 3781 lesto
936 3710 1066 3780 scilicet
1094 3710 1182 3779 beati
1216 3709 1384 3781 Benedicti
1414 3709 1550 3779 abbatis
1578 3717 1608 3778 et

948 3833 1160 3905 confessoris

952 4009 1015 4081 (21.
1044 4003 1167 4078 martis).

533 4167 611 4228 Item
641 4165 824 4228 AnthonIus
848 4163 987 4226 carnifex
1012 4163 1151 4225 decanus
1172 4175 1280 4225 contra
1306 4162 1523 4243 Augustinum
1549 4161 1673 4242 juratum

427 4289 572 4336 nostrum
595 4272 787 4334 modernum
812 4271 909 4333 hodie
934 4270 1077 4332 secundo
1102 4270 1215 4330 citatus
1239 4289 1304 4331 non
1329 4269 1521 4350 comparuit.

537 4399 614 4459 Item
643 4418 736 4459 causa
761 4397 843 4458 inter
868 4395 1061 4475 Gregorium
1086 4393 1187 4455 lilium
1204 4392 1366 4454 Valentini
1391 4391 1574 4454 stationarii
1596 4402 1627 4451 ut
1648 4387 1673 4447 in

427 4525 556 4568 causam
573 4517 752 4583 attractum,
777 4518 807 4562 et
831 4503 912 4562 inter
930 4500 1092 4562 Thomam
1110 4519 1282 4581 preconem
1300 4499 1540 4560 communitatis
1558 4493 1674 4558 infacto

429 4610 666 4672 vulneracionis
692 4610 790 4690 ipsius
813 4607 941 4668 Thome
966 4625 1072 4668 coram
1099 4606 1191 4666 nobis
1223 4617 1320 4682 mota,
1345 4618 1392 4666 est
1415 4602 1454 4664 ad
1479 4603 1614 4685 prImum
1636 4599 1674 4680 ju·

430 4718 550 4778 dicium
577 4736 632 4777 seu
657 4715 743 4777 diem
768 4713 936 4796 juridicam
960 4731 1023 4794 ‚pro
1055 4731 1131 4792 pace
1163 4710 1267 4772 fienda
1293 4711 1375 4772 inter
1405 4710 1491 4791 ipsos
1516 4724 1563 4770 est
1584 4706 1675 4770 taliter

429 4837 610 4906 prorogata,
636 4837 669 4884 ut
692 4823 717 4882 si
742 4841 843 4901 usque
876 4819 915 4880 ad
948 4818 1066 4880 dictam
1098 4818 1266 4898 juridicam
1295 4817 1380 4877 diem
1413 4817 1493 4877 inter
1518 4816 1602 4898 ipsos
1623 4811 1675 4874 liti·

427 4945 537 5011 gantes
555 4929 623 4991 fieri
641 4929 757 5010 poterit
776 4926 947 4988 concordia
965 4941 995 4986 et
1012 4945 1083 5006 pax,
1097 4926 1178 4986 bene
1195 4924 1338 5005 quidem,
1355 4923 1380 4984 si
1398 4935 1505 4984 autem
1523 4932 1674 4998 non,tunc

429 5036 540 5098 eadem
567 5035 618 5098 die
643 5034 776 5117 juridica
794 5033 955 5096 Fabianus
975 5032 1096 5114 juratus
1121 5043 1306 5113 procurator
1324 5028 1399 5092 dicti
1425 5027 1574 5112 Gregorii
1597 5024 1674 5110 legit·
