3876 5798
390 525 450 605 362
793 528 990 602 Ann01442.
1015 559 1058 570 -
1081 537 1130 600 25.
1154 523 1239 586 mar'i.

388 737 512 799 domini
539 737 650 798 Jacobi
676 737 823 799 canonici
847 738 980 800 ecclesie
1002 738 1218 819 zagrabiensis
1242 749 1273 800 et
1288 735 1505 799 archidiaconi
1529 736 1568 798 de
1586 736 1652 798 Go-

388 844 472 906 ricza
495 863 532 906 ac
555 862 662 906 coram
687 843 822 906 domino
847 844 1006 926 Gregorio
1028 845 1133 926 priore
1158 844 1285 906 claustri
1301 843 1401 906 sancti
1425 843 1552 906 Nicolai
1576 863 1652 906 cou-

388 948 517 1010 lessoris
541 969 576 1012 ac
601 969 709 1012 coram
734 950 894 1032 Gregorio
925 950 993 1012 filio
1024 951 1185 1012 Dominici
1219 950 1259 1012 de
1282 949 1441 1012 Vrnowcz
1466 949 1571 1030 judice
1593 970 1651 1012 no·

388 1057 502 1118 bilium
528 1057 698 1118 comitatus
721 1057 937 1138 zagrabiensis
961 1071 993 1120 et
1016 1076 1125 1118 coram
1155 1056 1285 1139 Mathya
1317 1055 1478 1136 filiosuo,
1502 1075 1652 1117 necnon

388 1181 494 1224 coram
520 1163 664 1224 Fabiano
689 1163 775 1226 dicto
799 1164 908 1226 Pedlto
933 1163 1000 1226 filio
1026 1164 1139 1247 Kyrini
1168 1162 1278 1226 nobile
1303 1162 1444 1224 Delosan
1468 1163 1572 1244 campi
1597 1183 1650 1224 za·

388 1269 567 1350 grabiensis
591 1289 628 1331 ac
651 1289 759 1332 coram
784 1269 894 1352 juratis
917 1271 1034 1332 nostris
1058 1271 1151 1332 certis
1181 1289 1329 1332 necnon
1354 1288 1461 1332 coram
1486 1267 1556 1330 aliis
1580 1269 1650 1351 plu-

387 1376 475 1436 ribus
497 1375 669 1456 fidedignis
693 1376 779 1454 viris,
811 1376 950 1459 ideoque
975 1377 1080 1458 ipsum
1113 1377 1243 1438 Petrum
1275 1377 1307 1436 in
1332 1395 1460 1438 causam
1483 1387 1651 1436 attractum

386 1484 426 1544 ab
452 1483 594 1543 ulteriori
619 1482 814 1565 inpeticione
839 1496 870 1544 et
894 1484 1122 1566 prosecucione
1147 1481 1260 1565 prelati
1286 1481 1383 1543 Primi
1400 1481 1515 1543 actoris
1539 1501 1575 1542 ac
1598 1501 1648 1542 ra-

389 1589 482 1650 cione
515 1587 598 1650 dicte
629 1588 844 1671 deposicionis
875 1589 1095 1670 juramentalis
1124 1589 1325 1650 reddidimus
1355 1602 1387 1650 et
1414 1588 1649 1650 commissimus

386 1693 454 1757 fore
480 1695 626 1776 quietum
651 1709 682 1756 et
703 1695 892 1757 omnimode
909 1696 1092 1757 absolutum
1117 1694 1185 1778 jure
1210 1707 1241 1757 et
1256 1695 1403 1756 libertate
1420 1707 1529 1756 nostra
1552 1694 1649 1776 privi-

387 1801 503 1882 legiata
528 1802 722 1882 requirente.

505 2039 601 2113 Feria
629 2051 726 2114 sexta
755 2046 909 2132 proxima
938 2051 1016 2117 ante
1045 2044 1165 2114 festum
1199 2047 1316 2112 sancte
1344 2039 1535 2110 Trinitatis.

922 2198 984 2273 (25.
1008 2199 1102 2274 mait').

492 2335 569 2396 ltem
594 2336 670 2416 quia
693 2336 827 2417 provida
851 2336 968 2398 mulier
997 2335 1195 2418 Margaretba
1227 2347 1351 2414 vocata,
1375 2335 1484 2397 relicta
1509 2335 1647 2398 condam

385 2440 514 2522 Mathye
541 2441 593 2502 die
618 2441 730 2524 Zupan
755 2444 894 2524 primum
911 2457 943 2505 et
964 2443 1094 2505 tandem
1117 2443 1225 2504 relicta
1242 2442 1374 2523 Georgii
1391 2443 1531 2522 agricole
1555 2443 1647 2525 olym

385 2547 528 2608 concivis
552 2548 651 2608 nostri
685 2547 741 2608 filii
770 2549 915 2628 Fabiani,
945 2550 1087 2612 concivis
1116 2563 1233 2628 nostra,
1259 2548 1290 2609 id
1315 2567 1387 2610 cum
1419 2547 1590 2610 sufficienti
1614 2563 1646 2610 et

384 2652 552 2734 fidedigno
578 2667 761 2716 nostrorum
785 2657 969 2718 concivium
989 2655 1174 2718 testimonio
1199 2655 1230 2716 in
1254 2653 1329 2716 sede
1354 2667 1460 2716 nostra
1483 2654 1648 2736 judiciaria

384 2759 470 2820 clare
495 2761 719 2842 comprobavit
739 2781 847 2824 coram
875 2763 979 2842 nobis,
1011 2775 1046 2824 ut
1076 2763 1153 2824 dum
1176 2760 1316 2844 prelatus
1349 2760 1507 2842 Georgius
1539 2761 1571 2822 in
1595 2781 1647 2822 ex-

383 2866 494 2926 tremis
518 2867 581 2928 vite
613 2887 668 2928 sue
700 2869 886 2950 temporalis
918 2869 1100 2945 laborasset,
1121 2881 1197 2930 tunc
1222 2869 1288 2950 ipse
1319 2867 1494 2949 quamdam
1519 2867 1646 2928 vineam

383 2993 474 3034 suam
500 2974 532 3034 in
556 2973 717 3036 territorio
741 2975 877 3036 civitatis
900 2976 1041 3057 predicte
1065 2976 1146 3037 inter
1169 2975 1279 3036 vineas
1295 2974 1471 3036 liberorum
1495 2993 1551 3034 seu
1576 2993 1648 3036 suc·

384 3099 546 3140 cessurum
573 3079 710 3140 condam
735 3081 897 3142 Valentini
922 3081 997 3143 dicti
1023 3080 1248 3164 Mungyakych
1281 3095 1312 3142 et
1335 3081 1433 3142 Marci
1458 3081 1533 3142 dicti
1558 3081 1647 3143 Zvve·

383 3185 459 3246 char
482 3184 636 3264 habitam,
660 3186 764 3268 ipsum
789 3187 923 3268 juridice
944 3200 1202 3266 concernentem,
1227 3207 1300 3248 cum
1317 3187 1382 3248 suis
1406 3187 1597 3249 utilitatibus
1614 3203 1646 3249 et

383 3291 588 3373 pertinenciis
620 3293 786 3371 universis,
820 3294 958 3375 predicte
992 3293 1191 3375 Margarethe
1223 3312 1281 3374 pro
1312 3305 1388 3354 tunc
1423 3313 1479 3353 sue
1505 3295 1645 3356 consorti

382 3398 552 3478 legavisset
575 3398 714 3460 vendere
739 3413 770 3460 et
795 3400 902 3462 debita
932 3420 990 3461 sua
1012 3400 1193 3482 persolvere
1224 3399 1393 3479 legavisset
1417 3414 1448 3460 et
1472 3401 1644 3460 recommi-

382 3505 484 3584 sisset,
509 3518 539 3566 et
571 3505 645 3586 quia
677 3506 819 3587 predicta
851 3506 982 3568 domina
1015 3505 1216 3588 Margaretba
1251 3505 1357 3566 debita
1389 3505 1488 3587 ipsius
1513 3504 1646 3586 Georgii

383 3611 548 3691 persolvit,
572 3611 713 3692 predicte
735 3633 811 3674 vero
828 3613 920 3674 vinee
938 3613 1112 3694 quamdam
1129 3627 1251 3695 partem
1267 3613 1364 3694 ipsius
1381 3613 1474 3673 vinee
1490 3613 1646 3674 maiorem

382 3737 440 3800 pro
464 3738 497 3780 se
521 3720 704 3796 reservavit,
729 3719 825 3780 aliam
849 3733 956 3780 autem
975 3721 1133 3782 minorem
1151 3721 1249 3802 ipsius
1277 3719 1370 3781 vinee
1387 3733 1508 3800 partem
1533 3719 1646 3779 vendi·

382 3826 467 3886 cioui
483 3826 630 3907 exposuit
645 3827 738 3886 Petro
755 3827 927 3888 successori
946 3825 1067 3908 lvvsych
1080 3840 1235 3907 perpetuo
1252 3825 1490 3908 possidendam,
1507 3825 1647 3905 ideoque

382 3951 441 3991 nos
466 3930 641 4012 predictam
668 3932 821 3993 maiorem
847 3947 969 4013 partem
995 3933 1094 4013 ipsius
1110 3932 1201 3992 vinee
1226 3936 1347 4013 prefate
1370 3929 1502 3991 domine
1521 3931 1647 4010 Marga-

382 4037 469 4098 rethe
495 4037 603 4098 relicte
621 4038 720 4118 ipsius
738 4037 881 4118 Georgii,
899 4038 1074 4120 predictam
1088 4057 1164 4099 vero
1182 4037 1340 4098 minorem
1357 4050 1479 4118 partem
1497 4036 1643 4098 eiusdem

382 4145 473 4204 vinee
498 4163 570 4204 cum
596 4145 661 4204 suis
684 4145 889 4226 pertinenciis
912 4165 929 4206 a
954 4159 1041 4226 parte
1066 4145 1149 4207 dicte
1175 4145 1264 4207 vinee
1288 4143 1402 4226 prelati
1427 4144 1525 4205 Marci
1550 4145 1643 4205 Zwe-

381 4250 455 4312 char
479 4249 584 4328 sitam,
609 4250 752 4332 predicto
777 4251 871 4312 Petro
889 4252 1061 4312 successori
1080 4251 1179 4332 ipsius
1196 4250 1316 4333 lwsych
1342 4249 1471 4311 Martini
1495 4249 1645 4312 similiter

382 4357 485 4418 vocati
512 4357 680 4417 statuimus
704 4369 860 4439 perpetuo
881 4357 1107 4439 possidendam
1125 4371 1155 4419 et
1172 4356 1480 4438 quomodocumque
1504 4356 1645 4418 voluerit

381 4463 616 4547 disponendam
641 4463 727 4543 juxta
752 4464 976 4525 condicionem
1003 4464 1137 4525 civitatis
1161 4475 1327 4545 prenotate
1351 4462 1575 4545 supradictam.

487 4569 563 4631 item
589 4569 680 4650 jurati
705 4589 834 4630 causam
860 4569 940 4632 inter
965 4570 1111 4648 Paulum,
1139 4569 1333 4646 sellatorem,
1358 4567 1495 4650 juratum
1522 4568 1644 4630 dictum

380 4677 512 4758 Toluay
537 4689 568 4736 et
592 4676 673 4736 inter
697 4675 789 4758 Gyan
808 4675 945 4758 juratum
964 4675 1096 4737 infacto
1120 4676 1217 4736 trium
1241 4674 1312 4736 flor.
1329 4689 1360 4737 et
1381 4675 1441 4736 XX
1465 4671 1643 4736 solidorum

381 4802 488 4845 coram
513 4781 624 4862 juratis
648 4795 768 4842 motam
793 4783 838 4843 sic
862 4781 1135 4862 adjudicaverunt,
1159 4795 1195 4843 ut
1211 4781 1286 4862 quia
1303 4781 1335 4842 id
1360 4795 1455 4842 testes
1471 4781 1644 4862 superinde

382 4888 531 4970 producti
556 4901 629 4948 sunt
653 4888 768 4966 testati,
803 4901 836 4948 ut
870 4888 935 4970 ipse
961 4887 1054 4969 Gyan
1078 4907 1151 4948 cum
1183 4887 1402 4948 mercimoniis
1433 4887 1498 4947 suis
1523 4905 1560 4947 ex
1585 4886 1644 4948 ista

380 5007 471 5078 parte
499 4993 691 5054 tributorum
717 4993 871 5076 spoliatus
903 4991 1022 5072 fuisset,
1055 5006 1129 5054 tunc
1154 4993 1323 5076 culpabilis
1346 5011 1411 5054 non
1443 4991 1564 5072 luisset,
1587 4993 1644 5055 sed
