3734 5796
536 574 739 655 Ann01438.
766 611 805 622 —
831 593 881 655 14.
906 579 1074 638 novembris.
1394 597 1453 659 ²95

189 804 298 852 contra
324 789 498 852 Martinum
516 788 666 868 juratum,
691 801 726 850 ut
749 787 890 851 famulus
913 808 989 850 suus
1007 807 1080 850 cum
1098 789 1179 851 scitu
1202 809 1261 851 suo
1286 808 1359 852 cum
1377 809 1454 871 qua-

190 897 263 958 dam
288 915 371 978 equa
395 915 461 957 non
486 895 654 958 salivisset.

298 1002 375 1064 Item
409 1001 494 1064 idem
520 1001 606 1063 lwan
632 1001 771 1064 Owchar
801 1001 920 1082 jurabit
950 1001 1141 1064 secundario
1172 1021 1268 1084 super
1292 1021 1331 1064 eo
1362 1023 1458 1084 super

190 1128 290 1188 aram,
315 1121 350 1170 ut
375 1108 442 1189 ipse
467 1107 571 1169 nullas
594 1128 644 1170 res
675 1109 812 1170 mobiles
844 1109 943 1190 ipsius
975 1107 1088 1170 famuli
1113 1109 1161 1170 sui
1193 1108 1277 1191 apud
1303 1107 1457 1170 sehabet

191 1233 249 1276 nec
274 1214 390 1275 habere
416 1215 601 1292 dinoscitur,
626 1214 682 1276 sed
707 1215 861 1278 innocens
885 1215 925 1277 sit
949 1219 1033 1278 facto
1058 1215 1090 1276 in
1115 1216 1240 1278 eodem.

300 1320 377 1382 Item
403 1320 550 1401 quamvis
574 1321 712 1383 lacobus
735 1321 821 1383 lilius
844 1321 970 1383 Nicolai
1003 1320 1058 1383 filii
1085 1321 1225 1383 Ladislai
1251 1321 1327 1383 dicti
1353 1319 1457 1382 Lado-

194 1426 314 1488 merich
347 1426 386 1487 de
419 1427 566 1489 Belowar
597 1429 628 1489 in
661 1427 832 1490 manifesto
865 1427 1026 1490 furticinio
1059 1441 1215 1490 certarum
1249 1441 1280 1490 et
1314 1427 1456 1509 plurium

195 1551 313 1611 rerum,
339 1532 490 1594 videlicet
512 1534 798 1615 manutergiorum,
824 1533 1016 1596 mensalium
1034 1553 1070 1595 ac
1094 1534 1228 1596 aliarum
1246 1553 1351 1595 rerum
1377 1552 1458 1594 non-

195 1639 356 1700 nullarum
383 1639 589 1701 ecclesiarum
614 1654 644 1702 et
669 1654 827 1701 certorum
860 1640 1042 1702 concivium
1071 1654 1102 1702 et
1125 1640 1262 1702 aliorum
1287 1639 1455 1701 hominum

192 1743 371 1806 forensium
397 1765 453 1806 seu
478 1759 702 1807 extraneorum
727 1766 783 1828 per
814 1746 953 1808 eundem
986 1747 1220 1808 subtractorum
1252 1757 1348 1828 prout
1371 1745 1457 1806 idem

192 1852 334 1912 lacobus
359 1851 447 1913 solus
478 1852 689 1933 personaliter
720 1872 827 1914 coram
859 1852 1005 1934 pluribus
1029 1851 1284 1930 honorabilibus,
1316 1851 1459 1913 discretis

196 1977 231 2019 ac
258 1957 418 2038 religiosis
442 1970 473 2019 et
496 1958 661 2020 nobilibus
685 1959 760 2020 viris
787 1959 907 2041 pluries
938 1971 969 2020 et
993 1959 1023 2020 in
1047 1959 1122 2021 sede
1154 1973 1261 2020 nostra
1292 1957 1458 2040 judiciaria

193 2083 300 2125 coram
328 2063 421 2125 nobis
447 2062 548 2126 lassus
572 2078 603 2125 et
627 2063 791 2126 confessus
814 2078 861 2127 est
884 2067 1005 2146 absque
1036 2065 1125 2126 omni
1150 2077 1323 2142 torment0,
1349 2077 1379 2125 et
1400 2083 1458 2145 pro

195 2169 309 2232 eodem
336 2167 499 2231 iurticinio
523 2169 608 2250 juxta
632 2191 688 2232 sua
714 2171 867 2232 demerita
892 2170 1043 2252 suspendi
1069 2183 1099 2232 et
1116 2190 1232 2252 penam
1257 2171 1320 2252 pati
1346 2189 1381 2230 ac
1405 2189 1458 2230 su·

195 2278 263 2339 bire
289 2277 462 2356 debuisset,
492 2291 601 2340 tamen
633 2278 708 2358 quia
733 2298 789 2360 per
820 2278 929 2360 plures
960 2277 1165 2338 honorabiles
1189 2276 1275 2337 viros
1306 2275 1457 2336 dominos

198 2384 340 2466 Capituli
367 2383 499 2445 ecclesie
524 2383 739 2465 zagrabiensis
769 2403 805 2444 ac
836 2383 1004 2465 religiosos
1034 2384 1119 2444 viros
1143 2383 1273 2444 abbates
1305 2395 1336 2443 et
1360 2381 1460 2442 Here-

196 2490 291 2551 mitas
323 2509 381 2551 nec
406 2509 471 2551 non
496 2489 648 2551 discretos
679 2490 765 2551 viros
796 2489 922 2571 plures,
955 2509 992 2550 ac
1024 2489 1124 2550 eciam
1149 2508 1205 2571 per
1236 2488 1344 2570 plures
1375 2487 1461 2548 viros

197 2597 323 2657 nobiles
347 2609 378 2658 et
396 2597 552 2678 egregios,
570 2596 696 2658 nobiles
712 2596 833 2658 scilicet
850 2597 938 2676 regni
957 2595 1128 2657 Sclauonie
1146 2595 1177 2655 in
1196 2593 1331 2656 eandem
1349 2591 1459 2654 sedem

196 2717 338 2765 nostram
374 2703 574 2784 judiciariam
607 2704 704 2766 nostri
738 2704 769 2765 in
810 2704 1008 2785 presenciam
1039 2702 1249 2781 venientium,
1274 2701 1368 2762 nobis
1400 2718 1458 2781 pro

196 2809 312 2871 eodem
337 2810 457 2871 Jacobo
488 2810 702 2892 supplicatum
734 2810 846 2888 extitit,
878 2823 912 2870 ut
936 2810 1075 2871 eundem
1107 2809 1264 2870 lacobum
1293 2818 1459 2887 tamquam

197 2936 285 2977 reum
312 2929 343 2976 et
366 2915 561 2997 culpabilem
587 2936 644 2998 pro
673 2929 800 2978 mortuo
832 2915 964 2976 homine
996 2915 1072 2997 ipsis
1098 2914 1138 2976 de
1170 2914 1318 2975 manibus
1342 2912 1458 2974 nostris

195 3037 226 3084 et
261 3021 300 3083 de
337 3022 473 3083 vinculis
508 3023 623 3084 nostris
658 3023 698 3083 ad
734 3041 848 3083 manus
883 3041 995 3082 eorum
1031 3020 1194 3082 extradere
1230 3019 1462 3100 dignaremur;

200 3129 342 3210 ideoque
371 3148 429 3190 nos
460 3129 577 3190 auditis
601 3142 632 3190 et
661 3129 840 3208 intellectis,
870 3127 1165 3207 nichilominusque
1197 3124 1353 3187 exauditis
1384 3123 1463 3205 peti-

199 3235 347 3297 cionibus
372 3233 531 3296 dictorum
556 3253 614 3316 pro
638 3235 708 3316 ipso
734 3235 853 3296 Jacobo
886 3254 941 3296 reo
966 3245 997 3294 et
1020 3231 1180 3314 culpabile
1212 3251 1248 3292 ac
1273 3228 1341 3292 lure
1367 3229 1461 3290 nobis

197 3341 465 3424 supplicancium,
483 3341 621 3402 eundem
640 3341 794 3403 Jacobum
815 3341 890 3423 ipsis
906 3340 992 3418 viris,
1010 3339 1065 3421 qui
1083 3338 1177 3400 nobis
1193 3357 1251 3419 pro
1276 3355 1315 3397 eo
1339 3335 1462 3417 suppli·

196 3463 319 3526 cerunt,
343 3448 383 3508 ad
411 3448 582 3510 instantem
615 3448 757 3530 ipsorum
790 3447 984 3529 peticionem
1016 3459 1182 3526 tamquam
1214 3455 1378 3505 mortuum
1403 3441 1461 3502 ho·

197 3556 318 3616 minem
346 3575 403 3616 seu
428 3573 485 3636 pro
518 3565 646 3616 mortuo
677 3553 809 3614 homine
837 3552 876 3613 de
910 3551 1057 3614 manibus
1081 3563 1112 3612 et
1144 3549 1323 3611 carceribus
1347 3548 1463 3610 nostris

197 3662 302 3723 taliter
327 3661 526 3742 assignamus
560 3674 591 3722 et
622 3660 771 3721 duximus
803 3659 1042 3739 assignandum,
1074 3671 1108 3719 ut
1139 3658 1206 3738 ipse
1239 3656 1278 3717 de
1302 3667 1410 3718 cetero
1434 3667 1465 3715 et

197 3787 254 3849 per
277 3767 417 3849 amplius
440 3767 516 3828 talia
541 3780 572 3828 et
596 3766 657 3828 hiis
682 3766 798 3827 similia
823 3764 904 3827 facta
929 3765 1012 3826 mala
1034 3764 1167 3825 ulterius
1192 3782 1256 3824 non
1283 3762 1463 3823 committat

198 3894 303 3956 neque
328 3887 489 3956 perpetret
513 3887 544 3935 et
567 3873 708 3955 predicta
733 3871 814 3934 lacta
838 3891 893 3932 sua
919 3871 1002 3932 mala
1028 3871 1173 3952 deploret
1201 3882 1231 3930 et
1256 3867 1381 3946 defleat,
1406 3867 1461 3948 qui

199 3981 224 4042 si
249 3981 289 4041 de
314 3994 419 4043 cetero
444 3993 475 4042 et
499 3999 555 4062 per
587 3979 725 4061 amplius
757 3978 832 4040 talia
857 3991 887 4040 et
918 3977 978 4038 hiis
1003 3976 1118 4038 similia
1153 3975 1234 4037 iacta
1260 3973 1342 4035 mala
1367 3994 1400 4034 se
1424 3973 1463 4033 ab

201 4086 321 4148 eisdem
346 4105 410 4147 non
437 4085 660 4166 restringendo
686 4098 716 4146 et
748 4083 982 4166 compescendo
1015 4081 1243 4165 perpetraverit
1276 4093 1307 4142 et
1330 4079 1464 4140 commi·

201 4193 275 4254 serit
301 4193 333 4254 in
357 4193 518 4254 territorio
543 4205 652 4253 nostro
682 4204 712 4252 et
735 4190 953 4273 deprehensus
985 4187 1136 4250 fueritin
1170 4187 1302 4264 eisdem,
1328 4205 1365 4246 ex
1388 4197 1466 4244 tunc

201 4299 284 4380 juxta
310 4319 365 4361 sua
392 4298 546 4360 demerita
570 4317 686 4381 penam
712 4316 808 4379 quam
834 4295 1028 4358 demeruerit
1052 4305 1266 4375 consequetur
1291 4290 1381 4352 nullo
1405 4289 1465 4350 sibi

201 4407 344 4468 remedio
369 4403 562 4488 suffragente
587 4406 619 4466 in
647 4405 707 4467 hac
731 4417 829 4485 parte.

244 4574 341 4649 Feria
369 4582 468 4649 sexta
497 4577 651 4664 proxima
679 4580 756 4664 post
783 4573 904 4644 testum
933 4573 1043 4642 sancti
1073 4570 1194 4642 Briccii
1224 4567 1368 4656 episcopi
1398 4573 1432 4636 et

730 4698 942 4770 confessoris.

690 4852 752 4930 (14.
777 4847 964 4929 novembris).

308 4998 387 5060 ltem
412 4997 487 5078 quia
512 4996 570 5057 viri
596 4993 721 5075 providi
751 4992 912 5053 lohannes
934 5003 1036 5050 sartor
1061 4987 1144 5049 lilius
1162 4984 1302 5066 Philippi
1328 4982 1469 5044 concivis

204 5119 310 5169 noster
334 5118 364 5169 et
390 5104 537 5189 Mathyas
561 5102 708 5164 similiter
732 5113 833 5161 sartor
858 5097 1056 5159 cohabitator
1086 5108 1202 5172 noster,
1227 5091 1259 5151 id
1284 5109 1357 5152 cum
1382 5087 1467 5151 sulfi-
