3734 5796
659 1523 810 1624 (Anno
839 1521 1022 1616 Domini
1050 1520 1323 1624 MCCCCXLI).

363 1899 570 1976 Notandum
590 1905 657 1992 est,
677 1899 773 2000 quod
801 1901 836 1975 in
855 1923 950 1975 anno
969 1899 1113 1976 Domini
1134 1899 1322 1976 millesimo
1346 1900 1627 2001 quadringente-

364 2025 456 2100 simo
484 2023 764 2124 quadragesimo
792 2024 917 2123 primu,
937 2023 1029 2100 feria
1056 2031 1161 2100 sexta
1188 2024 1352 2124 proxima
1380 2031 1465 2099 ante
1494 2023 1626 2099 festum

362 2149 461 2224 beati
490 2145 663 2246 Gregorii
690 2170 783 2246 pape
803 2153 842 2223 et
860 2147 1033 2240 doctoris,
1060 2156 1226 2248 ternpore
1251 2146 1432 2245 judicatus
1451 2147 1516 2221 viri
1545 2169 1627 2246 pro·

361 2271 432 2348 vidi
461 2279 500 2347 et
526 2270 668 2346 honesti
697 2269 808 2346 Blasii
832 2269 961 2369 judicis
981 2273 1096 2347 nostri
1129 2271 1290 2347 moderni
1318 2269 1377 2345 filii
1406 2269 1517 2360 Pauli,
1547 2293 1627 2369 pre-

363 2418 447 2471 sens
484 2395 637 2470 katerna
675 2401 733 2470 est
762 2395 967 2495 conscripta
995 2395 1222 2496 superactis
1257 2401 1294 2470 et
1316 2392 1458 2492 judiciis
1484 2394 1517 2468 in
1546 2394 1629 2493 ipso

358 2517 519 2618 judicatu
548 2517 633 2593 dicti
655 2516 786 2615 judicis
814 2520 929 2594 nostri
957 2519 1117 2594 moderni
1155 2518 1435 2608 occurrentibus,
1474 2541 1542 2617 que
1571 2541 1628 2592 se-

617 2649 744 2717 cuntur
771 2642 880 2718 modo
909 2649 948 2718 et
975 2643 1100 2718 ordine
1129 2641 1377 2742 infrascriptis.

891 2883 953 2952 (10.
975 2873 1095 2941 martii).

802 3065 865 3127 Hic
896 3077 1048 3127 notantur
1071 3063 1182 3144 jurati:

841 3225 919 3288 item
944 3225 1115 3288 Fabianus.

842 3330 920 3392 item
946 3329 1115 3412 Georgius.

842 3436 920 3499 item
948 3437 1103 3498 Andreas.

843 3543 919 3606 item
946 3543 1117 3607 Johsnnes.

842 3649 919 3711 item
946 3648 1131 3730 Gregorius.

842 3757 921 3819 Item
950 3753 1107 3819 Matheus.

840 3863 917 3925 Item
943 3860 1112 3942 Georgius.

842 3969 921 4030 ltem
946 3967 1103 4030 Matbeus.

773 4165 835 4226 Hic
859 4175 1010 4226 notantur
1032 4160 1223 4224 consiliarii:

843 4323 921 4385 item
945 4321 1098 4384 Nicolaus
1123 4320 1277 4382 literatus.

842 4429 920 4490 item
949 4428 1035 4489 lwan
1060 4424 1238 4507 Chaplych.

843 4535 922 4597 item
949 4532 1154 4596 Sebastianus
1172 4531 1316 4614 Lyubsk.

843 4641 921 4703 item
949 4637 1094 4721 Matbyss
1121 4635 1217 4698 frater
1241 4633 1370 4698 Martini
1394 4631 1520 4714 judicis.

844 4747 922 4810 Item
947 4745 1092 4806 Andreas
1115 4741 1200 4805 fitius
1225 4741 1376 4824 Symonis
1400 4737 1465 4822 (de)
1490 4737 1635 4800 Rabocb.

847 4854 925 4914 Item
951 4851 1156 4915 Sebastianus
1181 4848 1341 4911 Soldinar.

847 4961 925 5022 item
951 4957 1134 5019 Anthonius
1154 4954 1318 5036 Chernyn.

847 5067 925 5131 Item
952 5063 1133 5127 Anthonius
1150 5059 1318 5126 Joffanow.
