<?xml version="1.0" encoding="UTF-8"?>
<!DOCTYPE html PUBLIC "-//W3C//DTD XHTML 1.0 Transitional//EN"
    "http://www.w3.org/TR/xhtml1/DTD/xhtml1-transitional.dtd">
<html xmlns="http://www.w3.org/1999/xhtml" xml:lang="en" lang="en">
 <head>
  <title>
</title>
<meta http-equiv="Content-Type" content="text/html;charset=utf-8" />
  <meta name='ocr-system' content='tesseract 3.04.00' />
  <meta name='ocr-capabilities' content='ocr_page ocr_carea ocr_par ocr_line ocrx_word'/>
</head>
<body>
  <div class='ocr_page' id='page_1' title='image "./monumentahistor14laszgoog_0240.png"; bbox 0 0 3678 5800; ppageno 0'>
   <div class='ocr_carea' id='block_1_1' title="bbox 847 445 1294 578">
    <p class='ocr_par' dir='ltr' id='par_1_1' title="bbox 847 445 1294 578">
     <span class='ocr_line' id='line_1_1' title="bbox 847 445 1294 578; baseline 0.009 -20"><span class='ocrx_word' id='word_1_1' title='bbox 847 501 934 558; x_wconf 81' lang='lat' dir='ltr'><strong>Anno</strong></span> <span class='ocrx_word' id='word_1_2' title='bbox 955 445 1046 578; x_wconf 69' lang='lat'><em>1433.</em></span> <span class='ocrx_word' id='word_1_3' title='bbox 1072 535 1112 545; x_wconf 99' lang='lat'><em>-</em></span> <span class='ocrx_word' id='word_1_4' title='bbox 1138 513 1185 576; x_wconf 84' lang='lat'><strong>15.</strong></span> <span class='ocrx_word' id='word_1_5' title='bbox 1209 501 1294 562; x_wconf 74' lang='lat' dir='ltr'><strong>mari.</strong></span> 
     </span>
    </p>
   </div>
   <div class='ocr_carea' id='block_1_2' title="bbox 430 717 1700 5032">
    <p class='ocr_par' dir='ltr' id='par_1_2' title="bbox 558 717 1567 953">
     <span class='ocr_line' id='line_1_2' title="bbox 558 717 1567 812; baseline 0.002 -20"><span class='ocrx_word' id='word_1_6' title='bbox 558 717 654 792; x_wconf 81' lang='lat' dir='ltr'><strong>ieris</strong></span> <span class='ocrx_word' id='word_1_7' title='bbox 683 731 782 793; x_wconf 86' lang='lat' dir='ltr'><strong>sexta</strong></span> <span class='ocrx_word' id='word_1_8' title='bbox 809 721 965 810; x_wconf 86' lang='lat' dir='ltr'><strong>proxima</strong></span> <span class='ocrx_word' id='word_1_9' title='bbox 994 727 1073 792; x_wconf 89' lang='lat' dir='ltr'><strong>ante</strong></span> <span class='ocrx_word' id='word_1_10' title='bbox 1101 719 1302 795; x_wconf 78' lang='lat' dir='ltr'>dominicam</span> <span class='ocrx_word' id='word_1_11' title='bbox 1331 722 1567 812; x_wconf 76' lang='lat' dir='ltr'>Rogatianum.</span> 
     </span>
     <span class='ocr_line' id='line_1_3' title="bbox 981 873 1160 953; baseline 0.017 -21"><span class='ocrx_word' id='word_1_12' title='bbox 981 873 1043 951; x_wconf 78' lang='lat'><strong>(15.</strong></span> <span class='ocrx_word' id='word_1_13' title='bbox 1066 876 1160 953; x_wconf 70' lang='lat' dir='ltr'><strong>maia).</strong></span> 
     </span>
    </p>

    <p class='ocr_par' dir='ltr' id='par_1_3' title="bbox 435 1005 1700 1204">
     <span class='ocr_line' id='line_1_4' title="bbox 543 1005 1700 1097; baseline 0.004 -23"><span class='ocrx_word' id='word_1_14' title='bbox 543 1013 621 1078; x_wconf 84' lang='lat' dir='ltr'>Item</span> <span class='ocrx_word' id='word_1_15' title='bbox 647 1013 829 1097; x_wconf 76' lang='lat' dir='ltr'><strong>Stephanus</strong></span> <span class='ocrx_word' id='word_1_16' title='bbox 852 1014 960 1078; x_wconf 91' lang='lat' dir='ltr'><strong>Kneht</strong></span> <span class='ocrx_word' id='word_1_17' title='bbox 991 1013 1112 1095; x_wconf 87' lang='lat' dir='ltr'><strong>juratus</strong></span> <span class='ocrx_word' id='word_1_18' title='bbox 1141 1029 1252 1078; x_wconf 91' lang='lat' dir='ltr'><strong>contra</strong></span> <span class='ocrx_word' id='word_1_19' title='bbox 1278 1005 1436 1078; x_wconf 85' lang='lat' dir='ltr'><strong>Briccium</strong></span> <span class='ocrx_word' id='word_1_20' title='bbox 1469 1015 1572 1079; x_wconf 89' lang='lat' dir='ltr'><strong>filium</strong></span> <span class='ocrx_word' id='word_1_21' title='bbox 1598 1017 1700 1080; x_wconf 90' lang='lat' dir='ltr'><strong>Bene·</strong></span> 
     </span>
     <span class='ocr_line' id='line_1_5' title="bbox 435 1120 1699 1204; baseline 0.003 -22"><span class='ocrx_word' id='word_1_22' title='bbox 435 1121 511 1183; x_wconf 90' lang='lat' dir='ltr'><strong>dicti</strong></span> <span class='ocrx_word' id='word_1_23' title='bbox 530 1121 608 1183; x_wconf 89' lang='lat' dir='ltr'><strong>alias</strong></span> <span class='ocrx_word' id='word_1_24' title='bbox 624 1120 763 1202; x_wconf 87' lang='lat' dir='ltr'><strong>judicem</strong></span> <span class='ocrx_word' id='word_1_25' title='bbox 780 1133 812 1182; x_wconf 91' lang='lat' dir='ltr'><strong>et</strong></span> <span class='ocrx_word' id='word_1_26' title='bbox 829 1120 994 1182; x_wconf 87' lang='lat' dir='ltr'>concivem</span> <span class='ocrx_word' id='word_1_27' title='bbox 1009 1135 1153 1184; x_wconf 90' lang='lat' dir='ltr'><strong>nostrum</strong></span> <span class='ocrx_word' id='word_1_28' title='bbox 1171 1122 1277 1204; x_wconf 92' lang='lat' dir='ltr'><strong>primo</strong></span> <span class='ocrx_word' id='word_1_29' title='bbox 1294 1123 1408 1186; x_wconf 88' lang='lat' dir='ltr'><strong>citatus</strong></span> <span class='ocrx_word' id='word_1_30' title='bbox 1424 1141 1490 1184; x_wconf 91' lang='lat' dir='ltr'><strong>non</strong></span> <span class='ocrx_word' id='word_1_31' title='bbox 1507 1124 1699 1204; x_wconf 82' lang='lat' dir='ltr'><strong>comparuit.</strong></span> 
     </span>
    </p>

    <p class='ocr_par' dir='ltr' id='par_1_4' title="bbox 433 1226 1700 1416">
     <span class='ocr_line' id='line_1_6' title="bbox 542 1226 1700 1312; baseline 0.001 -24"><span class='ocrx_word' id='word_1_32' title='bbox 542 1227 619 1290; x_wconf 88' lang='lat' dir='ltr'>Item</span> <span class='ocrx_word' id='word_1_33' title='bbox 646 1226 799 1289; x_wconf 89' lang='lat' dir='ltr'><strong>Nicolaus</strong></span> <span class='ocrx_word' id='word_1_34' title='bbox 824 1227 943 1288; x_wconf 83' lang='lat' dir='ltr'><strong>Bncusa</strong></span> <span class='ocrx_word' id='word_1_35' title='bbox 968 1239 1078 1289; x_wconf 90' lang='lat' dir='ltr'><strong>contra</strong></span> <span class='ocrx_word' id='word_1_36' title='bbox 1111 1227 1319 1291; x_wconf 80' lang='lat' dir='ltr'><strong>Valentinum</strong></span> <span class='ocrx_word' id='word_1_37' title='bbox 1351 1227 1490 1310; x_wconf 88' lang='lat' dir='ltr'><strong>juratum</strong></span> <span class='ocrx_word' id='word_1_38' title='bbox 1513 1229 1621 1312; x_wconf 91' lang='lat' dir='ltr'><strong>primo</strong></span> <span class='ocrx_word' id='word_1_39' title='bbox 1658 1229 1700 1290; x_wconf 92' lang='lat' dir='ltr'><strong>ci·</strong></span> 
     </span>
     <span class='ocr_line' id='line_1_7' title="bbox 433 1333 823 1416; baseline -0.003 -19"><span class='ocrx_word' id='word_1_40' title='bbox 433 1346 517 1397; x_wconf 85' lang='lat' dir='ltr'><strong>tatus</strong></span> <span class='ocrx_word' id='word_1_41' title='bbox 540 1354 605 1397; x_wconf 93' lang='lat' dir='ltr'><strong>non</strong></span> <span class='ocrx_word' id='word_1_42' title='bbox 631 1333 823 1416; x_wconf 88' lang='lat' dir='ltr'><strong>comparuit.</strong></span> 
     </span>
    </p>

    <p class='ocr_par' dir='ltr' id='par_1_5' title="bbox 431 1438 1700 3546">
     <span class='ocr_line' id='line_1_8' title="bbox 541 1438 1700 1523; baseline 0.001 -21"><span class='ocrx_word' id='word_1_43' title='bbox 541 1441 619 1504; x_wconf 89' lang='lat' dir='ltr'><strong>item</strong></span> <span class='ocrx_word' id='word_1_44' title='bbox 636 1441 712 1523; x_wconf 91' lang='lat' dir='ltr'><strong>quia</strong></span> <span class='ocrx_word' id='word_1_45' title='bbox 737 1439 852 1501; x_wconf 91' lang='lat' dir='ltr'><strong>Vrsula</strong></span> <span class='ocrx_word' id='word_1_46' title='bbox 877 1439 942 1502; x_wconf 87' lang='lat' dir='ltr'><strong>filia</strong></span> <span class='ocrx_word' id='word_1_47' title='bbox 967 1438 1124 1502; x_wconf 82' lang='lat' dir='ltr'><strong>Anthonii</strong></span> <span class='ocrx_word' id='word_1_48' title='bbox 1152 1441 1283 1502; x_wconf 88' lang='lat' dir='ltr'><strong>textoris</strong></span> <span class='ocrx_word' id='word_1_49' title='bbox 1319 1441 1351 1503; x_wconf 94' lang='lat' dir='ltr'><strong>id</strong></span> <span class='ocrx_word' id='word_1_50' title='bbox 1375 1461 1448 1504; x_wconf 90' lang='lat' dir='ltr'><strong>cum</strong></span> <span class='ocrx_word' id='word_1_51' title='bbox 1473 1439 1646 1504; x_wconf 85' lang='lat' dir='ltr'><strong>sufficienti</strong></span> <span class='ocrx_word' id='word_1_52' title='bbox 1671 1453 1700 1503; x_wconf 91' lang='lat' dir='ltr'><strong>et</strong></span> 
     </span>
     <span class='ocr_line' id='line_1_9' title="bbox 434 1545 1699 1630; baseline 0.002 -23"><span class='ocrx_word' id='word_1_53' title='bbox 434 1545 600 1630; x_wconf 82' lang='lat' dir='ltr'><strong>fidedigno</strong></span> <span class='ocrx_word' id='word_1_54' title='bbox 625 1560 808 1608; x_wconf 89' lang='lat' dir='ltr'><strong>nostrorum</strong></span> <span class='ocrx_word' id='word_1_55' title='bbox 834 1545 1017 1608; x_wconf 87' lang='lat' dir='ltr'><strong>concivium</strong></span> <span class='ocrx_word' id='word_1_56' title='bbox 1042 1547 1228 1609; x_wconf 88' lang='lat' dir='ltr'><strong>testimonio</strong></span> <span class='ocrx_word' id='word_1_57' title='bbox 1246 1547 1278 1610; x_wconf 92' lang='lat' dir='ltr'><strong>in</strong></span> <span class='ocrx_word' id='word_1_58' title='bbox 1302 1548 1377 1610; x_wconf 91' lang='lat' dir='ltr'><strong>sede</strong></span> <span class='ocrx_word' id='word_1_59' title='bbox 1402 1561 1508 1610; x_wconf 88' lang='lat' dir='ltr'><strong>nostra</strong></span> <span class='ocrx_word' id='word_1_60' title='bbox 1533 1547 1699 1630; x_wconf 77' lang='lat' dir='ltr'><strong>judiciaria</strong></span> 
     </span>
     <span class='ocr_line' id='line_1_10' title="bbox 434 1651 1699 1736; baseline 0.001 -22"><span class='ocrx_word' id='word_1_61' title='bbox 434 1653 519 1716; x_wconf 91' lang='lat' dir='ltr'><strong>clare</strong></span> <span class='ocrx_word' id='word_1_62' title='bbox 543 1667 574 1714; x_wconf 89' lang='lat' dir='ltr'><strong>et</strong></span> <span class='ocrx_word' id='word_1_63' title='bbox 598 1653 717 1715; x_wconf 91' lang='lat' dir='ltr'><strong>seriose</strong></span> <span class='ocrx_word' id='word_1_64' title='bbox 742 1671 849 1714; x_wconf 91' lang='lat' dir='ltr'><strong>coram</strong></span> <span class='ocrx_word' id='word_1_65' title='bbox 867 1652 961 1714; x_wconf 91' lang='lat' dir='ltr'><strong>nobis</strong></span> <span class='ocrx_word' id='word_1_66' title='bbox 984 1651 1017 1714; x_wconf 92' lang='lat' dir='ltr'><strong>in</strong></span> <span class='ocrx_word' id='word_1_67' title='bbox 1042 1651 1162 1734; x_wconf 84' lang='lat' dir='ltr'><strong>judicio</strong></span> <span class='ocrx_word' id='word_1_68' title='bbox 1179 1654 1413 1736; x_wconf 81' lang='lat' dir='ltr'><strong>comprobavit,</strong></span> <span class='ocrx_word' id='word_1_69' title='bbox 1437 1654 1525 1736; x_wconf 93' lang='lat' dir='ltr'><strong>quod</strong></span> <span class='ocrx_word' id='word_1_70' title='bbox 1544 1653 1699 1717; x_wconf 76' lang='lat' dir='ltr'><strong>medietas</strong></span> 
     </span>
     <span class='ocr_line' id='line_1_11' title="bbox 434 1757 1699 1842; baseline 0.001 -21"><span class='ocrx_word' id='word_1_71' title='bbox 434 1758 601 1822; x_wconf 90' lang='lat' dir='ltr'><strong>cuiusdam</strong></span> <span class='ocrx_word' id='word_1_72' title='bbox 626 1759 753 1837; x_wconf 90' lang='lat' dir='ltr'><strong>domus,</strong></span> <span class='ocrx_word' id='word_1_73' title='bbox 777 1757 869 1821; x_wconf 83' lang='lat' dir='ltr'><strong>fundi</strong></span> <span class='ocrx_word' id='word_1_74' title='bbox 894 1771 925 1822; x_wconf 92' lang='lat' dir='ltr'><strong>et</strong></span> <span class='ocrx_word' id='word_1_75' title='bbox 948 1757 1171 1826; x_wconf 87' lang='lat' dir='ltr'><strong>hedificiorum</strong></span> <span class='ocrx_word' id='word_1_76' title='bbox 1196 1759 1229 1821; x_wconf 91' lang='lat' dir='ltr'><strong>in</strong></span> <span class='ocrx_word' id='word_1_77' title='bbox 1245 1759 1372 1822; x_wconf 83' lang='lat' dir='ltr'><strong>civitate</strong></span> <span class='ocrx_word' id='word_1_78' title='bbox 1396 1759 1517 1842; x_wconf 87' lang='lat' dir='ltr'><strong>prefata</strong></span> <span class='ocrx_word' id='word_1_79' title='bbox 1535 1760 1647 1822; x_wconf 87' lang='lat' dir='ltr'><strong>habite</strong></span> <span class='ocrx_word' id='word_1_80' title='bbox 1671 1775 1699 1822; x_wconf 90' lang='lat' dir='ltr'><strong>et</strong></span> 
     </span>
     <span class='ocr_line' id='line_1_12' title="bbox 438 1863 1699 1948; baseline 0.002 -22"><span class='ocrx_word' id='word_1_81' title='bbox 438 1866 611 1945; x_wconf 88' lang='lat' dir='ltr'><strong>existentis,</strong></span> <span class='ocrx_word' id='word_1_82' title='bbox 644 1885 707 1948; x_wconf 90' lang='lat' dir='ltr'><strong>que</strong></span> <span class='ocrx_word' id='word_1_83' title='bbox 740 1865 839 1948; x_wconf 89' lang='lat' dir='ltr'><strong>ipsius</strong></span> <span class='ocrx_word' id='word_1_84' title='bbox 870 1863 1025 1928; x_wconf 88' lang='lat' dir='ltr'><strong>Anthonii</strong></span> <span class='ocrx_word' id='word_1_85' title='bbox 1057 1866 1188 1928; x_wconf 91' lang='lat' dir='ltr'><strong>textoris</strong></span> <span class='ocrx_word' id='word_1_86' title='bbox 1216 1865 1387 1948; x_wconf 79' lang='lat' dir='ltr'><strong>prefuerat,</strong></span> <span class='ocrx_word' id='word_1_87' title='bbox 1419 1885 1517 1930; x_wconf 89' lang='lat' dir='ltr'><strong>unam</strong></span> <span class='ocrx_word' id='word_1_88' title='bbox 1549 1865 1699 1928; x_wconf 85' lang='lat' dir='ltr'><strong>videlicet</strong></span> 
     </span>
     <span class='ocr_line' id='line_1_13' title="bbox 435 1971 1695 2056; baseline 0.001 -23"><span class='ocrx_word' id='word_1_89' title='bbox 435 1985 583 2054; x_wconf 85' lang='lat' dir='ltr'><strong>quartam</strong></span> <span class='ocrx_word' id='word_1_90' title='bbox 610 1973 641 2034; x_wconf 92' lang='lat' dir='ltr'><strong>in</strong></span> <span class='ocrx_word' id='word_1_91' title='bbox 666 1991 699 2034; x_wconf 90' lang='lat' dir='ltr'><strong>se</strong></span> <span class='ocrx_word' id='word_1_92' title='bbox 723 1971 893 2034; x_wconf 88' lang='lat' dir='ltr'><strong>continens</strong></span> <span class='ocrx_word' id='word_1_93' title='bbox 924 1991 997 2033; x_wconf 91' lang='lat' dir='ltr'><strong>cum</strong></span> <span class='ocrx_word' id='word_1_94' title='bbox 1024 1972 1090 2034; x_wconf 91' lang='lat' dir='ltr'><strong>suis</strong></span> <span class='ocrx_word' id='word_1_95' title='bbox 1121 1972 1337 2054; x_wconf 88' lang='lat' dir='ltr'><strong>pertinenciis,</strong></span> <span class='ocrx_word' id='word_1_96' title='bbox 1361 1985 1435 2056; x_wconf 89' lang='lat' dir='ltr'><strong>post</strong></span> <span class='ocrx_word' id='word_1_97' title='bbox 1464 1972 1695 2036; x_wconf 84' lang='lat' dir='ltr'><strong>abductionem</strong></span> 
     </span>
     <span class='ocr_line' id='line_1_14' title="bbox 433 2077 1696 2163; baseline 0.001 -22"><span class='ocrx_word' id='word_1_98' title='bbox 433 2077 547 2161; x_wconf 82' lang='lat' dir='ltr'><strong>prefati</strong></span> <span class='ocrx_word' id='word_1_99' title='bbox 573 2078 729 2142; x_wconf 83' lang='lat' dir='ltr'><strong>Anthonii</strong></span> <span class='ocrx_word' id='word_1_100' title='bbox 753 2079 885 2141; x_wconf 85' lang='lat' dir='ltr'><strong>textoris</strong></span> <span class='ocrx_word' id='word_1_101' title='bbox 909 2098 966 2161; x_wconf 89' lang='lat' dir='ltr'><strong>per</strong></span> <span class='ocrx_word' id='word_1_102' title='bbox 994 2078 1142 2142; x_wconf 90' lang='lat' dir='ltr'><strong>Thurcos</strong></span> <span class='ocrx_word' id='word_1_103' title='bbox 1173 2099 1365 2162; x_wconf 88' lang='lat' dir='ltr'><strong>supereum</strong></span> <span class='ocrx_word' id='word_1_104' title='bbox 1399 2079 1526 2160; x_wconf 86' lang='lat' dir='ltr'><strong>iactam,</strong></span> <span class='ocrx_word' id='word_1_105' title='bbox 1552 2081 1609 2163; x_wconf 92' lang='lat' dir='ltr'><strong>qui</strong></span> <span class='ocrx_word' id='word_1_106' title='bbox 1635 2085 1696 2142; x_wconf 81' lang='lat' dir='ltr'><strong>An·</strong></span> 
     </span>
     <span class='ocr_line' id='line_1_15' title="bbox 433 2185 1695 2270; baseline -0.002 -20"><span class='ocrx_word' id='word_1_107' title='bbox 433 2187 566 2251; x_wconf 90' lang='lat' dir='ltr'><strong>thonius</strong></span> <span class='ocrx_word' id='word_1_108' title='bbox 590 2207 646 2270; x_wconf 88' lang='lat' dir='ltr'><strong>per</strong></span> <span class='ocrx_word' id='word_1_109' title='bbox 670 2187 756 2269; x_wconf 91' lang='lat' dir='ltr'><strong>ipsos</strong></span> <span class='ocrx_word' id='word_1_110' title='bbox 780 2185 932 2248; x_wconf 83' lang='lat' dir='ltr'><strong>Thoricos</strong></span> <span class='ocrx_word' id='word_1_111' title='bbox 958 2185 1115 2248; x_wconf 88' lang='lat' dir='ltr'><strong>abductus</strong></span> <span class='ocrx_word' id='word_1_112' title='bbox 1147 2186 1286 2248; x_wconf 90' lang='lat' dir='ltr'><strong>nescitur</strong></span> <span class='ocrx_word' id='word_1_113' title='bbox 1316 2199 1423 2248; x_wconf 89' lang='lat' dir='ltr'><strong>utrum</strong></span> <span class='ocrx_word' id='word_1_114' title='bbox 1448 2187 1570 2249; x_wconf 90' lang='lat' dir='ltr'><strong>viveret</strong></span> <span class='ocrx_word' id='word_1_115' title='bbox 1594 2187 1695 2248; x_wconf 91' lang='lat' dir='ltr'><strong>adhuc</strong></span> 
     </span>
     <span class='ocr_line' id='line_1_16' title="bbox 433 2291 1696 2374; baseline -0.002 -18"><span class='ocrx_word' id='word_1_116' title='bbox 433 2307 488 2356; x_wconf 86' lang='lat' dir='ltr'><strong>aut</strong></span> <span class='ocrx_word' id='word_1_117' title='bbox 513 2306 659 2356; x_wconf 91' lang='lat' dir='ltr'><strong>mortuus</strong></span> <span class='ocrx_word' id='word_1_118' title='bbox 682 2304 775 2372; x_wconf 91' lang='lat' dir='ltr'><strong>esset,</strong></span> <span class='ocrx_word' id='word_1_119' title='bbox 799 2312 835 2354; x_wconf 85' lang='lat' dir='ltr'><strong>ex</strong></span> <span class='ocrx_word' id='word_1_120' title='bbox 861 2311 900 2353; x_wconf 91' lang='lat' dir='ltr'><strong>eo</strong></span> <span class='ocrx_word' id='word_1_121' title='bbox 924 2292 999 2373; x_wconf 91' lang='lat' dir='ltr'><strong>quia</strong></span> <span class='ocrx_word' id='word_1_122' title='bbox 1025 2291 1056 2353; x_wconf 92' lang='lat' dir='ltr'><strong>in</strong></span> <span class='ocrx_word' id='word_1_123' title='bbox 1082 2292 1229 2354; x_wconf 79' lang='lat' dir='ltr'><strong>absencia</strong></span> <span class='ocrx_word' id='word_1_124' title='bbox 1254 2291 1353 2354; x_wconf 92' lang='lat' dir='ltr'><strong>modo</strong></span> <span class='ocrx_word' id='word_1_125' title='bbox 1370 2291 1526 2374; x_wconf 91' lang='lat' dir='ltr'><strong>premisso</strong></span> <span class='ocrx_word' id='word_1_126' title='bbox 1550 2291 1696 2354; x_wconf 87' lang='lat' dir='ltr'><strong>existeret</strong></span> 
     </span>
     <span class='ocr_line' id='line_1_17' title="bbox 433 2396 1693 2481; baseline -0.003 -20"><span class='ocrx_word' id='word_1_127' title='bbox 433 2399 619 2462; x_wconf 85' lang='lat' dir='ltr'><strong>Anthonius</strong></span> <span class='ocrx_word' id='word_1_128' title='bbox 642 2411 746 2462; x_wconf 85' lang='lat' dir='ltr'><strong>textor</strong></span> <span class='ocrx_word' id='word_1_129' title='bbox 777 2410 973 2481; x_wconf 87' lang='lat' dir='ltr'><strong>prenotatus,</strong></span> <span class='ocrx_word' id='word_1_130' title='bbox 1005 2411 1036 2460; x_wconf 91' lang='lat' dir='ltr'><strong>et</strong></span> <span class='ocrx_word' id='word_1_131' title='bbox 1067 2397 1134 2481; x_wconf 90' lang='lat' dir='ltr'><strong>ipsa</strong></span> <span class='ocrx_word' id='word_1_132' title='bbox 1159 2397 1314 2460; x_wconf 84' lang='lat' dir='ltr'><strong>medietas</strong></span> <span class='ocrx_word' id='word_1_133' title='bbox 1345 2397 1429 2459; x_wconf 92' lang='lat' dir='ltr'><strong>dicte</strong></span> <span class='ocrx_word' id='word_1_134' title='bbox 1452 2397 1582 2475; x_wconf 89' lang='lat' dir='ltr'><strong>domus,</strong></span> <span class='ocrx_word' id='word_1_135' title='bbox 1606 2396 1693 2458; x_wconf 84' lang='lat' dir='ltr'><strong>fundi</strong></span> 
     </span>
     <span class='ocr_line' id='line_1_18' title="bbox 433 2502 1694 2569; baseline -0.002 -1"><span class='ocrx_word' id='word_1_136' title='bbox 433 2519 465 2569; x_wconf 92' lang='lat' dir='ltr'><strong>et</strong></span> <span class='ocrx_word' id='word_1_137' title='bbox 499 2504 723 2568; x_wconf 89' lang='lat' dir='ltr'><strong>hedificiorum</strong></span> <span class='ocrx_word' id='word_1_138' title='bbox 759 2505 791 2566; x_wconf 91' lang='lat' dir='ltr'><strong>in</strong></span> <span class='ocrx_word' id='word_1_139' title='bbox 824 2503 1064 2566; x_wconf 89' lang='lat' dir='ltr'><strong>desolacionem</strong></span> <span class='ocrx_word' id='word_1_140' title='bbox 1098 2502 1321 2566; x_wconf 88' lang='lat' dir='ltr'><strong>omnimodam</strong></span> <span class='ocrx_word' id='word_1_141' title='bbox 1352 2503 1486 2566; x_wconf 91' lang='lat' dir='ltr'><strong>deventa</strong></span> <span class='ocrx_word' id='word_1_142' title='bbox 1523 2503 1626 2565; x_wconf 87' lang='lat' dir='ltr'><strong>extitit</strong></span> <span class='ocrx_word' id='word_1_143' title='bbox 1660 2523 1694 2565; x_wconf 82' lang='lat' dir='ltr'><strong>ex</strong></span> 
     </span>
     <span class='ocr_line' id='line_1_19' title="bbox 432 2608 1693 2692; baseline -0.004 -19"><span class='ocrx_word' id='word_1_144' title='bbox 432 2625 550 2690; x_wconf 90' lang='lat' dir='ltr'><strong>acerto,</strong></span> <span class='ocrx_word' id='word_1_145' title='bbox 575 2624 606 2673; x_wconf 93' lang='lat' dir='ltr'><strong>et</strong></span> <span class='ocrx_word' id='word_1_146' title='bbox 629 2611 717 2692; x_wconf 91' lang='lat' dir='ltr'><strong>quod</strong></span> <span class='ocrx_word' id='word_1_147' title='bbox 743 2610 810 2692; x_wconf 89' lang='lat' dir='ltr'><strong>ipsa</strong></span> <span class='ocrx_word' id='word_1_148' title='bbox 834 2609 949 2671; x_wconf 90' lang='lat' dir='ltr'><strong>Vrsula</strong></span> <span class='ocrx_word' id='word_1_149' title='bbox 974 2609 1005 2670; x_wconf 91' lang='lat' dir='ltr'><strong>in</strong></span> <span class='ocrx_word' id='word_1_150' title='bbox 1032 2608 1115 2672; x_wconf 83' lang='lat' dir='ltr'><strong>iacto</strong></span> <span class='ocrx_word' id='word_1_151' title='bbox 1139 2609 1222 2672; x_wconf 91' lang='lat' dir='ltr'><strong>dicte</strong></span> <span class='ocrx_word' id='word_1_152' title='bbox 1254 2609 1435 2672; x_wconf 84' lang='lat' dir='ltr'><strong>medietatis</strong></span> <span class='ocrx_word' id='word_1_153' title='bbox 1456 2609 1557 2692; x_wconf 90' lang='lat' dir='ltr'><strong>ipsius</strong></span> <span class='ocrx_word' id='word_1_154' title='bbox 1582 2609 1693 2672; x_wconf 89' lang='lat' dir='ltr'><strong>domus</strong></span> 
     </span>
     <span class='ocr_line' id='line_1_20' title="bbox 435 2714 1690 2798; baseline -0.002 -20"><span class='ocrx_word' id='word_1_155' title='bbox 435 2717 530 2780; x_wconf 85' lang='lat' dir='ltr'><strong>unica</strong></span> <span class='ocrx_word' id='word_1_156' title='bbox 555 2716 646 2780; x_wconf 91' lang='lat' dir='ltr'><strong>heres</strong></span> <span class='ocrx_word' id='word_1_157' title='bbox 669 2728 700 2778; x_wconf 89' lang='lat' dir='ltr'><strong>et</strong></span> <span class='ocrx_word' id='word_1_158' title='bbox 724 2727 883 2798; x_wconf 89' lang='lat' dir='ltr'><strong>superstes</strong></span> <span class='ocrx_word' id='word_1_159' title='bbox 907 2714 1006 2797; x_wconf 89' lang='lat' dir='ltr'><strong>ipsius</strong></span> <span class='ocrx_word' id='word_1_160' title='bbox 1030 2714 1186 2777; x_wconf 82' lang='lat' dir='ltr'><strong>Anthonii</strong></span> <span class='ocrx_word' id='word_1_161' title='bbox 1218 2715 1315 2798; x_wconf 93' lang='lat' dir='ltr'><strong>patris</strong></span> <span class='ocrx_word' id='word_1_162' title='bbox 1335 2715 1383 2776; x_wconf 90' lang='lat' dir='ltr'><strong>sui</strong></span> <span class='ocrx_word' id='word_1_163' title='bbox 1415 2715 1530 2793; x_wconf 89' lang='lat' dir='ltr'><strong>extitit,</strong></span> <span class='ocrx_word' id='word_1_164' title='bbox 1555 2714 1690 2796; x_wconf 92' lang='lat' dir='ltr'><strong>ideoque</strong></span> 
     </span>
     <span class='ocr_line' id='line_1_21' title="bbox 434 2819 1691 2906; baseline -0.002 -22"><span class='ocrx_word' id='word_1_165' title='bbox 434 2843 493 2885; x_wconf 90' lang='lat' dir='ltr'><strong>nos</strong></span> <span class='ocrx_word' id='word_1_166' title='bbox 512 2822 687 2906; x_wconf 88' lang='lat' dir='ltr'><strong>predictam</strong></span> <span class='ocrx_word' id='word_1_167' title='bbox 705 2821 910 2884; x_wconf 88' lang='lat' dir='ltr'><strong>medietatem</strong></span> <span class='ocrx_word' id='word_1_168' title='bbox 929 2821 1028 2904; x_wconf 89' lang='lat' dir='ltr'><strong>ipsius</strong></span> <span class='ocrx_word' id='word_1_169' title='bbox 1044 2821 1171 2902; x_wconf 89' lang='lat' dir='ltr'><strong>domus,</strong></span> <span class='ocrx_word' id='word_1_170' title='bbox 1188 2819 1279 2882; x_wconf 83' lang='lat' dir='ltr'><strong>fundi</strong></span> <span class='ocrx_word' id='word_1_171' title='bbox 1296 2833 1328 2883; x_wconf 89' lang='lat' dir='ltr'><strong>et</strong></span> <span class='ocrx_word' id='word_1_172' title='bbox 1344 2819 1579 2900; x_wconf 86' lang='lat' dir='ltr'><strong>hedificiorum,</strong></span> <span class='ocrx_word' id='word_1_173' title='bbox 1598 2838 1691 2882; x_wconf 91' lang='lat' dir='ltr'><strong>unam</strong></span> 
     </span>
     <span class='ocr_line' id='line_1_22' title="bbox 433 2927 1689 3012; baseline -0.002 -22"><span class='ocrx_word' id='word_1_174' title='bbox 433 2943 467 2990; x_wconf 93' lang='lat' dir='ltr'><strong>ut</strong></span> <span class='ocrx_word' id='word_1_175' title='bbox 492 2928 666 3012; x_wconf 88' lang='lat' dir='ltr'><strong>predicitur</strong></span> <span class='ocrx_word' id='word_1_176' title='bbox 689 2941 836 3011; x_wconf 88' lang='lat' dir='ltr'><strong>quartam</strong></span> <span class='ocrx_word' id='word_1_177' title='bbox 853 2928 939 2990; x_wconf 91' lang='lat' dir='ltr'><strong>curie</strong></span> <span class='ocrx_word' id='word_1_178' title='bbox 955 2928 988 2990; x_wconf 92' lang='lat' dir='ltr'><strong>in</strong></span> <span class='ocrx_word' id='word_1_179' title='bbox 1005 2947 1038 2989; x_wconf 91' lang='lat' dir='ltr'><strong>se</strong></span> <span class='ocrx_word' id='word_1_180' title='bbox 1055 2928 1285 3008; x_wconf 87' lang='lat' dir='ltr'><strong>continentem,</strong></span> <span class='ocrx_word' id='word_1_181' title='bbox 1301 2947 1374 2990; x_wconf 93' lang='lat' dir='ltr'><strong>cum</strong></span> <span class='ocrx_word' id='word_1_182' title='bbox 1387 2928 1452 2990; x_wconf 91' lang='lat' dir='ltr'><strong>suis</strong></span> <span class='ocrx_word' id='word_1_183' title='bbox 1468 2929 1591 2990; x_wconf 89' lang='lat' dir='ltr'><strong>cunctis</strong></span> <span class='ocrx_word' id='word_1_184' title='bbox 1607 2927 1689 2989; x_wconf 88' lang='lat' dir='ltr'><strong>utili·</strong></span> 
     </span>
     <span class='ocr_line' id='line_1_23' title="bbox 431 3033 1687 3118; baseline -0.005 -19"><span class='ocrx_word' id='word_1_185' title='bbox 431 3037 550 3100; x_wconf 87' lang='lat' dir='ltr'><strong>tatibus</strong></span> <span class='ocrx_word' id='word_1_186' title='bbox 573 3049 605 3100; x_wconf 94' lang='lat' dir='ltr'><strong>et</strong></span> <span class='ocrx_word' id='word_1_187' title='bbox 628 3035 834 3118; x_wconf 88' lang='lat' dir='ltr'><strong>pertinenciis</strong></span> <span class='ocrx_word' id='word_1_188' title='bbox 859 3035 1024 3114; x_wconf 88' lang='lat' dir='ltr'><strong>universis,</strong></span> <span class='ocrx_word' id='word_1_189' title='bbox 1041 3035 1181 3116; x_wconf 91' lang='lat' dir='ltr'><strong>predicte</strong></span> <span class='ocrx_word' id='word_1_190' title='bbox 1198 3034 1313 3096; x_wconf 87' lang='lat' dir='ltr'><strong>Vrsule</strong></span> <span class='ocrx_word' id='word_1_191' title='bbox 1336 3033 1402 3097; x_wconf 83' lang='lat' dir='ltr'><strong>filie</strong></span> <span class='ocrx_word' id='word_1_192' title='bbox 1420 3034 1520 3116; x_wconf 89' lang='lat' dir='ltr'><strong>ipsius</strong></span> <span class='ocrx_word' id='word_1_193' title='bbox 1537 3033 1687 3098; x_wconf 88' lang='lat' dir='ltr'><strong>Anthonii</strong></span> 
     </span>
     <span class='ocr_line' id='line_1_24' title="bbox 431 3138 1686 3226; baseline -0.005 -20"><span class='ocrx_word' id='word_1_194' title='bbox 431 3159 584 3226; x_wconf 89' lang='lat' dir='ltr'><strong>tanquam</strong></span> <span class='ocrx_word' id='word_1_195' title='bbox 609 3142 719 3206; x_wconf 91' lang='lat' dir='ltr'><strong>heredi</strong></span> <span class='ocrx_word' id='word_1_196' title='bbox 745 3155 776 3204; x_wconf 92' lang='lat' dir='ltr'><strong>et</strong></span> <span class='ocrx_word' id='word_1_197' title='bbox 799 3141 960 3224; x_wconf 86' lang='lat' dir='ltr'><strong>superstiti</strong></span> <span class='ocrx_word' id='word_1_198' title='bbox 983 3138 1097 3222; x_wconf 85' lang='lat' dir='ltr'><strong>prefati</strong></span> <span class='ocrx_word' id='word_1_199' title='bbox 1118 3140 1275 3203; x_wconf 91' lang='lat' dir='ltr'><strong>Anthonii</strong></span> <span class='ocrx_word' id='word_1_200' title='bbox 1303 3140 1435 3202; x_wconf 86' lang='lat' dir='ltr'><strong>textoris</strong></span> <span class='ocrx_word' id='word_1_201' title='bbox 1456 3153 1491 3202; x_wconf 95' lang='lat' dir='ltr'><strong>ut</strong></span> <span class='ocrx_word' id='word_1_202' title='bbox 1514 3159 1597 3202; x_wconf 91' lang='lat' dir='ltr'><strong>nove</strong></span> <span class='ocrx_word' id='word_1_203' title='bbox 1615 3159 1686 3202; x_wconf 91' lang='lat' dir='ltr'><strong>con·</strong></span> 
     </span>
     <span class='ocr_line' id='line_1_25' title="bbox 432 3245 1688 3332; baseline -0.005 -20"><span class='ocrx_word' id='word_1_204' title='bbox 432 3251 493 3312; x_wconf 91' lang='lat' dir='ltr'><strong>civi</strong></span> <span class='ocrx_word' id='word_1_205' title='bbox 517 3263 625 3312; x_wconf 91' lang='lat' dir='ltr'><strong>nostre</strong></span> <span class='ocrx_word' id='word_1_206' title='bbox 649 3269 685 3312; x_wconf 89' lang='lat' dir='ltr'><strong>ac</strong></span> <span class='ocrx_word' id='word_1_207' title='bbox 709 3269 765 3332; x_wconf 90' lang='lat' dir='ltr'><strong>per</strong></span> <span class='ocrx_word' id='word_1_208' title='bbox 789 3267 860 3310; x_wconf 87' lang='lat' dir='ltr'><strong>eam</strong></span> <span class='ocrx_word' id='word_1_209' title='bbox 884 3248 949 3308; x_wconf 91' lang='lat' dir='ltr'><strong>suis</strong></span> <span class='ocrx_word' id='word_1_210' title='bbox 973 3245 1145 3310; x_wconf 81' lang='lat' dir='ltr'><strong>heredibus</strong></span> <span class='ocrx_word' id='word_1_211' title='bbox 1168 3247 1338 3309; x_wconf 88' lang='lat' dir='ltr'><strong>statuimus</strong></span> <span class='ocrx_word' id='word_1_212' title='bbox 1362 3259 1393 3308; x_wconf 87' lang='lat' dir='ltr'><strong>et</strong></span> <span class='ocrx_word' id='word_1_213' title='bbox 1417 3246 1636 3308; x_wconf 86' lang='lat' dir='ltr'><strong>commisimus</strong></span> <span class='ocrx_word' id='word_1_214' title='bbox 1653 3264 1688 3306; x_wconf 85' lang='lat' dir='ltr'><strong>ex</strong></span> 
     </span>
     <span class='ocr_line' id='line_1_26' title="bbox 431 3351 1688 3438; baseline -0.006 -20"><span class='ocrx_word' id='word_1_215' title='bbox 431 3356 596 3438; x_wconf 89' lang='lat' dir='ltr'><strong>premissis</strong></span> <span class='ocrx_word' id='word_1_216' title='bbox 619 3355 687 3438; x_wconf 90' lang='lat' dir='ltr'><strong>jure</strong></span> <span class='ocrx_word' id='word_1_217' title='bbox 718 3368 875 3438; x_wconf 90' lang='lat' dir='ltr'><strong>perpetuo</strong></span> <span class='ocrx_word' id='word_1_218' title='bbox 906 3352 1133 3436; x_wconf 85' lang='lat' dir='ltr'><strong>possidendam</strong></span> <span class='ocrx_word' id='word_1_219' title='bbox 1159 3366 1190 3416; x_wconf 93' lang='lat' dir='ltr'><strong>et</strong></span> <span class='ocrx_word' id='word_1_220' title='bbox 1222 3352 1533 3436; x_wconf 89' lang='lat' dir='ltr'><strong>quomodocumque</strong></span> <span class='ocrx_word' id='word_1_221' title='bbox 1557 3351 1688 3414; x_wconf 85' lang='lat' dir='ltr'><strong>voluerit</strong></span> 
     </span>
     <span class='ocr_line' id='line_1_27' title="bbox 431 3461 678 3546; baseline -0.004 -21"><span class='ocrx_word' id='word_1_222' title='bbox 431 3461 678 3546; x_wconf 87' lang='lat' dir='ltr'><strong>disponendam.</strong></span> 
     </span>
    </p>

    <p class='ocr_par' dir='ltr' id='par_1_6' title="bbox 430 3564 1685 4500">
     <span class='ocr_line' id='line_1_28' title="bbox 536 3564 1683 3650; baseline -0.005 -20"><span class='ocrx_word' id='word_1_223' title='bbox 536 3569 615 3632; x_wconf 87' lang='lat' dir='ltr'><strong>Item</strong></span> <span class='ocrx_word' id='word_1_224' title='bbox 639 3567 714 3650; x_wconf 85' lang='lat' dir='ltr'><strong>quis</strong></span> <span class='ocrx_word' id='word_1_225' title='bbox 738 3567 929 3629; x_wconf 88' lang='lat' dir='ltr'><strong>Valentinus</strong></span> <span class='ocrx_word' id='word_1_226' title='bbox 959 3579 1060 3629; x_wconf 89' lang='lat' dir='ltr'><strong>sartor</strong></span> <span class='ocrx_word' id='word_1_227' title='bbox 1090 3566 1174 3630; x_wconf 89' lang='lat' dir='ltr'><strong>filius</strong></span> <span class='ocrx_word' id='word_1_228' title='bbox 1198 3565 1364 3629; x_wconf 88' lang='lat' dir='ltr'><strong>Benedicti</strong></span> <span class='ocrx_word' id='word_1_229' title='bbox 1397 3565 1438 3628; x_wconf 91' lang='lat' dir='ltr'><strong>de</strong></span> <span class='ocrx_word' id='word_1_230' title='bbox 1462 3565 1620 3627; x_wconf 86' lang='lat' dir='ltr'><strong>Dobrawa</strong></span> <span class='ocrx_word' id='word_1_231' title='bbox 1653 3564 1683 3625; x_wconf 91' lang='lat' dir='ltr'><strong>in</strong></span> 
     </span>
     <span class='ocr_line' id='line_1_29' title="bbox 431 3669 1684 3754; baseline -0.005 -19"><span class='ocrx_word' id='word_1_232' title='bbox 431 3673 518 3737; x_wconf 85' lang='lat' dir='ltr'><strong>facto</strong></span> <span class='ocrx_word' id='word_1_233' title='bbox 544 3673 711 3738; x_wconf 89' lang='lat' dir='ltr'><strong>cuiusdam</strong></span> <span class='ocrx_word' id='word_1_234' title='bbox 744 3673 895 3735; x_wconf 82' lang='lat' dir='ltr'><strong>furticinii</strong></span> <span class='ocrx_word' id='word_1_235' title='bbox 928 3673 959 3734; x_wconf 91' lang='lat' dir='ltr'><strong>in</strong></span> <span class='ocrx_word' id='word_1_236' title='bbox 992 3691 1058 3754; x_wconf 93' lang='lat' dir='ltr'><strong>quo</strong></span> <span class='ocrx_word' id='word_1_237' title='bbox 1090 3672 1195 3734; x_wconf 89' lang='lat' dir='ltr'><strong>eidem</strong></span> <span class='ocrx_word' id='word_1_238' title='bbox 1226 3671 1441 3754; x_wconf 85' lang='lat' dir='ltr'><strong>juramentum</strong></span> <span class='ocrx_word' id='word_1_239' title='bbox 1474 3669 1684 3752; x_wconf 83' lang='lat' dir='ltr'><strong>adjudicatum</strong></span> 
     </span>
     <span class='ocr_line' id='line_1_30' title="bbox 430 3777 1684 3864; baseline -0.002 -24"><span class='ocrx_word' id='word_1_240' title='bbox 430 3778 543 3859; x_wconf 84' lang='lat' dir='ltr'><strong>fuerat,</strong></span> <span class='ocrx_word' id='word_1_241' title='bbox 568 3781 675 3864; x_wconf 88' lang='lat' dir='ltr'><strong>ipsum</strong></span> <span class='ocrx_word' id='word_1_242' title='bbox 699 3779 913 3861; x_wconf 87' lang='lat' dir='ltr'><strong>juramentum</strong></span> <span class='ocrx_word' id='word_1_243' title='bbox 938 3798 1003 3840; x_wconf 92' lang='lat' dir='ltr'><strong>non</strong></span> <span class='ocrx_word' id='word_1_244' title='bbox 1019 3778 1156 3861; x_wconf 89' lang='lat' dir='ltr'><strong>prestitit</strong></span> <span class='ocrx_word' id='word_1_245' title='bbox 1178 3797 1237 3840; x_wconf 91' lang='lat' dir='ltr'><strong>nec</strong></span> <span class='ocrx_word' id='word_1_246' title='bbox 1261 3777 1411 3861; x_wconf 89' lang='lat' dir='ltr'><strong>deposuit</strong></span> <span class='ocrx_word' id='word_1_247' title='bbox 1435 3789 1546 3840; x_wconf 88' lang='lat' dir='ltr'><strong>contra</strong></span> <span class='ocrx_word' id='word_1_248' title='bbox 1569 3789 1684 3859; x_wconf 87' lang='lat' dir='ltr'><strong>partem</strong></span> 
     </span>
     <span class='ocr_line' id='line_1_31' title="bbox 430 3881 1685 3969; baseline -0.006 -21"><span class='ocrx_word' id='word_1_249' title='bbox 430 3886 599 3950; x_wconf 86' lang='lat' dir='ltr'><strong>adversam</strong></span> <span class='ocrx_word' id='word_1_250' title='bbox 624 3898 719 3969; x_wconf 93' lang='lat' dir='ltr'><strong>prout</strong></span> <span class='ocrx_word' id='word_1_251' title='bbox 743 3885 904 3967; x_wconf 88' lang='lat' dir='ltr'><strong>deponere</strong></span> <span class='ocrx_word' id='word_1_252' title='bbox 929 3898 960 3948; x_wconf 91' lang='lat' dir='ltr'><strong>et</strong></span> <span class='ocrx_word' id='word_1_253' title='bbox 982 3897 1123 3968; x_wconf 89' lang='lat' dir='ltr'><strong>prestare</strong></span> <span class='ocrx_word' id='word_1_254' title='bbox 1151 3884 1316 3962; x_wconf 88' lang='lat' dir='ltr'><strong>debuerat,</strong></span> <span class='ocrx_word' id='word_1_255' title='bbox 1339 3883 1395 3946; x_wconf 90' lang='lat' dir='ltr'><strong>sed</strong></span> <span class='ocrx_word' id='word_1_256' title='bbox 1418 3903 1452 3946; x_wconf 93' lang='lat' dir='ltr'><strong>se</strong></span> <span class='ocrx_word' id='word_1_257' title='bbox 1477 3903 1495 3945; x_wconf 93' lang='lat' dir='ltr'><strong>a</strong></span> <span class='ocrx_word' id='word_1_258' title='bbox 1520 3882 1597 3946; x_wconf 79' lang='lat' dir='ltr'><strong>facie</strong></span> <span class='ocrx_word' id='word_1_259' title='bbox 1613 3881 1685 3962; x_wconf 87' lang='lat' dir='ltr'><strong>juris</strong></span> 
     </span>
     <span class='ocr_line' id='line_1_32' title="bbox 430 3989 1684 4075; baseline -0.004 -21"><span class='ocrx_word' id='word_1_260' title='bbox 430 4007 461 4057; x_wconf 90' lang='lat' dir='ltr'><strong>et</strong></span> <span class='ocrx_word' id='word_1_261' title='bbox 485 3992 608 4075; x_wconf 90' lang='lat' dir='ltr'><strong>justicie</strong></span> <span class='ocrx_word' id='word_1_262' title='bbox 633 3993 820 4072; x_wconf 86' lang='lat' dir='ltr'><strong>absentavit,</strong></span> <span class='ocrx_word' id='word_1_263' title='bbox 845 3992 984 4074; x_wconf 91' lang='lat' dir='ltr'><strong>ideoque</strong></span> <span class='ocrx_word' id='word_1_264' title='bbox 1015 3991 1167 4054; x_wconf 90' lang='lat' dir='ltr'><strong>remansit</strong></span> <span class='ocrx_word' id='word_1_265' title='bbox 1198 3992 1231 4054; x_wconf 91' lang='lat' dir='ltr'><strong>in</strong></span> <span class='ocrx_word' id='word_1_266' title='bbox 1259 3992 1329 4074; x_wconf 93' lang='lat' dir='ltr'><strong>ipso</strong></span> <span class='ocrx_word' id='word_1_267' title='bbox 1362 3989 1449 4054; x_wconf 85' lang='lat' dir='ltr'><strong>furtu</strong></span> <span class='ocrx_word' id='word_1_268' title='bbox 1473 4005 1504 4053; x_wconf 91' lang='lat' dir='ltr'><strong>et</strong></span> <span class='ocrx_word' id='word_1_269' title='bbox 1528 3989 1684 4053; x_wconf 87' lang='lat' dir='ltr'><strong>convictus</strong></span> 
     </span>
     <span class='ocr_line' id='line_1_33' title="bbox 431 4095 1683 4182; baseline -0.005 -22"><span class='ocrx_word' id='word_1_270' title='bbox 431 4112 477 4160; x_wconf 87' lang='lat' dir='ltr'><strong>est</strong></span> <span class='ocrx_word' id='word_1_271' title='bbox 501 4100 589 4160; x_wconf 91' lang='lat' dir='ltr'><strong>solus</strong></span> <span class='ocrx_word' id='word_1_272' title='bbox 612 4111 766 4180; x_wconf 83' lang='lat' dir='ltr'><strong>tanquam</strong></span> <span class='ocrx_word' id='word_1_273' title='bbox 791 4117 862 4160; x_wconf 92' lang='lat' dir='ltr'><strong>reus</strong></span> <span class='ocrx_word' id='word_1_274' title='bbox 886 4111 917 4161; x_wconf 90' lang='lat' dir='ltr'><strong>et</strong></span> <span class='ocrx_word' id='word_1_275' title='bbox 940 4098 1109 4182; x_wconf 92' lang='lat' dir='ltr'><strong>culpabilis</strong></span> <span class='ocrx_word' id='word_1_276' title='bbox 1133 4111 1164 4160; x_wconf 93' lang='lat' dir='ltr'><strong>et</strong></span> <span class='ocrx_word' id='word_1_277' title='bbox 1180 4095 1230 4159; x_wconf 83' lang='lat' dir='ltr'><strong>fur</strong></span> <span class='ocrx_word' id='word_1_278' title='bbox 1247 4095 1453 4174; x_wconf 86' lang='lat' dir='ltr'><strong>manifestus;</strong></span> <span class='ocrx_word' id='word_1_279' title='bbox 1479 4111 1510 4159; x_wconf 92' lang='lat' dir='ltr'><strong>et</strong></span> <span class='ocrx_word' id='word_1_280' title='bbox 1533 4096 1558 4157; x_wconf 89' lang='lat' dir='ltr'><strong>si</strong></span> <span class='ocrx_word' id='word_1_281' title='bbox 1582 4095 1620 4156; x_wconf 88' lang='lat' dir='ltr'><strong>de</strong></span> <span class='ocrx_word' id='word_1_282' title='bbox 1635 4113 1683 4154; x_wconf 91' lang='lat' dir='ltr'><strong>ce·</strong></span> 
     </span>
     <span class='ocr_line' id='line_1_34' title="bbox 430 4198 1682 4288; baseline -0.006 -22"><span class='ocrx_word' id='word_1_283' title='bbox 430 4219 498 4266; x_wconf 92' lang='lat' dir='ltr'><strong>tero</strong></span> <span class='ocrx_word' id='word_1_284' title='bbox 523 4218 554 4266; x_wconf 87' lang='lat' dir='ltr'><strong>et</strong></span> <span class='ocrx_word' id='word_1_285' title='bbox 577 4225 633 4286; x_wconf 92' lang='lat' dir='ltr'><strong>per</strong></span> <span class='ocrx_word' id='word_1_286' title='bbox 657 4205 796 4288; x_wconf 90' lang='lat' dir='ltr'><strong>amplius</strong></span> <span class='ocrx_word' id='word_1_287' title='bbox 814 4204 846 4265; x_wconf 91' lang='lat' dir='ltr'><strong>in</strong></span> <span class='ocrx_word' id='word_1_288' title='bbox 871 4204 998 4266; x_wconf 86' lang='lat' dir='ltr'><strong>civitate</strong></span> <span class='ocrx_word' id='word_1_289' title='bbox 1014 4224 1070 4268; x_wconf 91' lang='lat' dir='ltr'><strong>seu</strong></span> <span class='ocrx_word' id='word_1_290' title='bbox 1087 4204 1156 4266; x_wconf 89' lang='lat' dir='ltr'><strong>eius</strong></span> <span class='ocrx_word' id='word_1_291' title='bbox 1175 4204 1336 4266; x_wconf 89' lang='lat' dir='ltr'><strong>territorio</strong></span> <span class='ocrx_word' id='word_1_292' title='bbox 1353 4201 1569 4286; x_wconf 90' lang='lat' dir='ltr'><strong>deprehensus</strong></span> <span class='ocrx_word' id='word_1_293' title='bbox 1585 4198 1682 4276; x_wconf 84' lang='lat' dir='ltr'><strong>fuerit,</strong></span> 
     </span>
     <span class='ocr_line' id='line_1_35' title="bbox 430 4309 1682 4394; baseline -0.006 -21"><span class='ocrx_word' id='word_1_294' title='bbox 430 4324 544 4374; x_wconf 88' lang='lat' dir='ltr'><strong>extunc</strong></span> <span class='ocrx_word' id='word_1_295' title='bbox 569 4311 654 4392; x_wconf 88' lang='lat' dir='ltr'><strong>juxta</strong></span> <span class='ocrx_word' id='word_1_296' title='bbox 679 4331 735 4372; x_wconf 87' lang='lat' dir='ltr'><strong>sua</strong></span> <span class='ocrx_word' id='word_1_297' title='bbox 759 4310 914 4372; x_wconf 86' lang='lat' dir='ltr'><strong>demerita</strong></span> <span class='ocrx_word' id='word_1_298' title='bbox 938 4330 1054 4394; x_wconf 89' lang='lat' dir='ltr'><strong>penam</strong></span> <span class='ocrx_word' id='word_1_299' title='bbox 1077 4311 1227 4394; x_wconf 89' lang='lat' dir='ltr'><strong>supplicii</strong></span> <span class='ocrx_word' id='word_1_300' title='bbox 1260 4329 1356 4392; x_wconf 86' lang='lat' dir='ltr'><strong>quam</strong></span> <span class='ocrx_word' id='word_1_301' title='bbox 1391 4309 1584 4372; x_wconf 89' lang='lat' dir='ltr'><strong>demeruerit</strong></span> <span class='ocrx_word' id='word_1_302' title='bbox 1613 4325 1682 4368; x_wconf 89' lang='lat' dir='ltr'><strong>con·</strong></span> 
     </span>
     <span class='ocr_line' id='line_1_36' title="bbox 430 4415 792 4500; baseline -0.006 -20"><span class='ocrx_word' id='word_1_303' title='bbox 430 4431 579 4500; x_wconf 90' lang='lat' dir='ltr'><strong>sequetur</strong></span> <span class='ocrx_word' id='word_1_304' title='bbox 604 4418 673 4500; x_wconf 90' lang='lat' dir='ltr'><strong>ipso</strong></span> <span class='ocrx_word' id='word_1_305' title='bbox 699 4415 792 4478; x_wconf 88' lang='lat' dir='ltr'><strong>facto.</strong></span> 
     </span>
    </p>

    <p class='ocr_par' dir='ltr' id='par_1_7' title="bbox 431 4517 1678 5032">
     <span class='ocr_line' id='line_1_37' title="bbox 536 4517 1678 4605; baseline -0.005 -21"><span class='ocrx_word' id='word_1_306' title='bbox 536 4525 615 4586; x_wconf 89' lang='lat' dir='ltr'><strong>item</strong></span> <span class='ocrx_word' id='word_1_307' title='bbox 639 4524 714 4605; x_wconf 84' lang='lat' dir='ltr'><strong>quia</strong></span> <span class='ocrx_word' id='word_1_308' title='bbox 740 4523 896 4586; x_wconf 90' lang='lat' dir='ltr'><strong>Martinus</strong></span> <span class='ocrx_word' id='word_1_309' title='bbox 919 4523 1022 4584; x_wconf 91' lang='lat' dir='ltr'><strong>cultor</strong></span> <span class='ocrx_word' id='word_1_310' title='bbox 1047 4535 1077 4586; x_wconf 90' lang='lat' dir='ltr'><strong>et</strong></span> <span class='ocrx_word' id='word_1_311' title='bbox 1110 4522 1233 4585; x_wconf 88' lang='lat' dir='ltr'><strong>Blasius</strong></span> <span class='ocrx_word' id='word_1_312' title='bbox 1262 4537 1363 4584; x_wconf 91' lang='lat' dir='ltr'><strong>sartor</strong></span> <span class='ocrx_word' id='word_1_313' title='bbox 1386 4522 1580 4584; x_wconf 90' lang='lat' dir='ltr'><strong>habitatores</strong></span> <span class='ocrx_word' id='word_1_314' title='bbox 1602 4517 1678 4580; x_wconf 89' lang='lat' dir='ltr'><strong>dicte</strong></span> 
     </span>
     <span class='ocr_line' id='line_1_38' title="bbox 431 4623 1677 4710; baseline -0.007 -17"><span class='ocrx_word' id='word_1_315' title='bbox 431 4632 564 4694; x_wconf 90' lang='lat' dir='ltr'><strong>civitatis</strong></span> <span class='ocrx_word' id='word_1_316' title='bbox 589 4631 621 4692; x_wconf 91' lang='lat' dir='ltr'><strong>id</strong></span> <span class='ocrx_word' id='word_1_317' title='bbox 646 4650 718 4692; x_wconf 92' lang='lat' dir='ltr'><strong>cum</strong></span> <span class='ocrx_word' id='word_1_318' title='bbox 744 4628 915 4691; x_wconf 80' lang='lat' dir='ltr'><strong>sufficienti</strong></span> <span class='ocrx_word' id='word_1_319' title='bbox 938 4643 968 4690; x_wconf 94' lang='lat' dir='ltr'><strong>et</strong></span> <span class='ocrx_word' id='word_1_320' title='bbox 991 4627 1157 4710; x_wconf 83' lang='lat' dir='ltr'><strong>fidedigno</strong></span> <span class='ocrx_word' id='word_1_321' title='bbox 1186 4643 1370 4692; x_wconf 88' lang='lat' dir='ltr'><strong>nostrorum</strong></span> <span class='ocrx_word' id='word_1_322' title='bbox 1395 4628 1578 4690; x_wconf 89' lang='lat' dir='ltr'><strong>concivium</strong></span> <span class='ocrx_word' id='word_1_323' title='bbox 1599 4623 1677 4687; x_wconf 89' lang='lat' dir='ltr'><strong>testi·</strong></span> 
     </span>
     <span class='ocr_line' id='line_1_39' title="bbox 431 4730 1677 4817; baseline -0.007 -19"><span class='ocrx_word' id='word_1_324' title='bbox 431 4738 541 4798; x_wconf 90' lang='lat' dir='ltr'><strong>monio</strong></span> <span class='ocrx_word' id='word_1_325' title='bbox 566 4738 598 4798; x_wconf 92' lang='lat' dir='ltr'><strong>in</strong></span> <span class='ocrx_word' id='word_1_326' title='bbox 624 4738 699 4797; x_wconf 88' lang='lat' dir='ltr'><strong>sedo</strong></span> <span class='ocrx_word' id='word_1_327' title='bbox 723 4747 830 4797; x_wconf 86' lang='lat' dir='ltr'><strong>nostra</strong></span> <span class='ocrx_word' id='word_1_328' title='bbox 859 4735 1024 4816; x_wconf 78' lang='lat' dir='ltr'><strong>judiciaria</strong></span> <span class='ocrx_word' id='word_1_329' title='bbox 1058 4734 1140 4798; x_wconf 91' lang='lat' dir='ltr'><strong>clare</strong></span> <span class='ocrx_word' id='word_1_330' title='bbox 1172 4736 1423 4817; x_wconf 87' lang='lat' dir='ltr'><strong>comprobarunt</strong></span> <span class='ocrx_word' id='word_1_331' title='bbox 1456 4753 1563 4797; x_wconf 90' lang='lat' dir='ltr'><strong>coram</strong></span> <span class='ocrx_word' id='word_1_332' title='bbox 1586 4730 1677 4806; x_wconf 92' lang='lat' dir='ltr'><strong>nobis,</strong></span> 
     </span>
     <span class='ocr_line' id='line_1_40' title="bbox 432 4839 1676 4924; baseline -0.007 -20"><span class='ocrx_word' id='word_1_333' title='bbox 432 4855 465 4904; x_wconf 90' lang='lat' dir='ltr'><strong>ut</strong></span> <span class='ocrx_word' id='word_1_334' title='bbox 491 4843 629 4924; x_wconf 87' lang='lat' dir='ltr'><strong>quedam</strong></span> <span class='ocrx_word' id='word_1_335' title='bbox 654 4843 748 4904; x_wconf 89' lang='lat' dir='ltr'><strong>vinea</strong></span> <span class='ocrx_word' id='word_1_336' title='bbox 774 4842 805 4903; x_wconf 91' lang='lat' dir='ltr'><strong>in</strong></span> <span class='ocrx_word' id='word_1_337' title='bbox 830 4841 989 4904; x_wconf 92' lang='lat' dir='ltr'><strong>territorio</strong></span> <span class='ocrx_word' id='word_1_338' title='bbox 1022 4841 1158 4904; x_wconf 87' lang='lat' dir='ltr'><strong>civitatis</strong></span> <span class='ocrx_word' id='word_1_339' title='bbox 1181 4841 1323 4924; x_wconf 89' lang='lat' dir='ltr'><strong>predicte</strong></span> <span class='ocrx_word' id='word_1_340' title='bbox 1356 4840 1463 4903; x_wconf 88' lang='lat' dir='ltr'><strong>habita</strong></span> <span class='ocrx_word' id='word_1_341' title='bbox 1488 4853 1519 4903; x_wconf 93' lang='lat' dir='ltr'><strong>et</strong></span> <span class='ocrx_word' id='word_1_342' title='bbox 1543 4839 1676 4913; x_wconf 86' lang='lat' dir='ltr'><strong>existens,</strong></span> 
     </span>
     <span class='ocr_line' id='line_1_41' title="bbox 431 4941 1676 5032; baseline -0.006 -23"><span class='ocrx_word' id='word_1_343' title='bbox 431 4968 493 5031; x_wconf 92' lang='lat' dir='ltr'><strong>que</strong></span> <span class='ocrx_word' id='word_1_344' title='bbox 518 4951 654 5012; x_wconf 85' lang='lat' dir='ltr'><strong>condam</strong></span> <span class='ocrx_word' id='word_1_345' title='bbox 680 4951 752 5031; x_wconf 91' lang='lat' dir='ltr'><strong>lsup</strong></span> <span class='ocrx_word' id='word_1_346' title='bbox 786 4963 816 5012; x_wconf 93' lang='lat' dir='ltr'><strong>et</strong></span> <span class='ocrx_word' id='word_1_347' title='bbox 850 4949 988 5032; x_wconf 86' lang='lat' dir='ltr'><strong>Philippi</strong></span> <span class='ocrx_word' id='word_1_348' title='bbox 1020 4947 1190 5032; x_wconf 85' lang='lat' dir='ltr'><strong>prefuerat,</strong></span> <span class='ocrx_word' id='word_1_349' title='bbox 1222 4968 1278 5032; x_wconf 92' lang='lat' dir='ltr'><strong>per</strong></span> <span class='ocrx_word' id='word_1_350' title='bbox 1303 4947 1433 5010; x_wconf 90' lang='lat' dir='ltr'><strong>eosdem</strong></span> <span class='ocrx_word' id='word_1_351' title='bbox 1467 4947 1539 5029; x_wconf 89' lang='lat' dir='ltr'><strong>lsup</strong></span> <span class='ocrx_word' id='word_1_352' title='bbox 1563 4941 1676 5006; x_wconf 85' lang='lat' dir='ltr'><strong>etPhi·</strong></span> 
     </span>
    </p>
   </div>
   <div class='ocr_carea' id='block_1_3' title="bbox 1819 1073 1821 1476">
    <p class='ocr_par' dir='ltr' id='par_1_8' title="bbox 1819 1073 1821 1476">
     <span class='ocr_line' id='line_1_42' title="bbox 1820 1073 1821 1114; baseline 0 0"><span class='ocrx_word' id='word_1_353' title='bbox 1820 1073 1821 1114; x_wconf 80' lang='lat' dir='ltr'><strong>i</strong></span> 
     </span>
     <span class='ocr_line' id='line_1_43' title="bbox 1819 1363 1821 1390; baseline 0 0"><span class='ocrx_word' id='word_1_354' title='bbox 1819 1363 1821 1390; x_wconf 71' lang='lat' dir='ltr'><strong>o</strong></span> 
     </span>
     <span class='ocr_line' id='line_1_44' title="bbox 1819 1395 1821 1476; baseline 0 0"><span class='ocrx_word' id='word_1_355' title='bbox 1819 1395 1821 1476; x_wconf 92' lang='grc' dir='ltr'>Ι</span> 
     </span>
    </p>
   </div>
   <div class='ocr_carea' id='block_1_4' title="bbox 0 0 1844 5800">
    <p class='ocr_par' dir='ltr' id='par_1_9' title="bbox 0 0 1844 5800">
     <span class='ocr_line' id='line_1_45' title="bbox 0 0 1844 5800; baseline 0 0"><span class='ocrx_word' id='word_1_356' title='bbox 0 0 1844 5800; x_wconf 95' lang='lat' dir='ltr'><strong> </strong></span> 
     </span>
    </p>
   </div>
  </div>
 </body>
</html>
