3876 5798
648 583 736 644 Anno
760 600 851 664 1443.
878 620 917 630 -
942 597 991 663 27.
1015 590 1141 662 augusti.
1462 605 1522 667 395

262 795 378 875 gineis,
403 797 458 878 qui
483 817 516 858 se
541 797 579 858 de
604 798 744 859 sessione
770 798 868 879 ipsius
886 797 1014 881 Mathye
1033 799 1055 859 F
1060 800 1150 860 arkas
1177 799 1216 860 ad
1234 801 1409 862 sessionem
1427 800 1526 882 ipsius

263 901 428 964 Benedicti
453 904 740 982 transsessionavit,
773 905 925 966 Nicolaus
957 904 1116 966 aurifaber
1147 921 1177 967 et
1203 907 1347 966 Marinus
1371 907 1466 986 judex
1491 928 1526 969 ac

264 1007 454 1070 Valentinus
478 1009 599 1090 juratus
615 1011 722 1072 senior
738 1031 796 1092 pro
814 1009 917 1072 fienda
939 1031 1017 1093 pace
1034 1012 1115 1073 inter
1139 1031 1194 1072 eos
1210 1031 1311 1094 usque
1329 1013 1368 1073 ad
1386 1015 1524 1095 primurn

263 1114 418 1194 judicium
443 1118 588 1198 proxime
613 1137 781 1180 occurrens
806 1137 843 1178 ex
864 1117 996 1179 licencia
1021 1129 1052 1179 et
1068 1117 1261 1179 admissione
1287 1117 1402 1198 judicis
1426 1119 1525 1180 nostri

265 1220 411 1282 moderni
436 1238 658 1304 prorogarunt.

371 1327 449 1390 ltem
475 1327 583 1410 Gurga
608 1349 664 1391 seu
696 1328 856 1410 Georgius
883 1329 1013 1390 sellator
1044 1343 1152 1389 contra
1177 1328 1308 1390 Gallum
1333 1329 1525 1412 freniparem

264 1433 368 1514 primo
394 1434 508 1496 citatus
535 1455 599 1496 non
625 1437 814 1517 comparuit.

369 1539 447 1602 ltem
472 1561 598 1603 causam
624 1542 705 1602 inter
730 1541 929 1603 Anthonium
947 1541 1125 1603 carnificem
1159 1541 1259 1603 filium
1283 1541 1446 1620 lobannis,
1472 1542 1526 1602 de·

266 1665 393 1725 canum,
418 1661 449 1708 et
474 1648 633 1710 Marinum
659 1649 797 1730 judicem
819 1649 971 1708 comitem
996 1649 1198 1728 modernum,
1223 1649 1315 1709 sicin
1342 1653 1424 1710 facto
1442 1668 1526 1709 mac-

264 1750 336 1812 celli
363 1753 531 1815 cuiusdam
556 1755 599 1816 sic
624 1754 897 1835 adjudicaverunt,
931 1767 966 1814 ut
989 1756 1064 1835 quia
1090 1755 1156 1836 ipse
1181 1755 1364 1816 Anthonius
1388 1755 1528 1816 decanus

264 1871 295 1918 et
319 1858 463 1939 capitalis
488 1861 638 1941 magister
662 1862 744 1923 inter
776 1857 938 1921 carnifices
969 1875 999 1920 er
1028 1879 1153 1941 semper
1184 1861 1330 1942 quolibet
1355 1879 1440 1922 anno
1472 1879 1528 1942 per

263 1983 296 2024 se
321 1965 471 2028 convenit
494 1987 511 2027 a
536 1969 653 2029 comite
678 1967 879 2044 maccellum‚
912 1966 985 2026 ideo
1018 1966 1085 2048 ipse
1110 1986 1175 2028 non
1207 1968 1312 2049 potuit
1336 1987 1408 2028 cum
1434 1965 1527 2027 fratre

263 2089 321 2131 suo
347 2071 475 2155 Mathya
501 2073 560 2135 hoc
584 2094 670 2157 anno
687 2074 876 2135 maccellum
894 2087 1002 2134 tenere
1025 2073 1057 2133 in
1075 2074 1226 2135 societate
1252 2093 1309 2134 nec
1335 2073 1396 2134 sibi
1423 2073 1527 2155 potuit

263 2178 380 2238 servire
405 2179 459 2239 sed
485 2199 541 2262 per
565 2200 596 2241 se
629 2180 725 2242 debet
756 2179 927 2241 convenire
951 2178 1013 2240 hoc
1037 2198 1123 2240 anno
1154 2180 1344 2241 maccellum
1368 2199 1385 2240 a
1410 2179 1527 2240 comite

264 2284 390 2346 Marino
415 2287 609 2368 supradicto.

372 2392 448 2453 ltem
475 2392 588 2456 Gallus
619 2393 749 2474 jobagio
782 2391 913 2454 fratrum
946 2394 1044 2455 sancti
1070 2393 1228 2454 Francisci
1261 2393 1341 2454 circa
1371 2391 1526 2474 capellam

266 2497 356 2558 beate
382 2499 514 2578 virginis
532 2499 687 2577 habitans,
713 2519 785 2560 cum
804 2519 902 2560 uxore
928 2513 958 2560 et
982 2499 1130 2581 privigno
1154 2500 1218 2560 suis
1235 2499 1440 2578 singulariter
1457 2499 1526 2578 qui-

264 2603 345 2665 libet
369 2624 481 2666 eorum
506 2619 620 2667 octavo
645 2606 696 2666 die
721 2605 882 2667 tenebitur
906 2604 1009 2684 jurare
1030 2625 1125 2686 super
1149 2625 1199 2684 eo,
1224 2620 1257 2666 ut
1282 2605 1340 2687 ipsi
1366 2623 1525 2686 pavonem

265 2710 431 2773 benedicti
455 2710 512 2773 filii
539 2711 675 2795 Gywani
701 2731 765 2773 non
791 2709 1027 2774 interfecerunt.

374 2817 452 2879 ltem
487 2817 580 2899 jurati
619 2817 882 2898 adjudicaverunt
917 2837 1044 2878 causam
1077 2817 1242 2878 cuiusdam
1275 2817 1366 2878 bovis
1398 2815 1527 2898 Mathye

265 2923 370 3004 jurati,
394 2925 503 3006 generi
536 2925 694 2987 Rakarich
718 2925 824 2987 taliter
855 2939 885 2986 et
914 2943 952 2986 eo
986 2923 1095 3001 mod0‚
1120 2936 1155 2984 ut
1179 2923 1253 3004 quia
1287 2923 1354 3004 ipse
1379 2921 1525 3004 Mathyas

265 3029 510 3114 (comprobavit)
527 3030 730 3110 sufficienter,
756 3031 843 3112 quod
861 3031 928 3112 ipse
950 3033 1048 3091 boves
1064 3049 1139 3091 suos
1159 3028 1323 3090 anthonio
1348 3027 1414 3090 filio
1432 3029 1526 3090 Eme·

265 3137 320 3198 rici
345 3151 480 3199 terrussa
498 3137 679 3199 accordavit
704 3183 711 3198 .
737 3183 744 3198 .
768 3157 869 3218 usque
894 3137 934 3197 ad
952 3149 1072 3197 certum
1097 3151 1223 3217 tempus
1247 3135 1286 3196 ad
1312 3133 1523 3196 laborandum

264 3257 294 3306 et
396 3263 496 3306 unum
522 3243 710 3306 eorumdem
736 3245 834 3304 bourn
860 3244 890 3304 in
917 3255 1071 3324 potestate
1098 3258 1127 3304 et
1152 3292 1158 3304 .
1185 3288 1192 3304 .
1218 3288 1225 3302 .
1252 3242 1349 3322 ipsius
1367 3240 1521 3302 Anthonii

265 3351 382 3412 occidit
406 3365 438 3413 et
462 3349 619 3412 interfecit
644 3399 650 3412 .
677 3399 683 3414 .
710 3400 716 3413 .
750 3351 816 3431 ipse
843 3349 988 3430 lvfathyas
1011 3348 1131 3430 juratus
1156 3394 1164 3410 .
1189 3399 1196 3411 .
1222 3395 1229 3410 .
1263 3349 1391 3430 propria
1415 3347 1520 3408 suain

265 3476 401 3539 persona
427 3455 503 3518 feria
529 3459 625 3519 tercia
649 3458 793 3538 proxime
817 3455 953 3517 affutura
978 3454 1080 3534 jurare
1112 3455 1272 3516 tenebitur
1296 3474 1390 3535 super
1414 3453 1521 3535 precio

265 3564 362 3646 ipsius
393 3563 485 3624 bovis
509 3579 539 3625 et
562 3584 657 3645 super
674 3577 971 3646 quantumcumque
996 3561 1146 3642 juraverit
1162 3575 1286 3622 tantum
1308 3561 1373 3642 ipse
1400 3560 1522 3622 Antho-

263 3669 335 3730 nius
351 3669 410 3730 sibi
435 3689 493 3751 pro
518 3671 599 3730 bove
624 3670 746 3730 solvere
771 3669 941 3732 tenebitur.

370 3775 447 3836 ltem
472 3773 565 3855 jurati
583 3775 846 3856 adjudicaverunt
870 3795 996 3836 causam
1022 3776 1105 3838 Petri
1131 3776 1247 3837 sutoris
1271 3789 1302 3837 et
1325 3773 1459 3836 Fabiani
1477 3793 1526 3834 su-

263 3881 340 3941 toris
364 3901 402 3942 eo
420 3881 532 3960 modo,
558 3895 591 3943 ut
615 3883 681 3963 ipse
701 3883 809 3942 Petrus
832 3882 974 3942 secundo
995 3902 1028 3942 se
1047 3882 1191 3963 personis
1215 3901 1314 3963 penes
1339 3880 1527 3942 effusionem

264 3987 431 4066 sanguinis
455 4001 564 4050 contra
597 3988 759 4049 Andream
792 4001 823 4049 et
854 3987 989 4048 Paulum
1029 3986 1202 4069 frenipares
1234 3988 1335 4068 jurare
1368 3987 1529 4048 tenebitur

266 4112 362 4174 super
387 4113 437 4172 eo,
463 4109 496 4155 ut
520 4095 579 4177 ipsi
605 4094 768 4175 sanguinis
785 4093 973 4155 effusionem
999 4109 1029 4154 et
1050 4094 1312 4156 vulneracionem
1335 4112 1430 4174 super
1455 4112 1527 4153 eum

264 4212 535 4281 perpetraverunt.

369 4305 447 4366 Item
473 4306 628 4368 Martinus
645 4307 778 4369 servitor
803 4307 957 4368 Johannis
975 4305 1120 4388 pellificis
1145 4305 1221 4366 dicti
1240 4304 1365 4388 Cygan,
1383 4303 1526 4364 secundo

264 4432 296 4473 se
321 4412 466 4493 perso'nis
489 4413 549 4473 sibi
574 4413 734 4474 similibus
757 4433 855 4495 penes
880 4412 1069 4474 effusionem
1094 4411 1259 4494 sanguinis
1283 4431 1339 4494 per
1364 4409 1527 4491 adjudica-

264 4518 391 4579 cionem
415 4517 590 4599 juratorum
615 4519 710 4581 debet
742 4519 846 4601 jurare
878 4531 992 4579 octavo
1018 4519 1069 4579 die
1102 4539 1197 4601 super
1221 4539 1260 4580 eo
1285 4533 1394 4579 contra
1427 4516 1527 4578 Geor-

263 4624 353 4706 gium
385 4624 571 4685 servitorem
604 4625 763 4686 Francisci
797 4623 965 4706 freniparis
996 4645 1090 4706 super
1121 4645 1171 4703 co,
1207 4641 1240 4687 ut
1272 4625 1337 4707 ipse
1369 4623 1528 4704 Georgius

264 4730 444 4791 vulneravit
476 4731 655 4811 predictum
687 4733 872 4792 servitorem
904 4730 1004 4811 ipsius
1036 4730 1190 4791 lobannis
1226 4731 1371 4812 pellificis
1403 4745 1434 4792 et
1457 4751 1528 4790 san-

263 4836 371 4916 guinis
396 4835 585 4898 effusionem
610 4858 705 4920 super
737 4851 831 4919 caput
856 4837 954 4918 ipsius
986 4837 1190 4918 perpetravit,
1223 4851 1253 4898 et
1277 4837 1352 4897 dum
1378 4837 1528 4918 juraverit

264 4957 339 5003 tunc
365 4943 431 5023 ipse
458 4941 617 5025 Georgius
642 4945 745 5006 eidem
772 4945 910 5005 Martino
943 4942 1027 5016 iuxta
1061 4943 1263 5024 privilegium
1290 4943 1528 5003 communitatis

264 5046 445 5110 satisfacere
470 5051 630 5112 tenebitur
656 5050 777 5124 iusticia
804 5063 1005 5132 exposcente.
