<?xml version="1.0" encoding="UTF-8"?>
<!DOCTYPE html PUBLIC "-//W3C//DTD XHTML 1.0 Transitional//EN"
    "http://www.w3.org/TR/xhtml1/DTD/xhtml1-transitional.dtd">
<html xmlns="http://www.w3.org/1999/xhtml" xml:lang="en" lang="en">
 <head>
  <title>
</title>
<meta http-equiv="Content-Type" content="text/html;charset=utf-8" />
  <meta name='ocr-system' content='tesseract 3.04.00' />
  <meta name='ocr-capabilities' content='ocr_page ocr_carea ocr_par ocr_line ocrx_word'/>
</head>
<body>
  <div class='ocr_page' id='page_1' title='image "./monumentahistor14laszgoog_0421.png"; bbox 0 0 3876 5798; ppageno 0'>
   <div class='ocr_carea' id='block_1_1' title="bbox 0 495 2 1106">
    <p class='ocr_par' dir='ltr' id='par_1_1' title="bbox 0 495 2 1106">
     <span class='ocr_line' id='line_1_1' title="bbox 0 495 2 1106; baseline 0 0"><span class='ocrx_word' id='word_1_1' title='bbox 0 495 2 1106; x_wconf 95' lang='lat' dir='ltr'> </span> 
     </span>
    </p>
   </div>
   <div class='ocr_carea' id='block_1_2' title="bbox 0 495 2 1312">
    <p class='ocr_par' dir='ltr' id='par_1_2' title="bbox 0 495 2 1312">
     <span class='ocr_line' id='line_1_2' title="bbox 0 495 2 1312; baseline 0 0"><span class='ocrx_word' id='word_1_2' title='bbox 0 495 2 1312; x_wconf 95' lang='lat' dir='ltr'> </span> 
     </span>
    </p>
   </div>
   <div class='ocr_carea' id='block_1_3' title="bbox 299 585 1558 983">
    <p class='ocr_par' dir='ltr' id='par_1_3' title="bbox 299 585 1558 983">
     <span class='ocr_line' id='line_1_3' title="bbox 660 585 1556 670; baseline 0.003 -27"><span class='ocrx_word' id='word_1_3' title='bbox 660 585 861 663; x_wconf 79' lang='lat' dir='ltr'><em>Anno1442.</em></span> <span class='ocrx_word' id='word_1_4' title='bbox 888 619 927 628; x_wconf 96' lang='lat'>—</span> <span class='ocrx_word' id='word_1_5' title='bbox 953 599 1000 662; x_wconf 82' lang='lat'>17.</span> <span class='ocrx_word' id='word_1_6' title='bbox 1025 587 1195 647; x_wconf 81' lang='lat' dir='ltr'><em>novembris.</em></span> <span class='ocrx_word' id='word_1_7' title='bbox 1496 609 1556 670; x_wconf 86' lang='lat'>373</span> 
     </span>
     <span class='ocr_line' id='line_1_4' title="bbox 401 792 1558 878; baseline 0.004 -23"><span class='ocrx_word' id='word_1_8' title='bbox 401 794 480 856; x_wconf 85' lang='lat' dir='ltr'>Item</span> <span class='ocrx_word' id='word_1_9' title='bbox 512 792 696 856; x_wconf 89' lang='lat' dir='ltr'>Anthonius</span> <span class='ocrx_word' id='word_1_10' title='bbox 728 795 1002 878; x_wconf 84' lang='lat' dir='ltr'>Janchechewych</span> <span class='ocrx_word' id='word_1_11' title='bbox 1036 809 1145 858; x_wconf 88' lang='lat' dir='ltr'>contra</span> <span class='ocrx_word' id='word_1_12' title='bbox 1179 797 1321 859; x_wconf 87' lang='lat' dir='ltr'>Blasium</span> <span class='ocrx_word' id='word_1_13' title='bbox 1353 797 1455 859; x_wconf 91' lang='lat' dir='ltr'>filium</span> <span class='ocrx_word' id='word_1_14' title='bbox 1480 798 1558 860; x_wconf 91' lang='lat' dir='ltr'>Wlk</span> 
     </span>
     <span class='ocr_line' id='line_1_5' title="bbox 299 899 845 983; baseline 0.004 -23"><span class='ocrx_word' id='word_1_15' title='bbox 299 899 406 982; x_wconf 87' lang='lat' dir='ltr'>primo</span> <span class='ocrx_word' id='word_1_16' title='bbox 429 900 544 962; x_wconf 90' lang='lat' dir='ltr'>citatus</span> <span class='ocrx_word' id='word_1_17' title='bbox 566 918 632 962; x_wconf 90' lang='lat' dir='ltr'>non</span> <span class='ocrx_word' id='word_1_18' title='bbox 655 901 845 983; x_wconf 82' lang='lat' dir='ltr'><strong>comparuit.</strong></span> 
     </span>
    </p>
   </div>
   <div class='ocr_carea' id='block_1_4' title="bbox 291 1022 1558 1213">
    <p class='ocr_par' dir='ltr' id='par_1_4' title="bbox 291 1022 1558 1213">
     <span class='ocr_line' id='line_1_6' title="bbox 400 1022 1558 1109; baseline 0.004 -25"><span class='ocrx_word' id='word_1_19' title='bbox 400 1022 478 1086; x_wconf 91' lang='lat' dir='ltr'>Item</span> <span class='ocrx_word' id='word_1_20' title='bbox 496 1022 672 1105; x_wconf 78' lang='lat' dir='ltr'>Gregorius</span> <span class='ocrx_word' id='word_1_21' title='bbox 695 1023 780 1086; x_wconf 89' lang='lat' dir='ltr'>filius</span> <span class='ocrx_word' id='word_1_22' title='bbox 800 1025 937 1109; x_wconf 86' lang='lat' dir='ltr'>lagycze</span> <span class='ocrx_word' id='word_1_23' title='bbox 953 1038 1063 1088; x_wconf 89' lang='lat' dir='ltr'>contra</span> <span class='ocrx_word' id='word_1_24' title='bbox 1087 1027 1254 1109; x_wconf 86' lang='lat' dir='ltr'>Mathyam</span> <span class='ocrx_word' id='word_1_25' title='bbox 1272 1047 1427 1109; x_wconf 79' lang='lat' dir='ltr'>generum</span> <span class='ocrx_word' id='word_1_26' title='bbox 1451 1028 1558 1089; x_wconf 87' lang='lat' dir='ltr'>Trun-</span> 
     </span>
     <span class='ocr_line' id='line_1_7' title="bbox 291 1127 953 1213; baseline 0.008 -24"><span class='ocrx_word' id='word_1_27' title='bbox 291 1127 378 1190; x_wconf 89' lang='lat' dir='ltr'>thich</span> <span class='ocrx_word' id='word_1_28' title='bbox 401 1129 509 1211; x_wconf 92' lang='lat' dir='ltr'>primo</span> <span class='ocrx_word' id='word_1_29' title='bbox 533 1128 647 1191; x_wconf 86' lang='lat' dir='ltr'>citatus</span> <span class='ocrx_word' id='word_1_30' title='bbox 671 1149 737 1192; x_wconf 91' lang='lat' dir='ltr'>non</span> <span class='ocrx_word' id='word_1_31' title='bbox 762 1132 953 1213; x_wconf 83' lang='lat' dir='ltr'>comparuit.</span> 
     </span>
    </p>
   </div>
   <div class='ocr_carea' id='block_1_5' title="bbox 294 1250 1558 1741">
    <p class='ocr_par' dir='ltr' id='par_1_5' title="bbox 294 1250 1558 1741">
     <span class='ocr_line' id='line_1_8' title="bbox 397 1250 1557 1340; baseline 0.005 -28"><span class='ocrx_word' id='word_1_32' title='bbox 397 1250 475 1312; x_wconf 89' lang='lat' dir='ltr'>Item</span> <span class='ocrx_word' id='word_1_33' title='bbox 493 1251 632 1314; x_wconf 87' lang='lat' dir='ltr'>lacobus</span> <span class='ocrx_word' id='word_1_34' title='bbox 648 1251 770 1334; x_wconf 90' lang='lat' dir='ltr'>juratus</span> <span class='ocrx_word' id='word_1_35' title='bbox 787 1252 871 1315; x_wconf 89' lang='lat' dir='ltr'>filius</span> <span class='ocrx_word' id='word_1_36' title='bbox 888 1254 971 1316; x_wconf 88' lang='lat' dir='ltr'>Petri</span> <span class='ocrx_word' id='word_1_37' title='bbox 987 1254 1110 1338; x_wconf 78' lang='lat' dir='ltr'>Saphar</span> <span class='ocrx_word' id='word_1_38' title='bbox 1124 1269 1234 1318; x_wconf 88' lang='lat' dir='ltr'>contra</span> <span class='ocrx_word' id='word_1_39' title='bbox 1252 1255 1417 1340; x_wconf 89' lang='lat' dir='ltr'>Mathyam</span> <span class='ocrx_word' id='word_1_40' title='bbox 1434 1256 1557 1318; x_wconf 88' lang='lat' dir='ltr'>dictum</span> 
     </span>
     <span class='ocr_line' id='line_1_9' title="bbox 297 1357 1557 1443; baseline 0.006 -25"><span class='ocrx_word' id='word_1_41' title='bbox 297 1357 466 1420; x_wconf 81' lang='lat' dir='ltr'>Ztalcorich</span> <span class='ocrx_word' id='word_1_42' title='bbox 495 1359 529 1420; x_wconf 93' lang='lat' dir='ltr'>in</span> <span class='ocrx_word' id='word_1_43' title='bbox 562 1357 647 1422; x_wconf 90' lang='lat' dir='ltr'>facto</span> <span class='ocrx_word' id='word_1_44' title='bbox 679 1360 894 1441; x_wconf 90' lang='lat' dir='ltr'>quorumdam</span> <span class='ocrx_word' id='word_1_45' title='bbox 925 1381 1097 1443; x_wconf 92' lang='lat' dir='ltr'>porcorum</span> <span class='ocrx_word' id='word_1_46' title='bbox 1126 1364 1362 1426; x_wconf 91' lang='lat' dir='ltr'>subtractorum</span> <span class='ocrx_word' id='word_1_47' title='bbox 1395 1376 1425 1425; x_wconf 92' lang='lat' dir='ltr'>et</span> <span class='ocrx_word' id='word_1_48' title='bbox 1449 1378 1557 1426; x_wconf 90' lang='lat' dir='ltr'>contra</span> 
     </span>
     <span class='ocr_line' id='line_1_10' title="bbox 295 1461 1557 1550; baseline 0.005 -26"><span class='ocrx_word' id='word_1_49' title='bbox 295 1461 376 1524; x_wconf 85' lang='lat' dir='ltr'>alios</span> <span class='ocrx_word' id='word_1_50' title='bbox 400 1477 524 1527; x_wconf 88' lang='lat' dir='ltr'>actores</span> <span class='ocrx_word' id='word_1_51' title='bbox 552 1484 627 1526; x_wconf 88' lang='lat' dir='ltr'>suos</span> <span class='ocrx_word' id='word_1_52' title='bbox 658 1465 763 1548; x_wconf 90' lang='lat' dir='ltr'>primo</span> <span class='ocrx_word' id='word_1_53' title='bbox 795 1467 827 1529; x_wconf 91' lang='lat' dir='ltr'>in</span> <span class='ocrx_word' id='word_1_54' title='bbox 852 1465 923 1528; x_wconf 91' lang='lat' dir='ltr'>foro</span> <span class='ocrx_word' id='word_1_55' title='bbox 954 1467 1083 1549; x_wconf 91' lang='lat' dir='ltr'>publice</span> <span class='ocrx_word' id='word_1_56' title='bbox 1115 1469 1329 1550; x_wconf 85' lang='lat' dir='ltr'>proclamatus</span> <span class='ocrx_word' id='word_1_57' title='bbox 1360 1482 1501 1532; x_wconf 89' lang='lat' dir='ltr'>nostram</span> <span class='ocrx_word' id='word_1_58' title='bbox 1526 1470 1557 1531; x_wconf 89' lang='lat' dir='ltr'>io</span> 
     </span>
     <span class='ocr_line' id='line_1_11' title="bbox 294 1569 1558 1658; baseline 0.007 -29"><span class='ocrx_word' id='word_1_59' title='bbox 294 1569 494 1650; x_wconf 82' lang='lat' dir='ltr'>presenciam</span> <span class='ocrx_word' id='word_1_60' title='bbox 519 1589 584 1633; x_wconf 90' lang='lat' dir='ltr'>nou</span> <span class='ocrx_word' id='word_1_61' title='bbox 616 1571 703 1634; x_wconf 90' lang='lat' dir='ltr'>venit</span> <span class='ocrx_word' id='word_1_62' title='bbox 735 1591 793 1634; x_wconf 90' lang='lat' dir='ltr'>nec</span> <span class='ocrx_word' id='word_1_63' title='bbox 825 1591 936 1656; x_wconf 87' lang='lat' dir='ltr'>parere</span> <span class='ocrx_word' id='word_1_64' title='bbox 960 1573 1084 1655; x_wconf 87' lang='lat' dir='ltr'>justicie</span> <span class='ocrx_word' id='word_1_65' title='bbox 1115 1573 1228 1654; x_wconf 90' lang='lat' dir='ltr'>voluit,</span> <span class='ocrx_word' id='word_1_66' title='bbox 1252 1593 1312 1637; x_wconf 90' lang='lat' dir='ltr'>nec</span> <span class='ocrx_word' id='word_1_67' title='bbox 1335 1574 1476 1656; x_wconf 87' lang='lat' dir='ltr'>aliquem</span> <span class='ocrx_word' id='word_1_68' title='bbox 1500 1595 1558 1658; x_wconf 89' lang='lat' dir='ltr'>pro</span> 
     </span>
     <span class='ocr_line' id='line_1_12' title="bbox 295 1677 451 1741; baseline 0.026 -4"><span class='ocrx_word' id='word_1_69' title='bbox 295 1695 329 1738; x_wconf 90' lang='lat' dir='ltr'>se</span> <span class='ocrx_word' id='word_1_70' title='bbox 353 1677 451 1741; x_wconf 83' lang='lat' dir='ltr'>misit.</span> 
     </span>
    </p>
   </div>
   <div class='ocr_carea' id='block_1_6' title="bbox 292 1801 1557 3268">
    <p class='ocr_par' dir='ltr' id='par_1_6' title="bbox 292 1801 1557 3268">
     <span class='ocr_line' id='line_1_13' title="bbox 400 1801 1555 1885; baseline 0.003 -22"><span class='ocrx_word' id='word_1_71' title='bbox 400 1801 479 1863; x_wconf 85' lang='lat' dir='ltr'>Item</span> <span class='ocrx_word' id='word_1_72' title='bbox 497 1801 573 1884; x_wconf 86' lang='lat' dir='ltr'>quia</span> <span class='ocrx_word' id='word_1_73' title='bbox 598 1801 711 1864; x_wconf 86' lang='lat' dir='ltr'>Vrsule</span> <span class='ocrx_word' id='word_1_74' title='bbox 728 1801 836 1885; x_wconf 90' lang='lat' dir='ltr'>puella</span> <span class='ocrx_word' id='word_1_75' title='bbox 861 1801 926 1864; x_wconf 89' lang='lat' dir='ltr'>filia</span> <span class='ocrx_word' id='word_1_76' title='bbox 950 1804 1087 1866; x_wconf 88' lang='lat' dir='ltr'>condam</span> <span class='ocrx_word' id='word_1_77' title='bbox 1106 1804 1246 1867; x_wconf 88' lang='lat' dir='ltr'>Ladislai</span> <span class='ocrx_word' id='word_1_78' title='bbox 1263 1801 1416 1866; x_wconf 81' lang='lat' dir='ltr'>aurifabri</span> <span class='ocrx_word' id='word_1_79' title='bbox 1441 1803 1473 1866; x_wconf 93' lang='lat' dir='ltr'>id</span> <span class='ocrx_word' id='word_1_80' title='bbox 1490 1802 1555 1866; x_wconf 89' lang='lat' dir='ltr'>suf-</span> 
     </span>
     <span class='ocr_line' id='line_1_14' title="bbox 296 1907 1557 1992; baseline 0.002 -22"><span class='ocrx_word' id='word_1_81' title='bbox 296 1907 440 1971; x_wconf 87' lang='lat' dir='ltr'>ficienter</span> <span class='ocrx_word' id='word_1_82' title='bbox 470 1927 578 1971; x_wconf 88' lang='lat' dir='ltr'>coram</span> <span class='ocrx_word' id='word_1_83' title='bbox 609 1909 719 1990; x_wconf 86' lang='lat' dir='ltr'>juratis</span> <span class='ocrx_word' id='word_1_84' title='bbox 745 1922 777 1972; x_wconf 91' lang='lat' dir='ltr'>et</span> <span class='ocrx_word' id='word_1_85' title='bbox 807 1911 1037 1974; x_wconf 85' lang='lat' dir='ltr'>communitate</span> <span class='ocrx_word' id='word_1_86' title='bbox 1070 1931 1142 1973; x_wconf 89' lang='lat' dir='ltr'>cum</span> <span class='ocrx_word' id='word_1_87' title='bbox 1174 1910 1338 1992; x_wconf 89' lang='lat' dir='ltr'>fidedigoo</span> <span class='ocrx_word' id='word_1_88' title='bbox 1370 1911 1557 1974; x_wconf 85' lang='lat' dir='ltr'>testimonIo</span> 
     </span>
     <span class='ocr_line' id='line_1_15' title="bbox 293 2015 1556 2101; baseline 0.002 -24"><span class='ocrx_word' id='word_1_89' title='bbox 293 2028 478 2078; x_wconf 89' lang='lat' dir='ltr'>nostrorum</span> <span class='ocrx_word' id='word_1_90' title='bbox 502 2015 684 2078; x_wconf 86' lang='lat' dir='ltr'>concivium</span> <span class='ocrx_word' id='word_1_91' title='bbox 709 2017 941 2099; x_wconf 86' lang='lat' dir='ltr'>comprobavit,</span> <span class='ocrx_word' id='word_1_92' title='bbox 966 2030 1001 2079; x_wconf 94' lang='lat' dir='ltr'>ut</span> <span class='ocrx_word' id='word_1_93' title='bbox 1024 2018 1156 2079; x_wconf 90' lang='lat' dir='ltr'>domina</span> <span class='ocrx_word' id='word_1_94' title='bbox 1180 2022 1310 2101; x_wconf 84' lang='lat' dir='ltr'>Agycza</span> <span class='ocrx_word' id='word_1_95' title='bbox 1334 2016 1400 2079; x_wconf 85' lang='lat' dir='ltr'>filla</span> <span class='ocrx_word' id='word_1_96' title='bbox 1417 2016 1556 2079; x_wconf 88' lang='lat' dir='ltr'>condam</span> 
     </span>
     <span class='ocr_line' id='line_1_16' title="bbox 293 2119 1556 2206; baseline 0 -22"><span class='ocrx_word' id='word_1_97' title='bbox 293 2121 420 2185; x_wconf 92' lang='lat' dir='ltr'>Nicolai</span> <span class='ocrx_word' id='word_1_98' title='bbox 444 2119 609 2201; x_wconf 83' lang='lat' dir='ltr'>aurifabri,</span> <span class='ocrx_word' id='word_1_99' title='bbox 640 2135 807 2185; x_wconf 88' lang='lat' dir='ltr'>matertera</span> <span class='ocrx_word' id='word_1_100' title='bbox 841 2123 939 2205; x_wconf 86' lang='lat' dir='ltr'>ipsius</span> <span class='ocrx_word' id='word_1_101' title='bbox 969 2123 1084 2185; x_wconf 90' lang='lat' dir='ltr'>Vrsule</span> <span class='ocrx_word' id='word_1_102' title='bbox 1114 2124 1234 2206; x_wconf 91' lang='lat' dir='ltr'>puelle,</span> <span class='ocrx_word' id='word_1_103' title='bbox 1267 2123 1398 2186; x_wconf 90' lang='lat' dir='ltr'>totalem</span> <span class='ocrx_word' id='word_1_104' title='bbox 1423 2123 1556 2185; x_wconf 87' lang='lat' dir='ltr'>terciam</span> 
     </span>
     <span class='ocr_line' id='line_1_17' title="bbox 294 2227 1557 2312; baseline 0 -22"><span class='ocrx_word' id='word_1_105' title='bbox 294 2241 416 2311; x_wconf 90' lang='lat' dir='ltr'>partem</span> <span class='ocrx_word' id='word_1_106' title='bbox 431 2247 522 2290; x_wconf 89' lang='lat' dir='ltr'>suam</span> <span class='ocrx_word' id='word_1_107' title='bbox 537 2227 569 2290; x_wconf 93' lang='lat' dir='ltr'>in</span> <span class='ocrx_word' id='word_1_108' title='bbox 583 2229 722 2310; x_wconf 89' lang='lat' dir='ltr'>quadam</span> <span class='ocrx_word' id='word_1_109' title='bbox 737 2229 847 2308; x_wconf 91' lang='lat' dir='ltr'>domo,</span> <span class='ocrx_word' id='word_1_110' title='bbox 865 2227 966 2291; x_wconf 90' lang='lat' dir='ltr'>fundo</span> <span class='ocrx_word' id='word_1_111' title='bbox 985 2243 1016 2291; x_wconf 89' lang='lat' dir='ltr'>et</span> <span class='ocrx_word' id='word_1_112' title='bbox 1028 2229 1185 2292; x_wconf 87' lang='lat' dir='ltr'>hedificiis</span> <span class='ocrx_word' id='word_1_113' title='bbox 1202 2229 1290 2312; x_wconf 88' lang='lat' dir='ltr'>(que)</span> <span class='ocrx_word' id='word_1_114' title='bbox 1303 2230 1403 2312; x_wconf 81' lang='lat' dir='ltr'>ipsIus</span> <span class='ocrx_word' id='word_1_115' title='bbox 1420 2229 1557 2292; x_wconf 91' lang='lat' dir='ltr'>condam</span> 
     </span>
     <span class='ocr_line' id='line_1_18' title="bbox 294 2332 1556 2419; baseline 0.002 -23"><span class='ocrx_word' id='word_1_116' title='bbox 294 2334 421 2396; x_wconf 91' lang='lat' dir='ltr'>Nicolai</span> <span class='ocrx_word' id='word_1_117' title='bbox 446 2332 598 2397; x_wconf 83' lang='lat' dir='ltr'>aurifabri</span> <span class='ocrx_word' id='word_1_118' title='bbox 622 2333 794 2417; x_wconf 87' lang='lat' dir='ltr'>prefuerat,</span> <span class='ocrx_word' id='word_1_119' title='bbox 818 2336 972 2412; x_wconf 87' lang='lat' dir='ltr'>habitam,</span> <span class='ocrx_word' id='word_1_120' title='bbox 1000 2336 1102 2419; x_wconf 87' lang='lat' dir='ltr'>ipsam</span> <span class='ocrx_word' id='word_1_121' title='bbox 1127 2336 1310 2398; x_wconf 90' lang='lat' dir='ltr'>divisionali</span> <span class='ocrx_word' id='word_1_122' title='bbox 1335 2336 1402 2417; x_wconf 78' lang='lat' dir='ltr'>jure</span> <span class='ocrx_word' id='word_1_123' title='bbox 1427 2356 1556 2398; x_wconf 91' lang='lat' dir='ltr'>concer-</span> 
     </span>
     <span class='ocr_line' id='line_1_19' title="bbox 295 2442 1555 2524; baseline -0.002 -20"><span class='ocrx_word' id='word_1_124' title='bbox 295 2455 436 2520; x_wconf 88' lang='lat' dir='ltr'>nentem,</span> <span class='ocrx_word' id='word_1_125' title='bbox 460 2461 525 2502; x_wconf 91' lang='lat' dir='ltr'>non</span> <span class='ocrx_word' id='word_1_126' title='bbox 551 2442 716 2524; x_wconf 89' lang='lat' dir='ltr'>compulsa</span> <span class='ocrx_word' id='word_1_127' title='bbox 741 2461 800 2504; x_wconf 88' lang='lat' dir='ltr'>nec</span> <span class='ocrx_word' id='word_1_128' title='bbox 831 2456 951 2520; x_wconf 88' lang='lat' dir='ltr'>coacta,</span> <span class='ocrx_word' id='word_1_129' title='bbox 981 2443 1036 2504; x_wconf 92' lang='lat' dir='ltr'>sed</span> <span class='ocrx_word' id='word_1_130' title='bbox 1062 2443 1171 2504; x_wconf 89' lang='lat' dir='ltr'>animo</span> <span class='ocrx_word' id='word_1_131' title='bbox 1204 2442 1380 2504; x_wconf 87' lang='lat' dir='ltr'>deliberato</span> <span class='ocrx_word' id='word_1_132' title='bbox 1405 2456 1436 2504; x_wconf 92' lang='lat' dir='ltr'>et</span> <span class='ocrx_word' id='word_1_133' title='bbox 1459 2461 1555 2524; x_wconf 91' lang='lat' dir='ltr'>spon·</span> 
     </span>
     <span class='ocr_line' id='line_1_20' title="bbox 292 2547 1555 2630; baseline 0 -21"><span class='ocrx_word' id='word_1_134' title='bbox 292 2560 385 2610; x_wconf 86' lang='lat' dir='ltr'>tanea</span> <span class='ocrx_word' id='word_1_135' title='bbox 410 2566 466 2609; x_wconf 88' lang='lat' dir='ltr'>sua</span> <span class='ocrx_word' id='word_1_136' title='bbox 491 2547 655 2609; x_wconf 88' lang='lat' dir='ltr'>voluntate</span> <span class='ocrx_word' id='word_1_137' title='bbox 672 2547 748 2610; x_wconf 90' lang='lat' dir='ltr'>dare</span> <span class='ocrx_word' id='word_1_138' title='bbox 765 2549 912 2630; x_wconf 88' lang='lat' dir='ltr'>promisit</span> <span class='ocrx_word' id='word_1_139' title='bbox 935 2548 995 2609; x_wconf 89' lang='lat' dir='ltr'>sibi</span> <span class='ocrx_word' id='word_1_140' title='bbox 1021 2563 1052 2610; x_wconf 93' lang='lat' dir='ltr'>et</span> <span class='ocrx_word' id='word_1_141' title='bbox 1068 2549 1166 2628; x_wconf 90' lang='lat' dir='ltr'>dedit,</span> <span class='ocrx_word' id='word_1_142' title='bbox 1192 2548 1266 2611; x_wconf 89' lang='lat' dir='ltr'>ideo</span> <span class='ocrx_word' id='word_1_143' title='bbox 1284 2549 1350 2630; x_wconf 89' lang='lat' dir='ltr'>ipsa</span> <span class='ocrx_word' id='word_1_144' title='bbox 1367 2549 1464 2610; x_wconf 90' lang='lat' dir='ltr'>tercia</span> <span class='ocrx_word' id='word_1_145' title='bbox 1484 2567 1555 2630; x_wconf 89' lang='lat' dir='ltr'>pars</span> 
     </span>
     <span class='ocr_line' id='line_1_21' title="bbox 297 2651 1556 2737; baseline 0.002 -23"><span class='ocrx_word' id='word_1_146' title='bbox 297 2653 397 2736; x_wconf 90' lang='lat' dir='ltr'>ipsius</span> <span class='ocrx_word' id='word_1_147' title='bbox 421 2653 547 2732; x_wconf 87' lang='lat' dir='ltr'>domus,</span> <span class='ocrx_word' id='word_1_148' title='bbox 583 2651 675 2715; x_wconf 92' lang='lat' dir='ltr'>fundi</span> <span class='ocrx_word' id='word_1_149' title='bbox 700 2667 731 2716; x_wconf 91' lang='lat' dir='ltr'>et</span> <span class='ocrx_word' id='word_1_150' title='bbox 757 2652 980 2716; x_wconf 89' lang='lat' dir='ltr'>hedificiorum</span> <span class='ocrx_word' id='word_1_151' title='bbox 1012 2655 1123 2736; x_wconf 93' lang='lat' dir='ltr'>porcio</span> <span class='ocrx_word' id='word_1_152' title='bbox 1155 2655 1276 2717; x_wconf 90' lang='lat' dir='ltr'>scilicet</span> <span class='ocrx_word' id='word_1_153' title='bbox 1300 2654 1399 2737; x_wconf 89' lang='lat' dir='ltr'>ipsius</span> <span class='ocrx_word' id='word_1_154' title='bbox 1424 2653 1556 2716; x_wconf 89' lang='lat' dir='ltr'>domine</span> 
     </span>
     <span class='ocr_line' id='line_1_22' title="bbox 297 2759 1557 2843; baseline 0 -23"><span class='ocrx_word' id='word_1_155' title='bbox 297 2763 436 2841; x_wconf 77' lang='lat' dir='ltr'>hgycze,</span> <span class='ocrx_word' id='word_1_156' title='bbox 453 2759 595 2841; x_wconf 88' lang='lat' dir='ltr'>predicte</span> <span class='ocrx_word' id='word_1_157' title='bbox 612 2759 725 2822; x_wconf 90' lang='lat' dir='ltr'>Vrsule</span> <span class='ocrx_word' id='word_1_158' title='bbox 743 2759 936 2842; x_wconf 87' lang='lat' dir='ltr'>possidenda</span> <span class='ocrx_word' id='word_1_159' title='bbox 953 2759 1049 2823; x_wconf 88' lang='lat' dir='ltr'>debet</span> <span class='ocrx_word' id='word_1_160' title='bbox 1070 2761 1162 2822; x_wconf 89' lang='lat' dir='ltr'>statui</span> <span class='ocrx_word' id='word_1_161' title='bbox 1181 2773 1336 2843; x_wconf 90' lang='lat' dir='ltr'>perpetuo</span> <span class='ocrx_word' id='word_1_162' title='bbox 1353 2759 1557 2843; x_wconf 86' lang='lat' dir='ltr'>possidenda,</span> 
     </span>
     <span class='ocr_line' id='line_1_23' title="bbox 293 2863 1555 2948; baseline 0 -22"><span class='ocrx_word' id='word_1_163' title='bbox 293 2879 324 2928; x_wconf 90' lang='lat' dir='ltr'>et</span> <span class='ocrx_word' id='word_1_164' title='bbox 351 2865 523 2948; x_wconf 89' lang='lat' dir='ltr'>superinde</span> <span class='ocrx_word' id='word_1_165' title='bbox 546 2865 607 2928; x_wconf 87' lang='lat' dir='ltr'>sibi</span> <span class='ocrx_word' id='word_1_166' title='bbox 643 2866 794 2928; x_wconf 90' lang='lat' dir='ltr'>videlicet</span> <span class='ocrx_word' id='word_1_167' title='bbox 816 2866 931 2928; x_wconf 90' lang='lat' dir='ltr'>Vrsule</span> <span class='ocrx_word' id='word_1_168' title='bbox 963 2866 1071 2948; x_wconf 86' lang='lat' dir='ltr'>puelle</span> <span class='ocrx_word' id='word_1_169' title='bbox 1096 2867 1187 2928; x_wconf 88' lang='lat' dir='ltr'>litera</span> <span class='ocrx_word' id='word_1_170' title='bbox 1211 2865 1419 2947; x_wconf 89' lang='lat' dir='ltr'>privilegialis</span> <span class='ocrx_word' id='word_1_171' title='bbox 1443 2863 1555 2927; x_wconf 87' lang='lat' dir='ltr'>confici</span> 
     </span>
     <span class='ocr_line' id='line_1_24' title="bbox 296 2971 1556 3054; baseline -0.002 -20"><span class='ocrx_word' id='word_1_172' title='bbox 296 2987 327 3034; x_wconf 92' lang='lat' dir='ltr'>et</span> <span class='ocrx_word' id='word_1_173' title='bbox 351 2973 493 3035; x_wconf 91' lang='lat' dir='ltr'>emanari</span> <span class='ocrx_word' id='word_1_174' title='bbox 518 2971 613 3035; x_wconf 89' lang='lat' dir='ltr'>debet</span> <span class='ocrx_word' id='word_1_175' title='bbox 636 2973 677 3035; x_wconf 89' lang='lat' dir='ltr'>de</span> <span class='ocrx_word' id='word_1_176' title='bbox 694 2971 779 3052; x_wconf 85' lang='lat' dir='ltr'>jure;</span> <span class='ocrx_word' id='word_1_177' title='bbox 804 2973 843 3034; x_wconf 91' lang='lat' dir='ltr'>de</span> <span class='ocrx_word' id='word_1_178' title='bbox 868 2991 933 3054; x_wconf 92' lang='lat' dir='ltr'>quo</span> <span class='ocrx_word' id='word_1_179' title='bbox 957 2971 1078 3054; x_wconf 90' lang='lat' dir='ltr'>judicio</span> <span class='ocrx_word' id='word_1_180' title='bbox 1103 2974 1169 3054; x_wconf 89' lang='lat' dir='ltr'>ipsa</span> <span class='ocrx_word' id='word_1_181' title='bbox 1187 2972 1320 3034; x_wconf 88' lang='lat' dir='ltr'>domina</span> <span class='ocrx_word' id='word_1_182' title='bbox 1343 2976 1474 3054; x_wconf 83' lang='lat' dir='ltr'>Agycza</span> <span class='ocrx_word' id='word_1_183' title='bbox 1491 2991 1556 3032; x_wconf 90' lang='lat' dir='ltr'>non</span> 
     </span>
     <span class='ocr_line' id='line_1_25' title="bbox 295 3077 1555 3163; baseline -0.002 -21"><span class='ocrx_word' id='word_1_184' title='bbox 295 3093 445 3142; x_wconf 89' lang='lat' dir='ltr'>contenta</span> <span class='ocrx_word' id='word_1_185' title='bbox 482 3079 657 3163; x_wconf 83' lang='lat' dir='ltr'>appellavit</span> <span class='ocrx_word' id='word_1_186' title='bbox 688 3079 822 3142; x_wconf 87' lang='lat' dir='ltr'>eandem</span> <span class='ocrx_word' id='word_1_187' title='bbox 855 3099 982 3141; x_wconf 86' lang='lat' dir='ltr'>eausam</span> <span class='ocrx_word' id='word_1_188' title='bbox 1008 3091 1039 3141; x_wconf 91' lang='lat' dir='ltr'>et</span> <span class='ocrx_word' id='word_1_189' title='bbox 1071 3077 1347 3159; x_wconf 88' lang='lat' dir='ltr'>adjudicacionem</span> <span class='ocrx_word' id='word_1_190' title='bbox 1379 3077 1555 3158; x_wconf 84' lang='lat' dir='ltr'>juratorum</span> 
     </span>
     <span class='ocr_line' id='line_1_26' title="bbox 293 3183 1414 3268; baseline -0.001 -21"><span class='ocrx_word' id='word_1_191' title='bbox 293 3186 325 3248; x_wconf 90' lang='lat' dir='ltr'>in</span> <span class='ocrx_word' id='word_1_192' title='bbox 350 3185 548 3268; x_wconf 89' lang='lat' dir='ltr'>presenciam</span> <span class='ocrx_word' id='word_1_193' title='bbox 573 3185 735 3248; x_wconf 87' lang='lat' dir='ltr'>seniorum</span> <span class='ocrx_word' id='word_1_194' title='bbox 760 3185 902 3266; x_wconf 88' lang='lat' dir='ltr'>judicum</span> <span class='ocrx_word' id='word_1_195' title='bbox 927 3204 984 3267; x_wconf 91' lang='lat' dir='ltr'>per</span> <span class='ocrx_word' id='word_1_196' title='bbox 1007 3185 1138 3246; x_wconf 87' lang='lat' dir='ltr'>eosdem</span> <span class='ocrx_word' id='word_1_197' title='bbox 1162 3183 1414 3264; x_wconf 88' lang='lat' dir='ltr'>dijudicandam.</span> 
     </span>
    </p>
   </div>
   <div class='ocr_carea' id='block_1_7' title="bbox 293 3306 1556 4012">
    <p class='ocr_par' dir='ltr' id='par_1_7' title="bbox 293 3306 1556 4012">
     <span class='ocr_line' id='line_1_27' title="bbox 401 3306 1553 3392; baseline -0.002 -22"><span class='ocrx_word' id='word_1_198' title='bbox 401 3310 480 3372; x_wconf 89' lang='lat' dir='ltr'>Item</span> <span class='ocrx_word' id='word_1_199' title='bbox 505 3309 580 3392; x_wconf 92' lang='lat' dir='ltr'>quia</span> <span class='ocrx_word' id='word_1_200' title='bbox 604 3310 752 3372; x_wconf 90' lang='lat' dir='ltr'>Vrbanus</span> <span class='ocrx_word' id='word_1_201' title='bbox 775 3323 863 3372; x_wconf 92' lang='lat' dir='ltr'>sutor</span> <span class='ocrx_word' id='word_1_202' title='bbox 880 3309 1033 3391; x_wconf 87' lang='lat' dir='ltr'>gibbosus</span> <span class='ocrx_word' id='word_1_203' title='bbox 1057 3308 1088 3369; x_wconf 94' lang='lat' dir='ltr'>id</span> <span class='ocrx_word' id='word_1_204' title='bbox 1117 3306 1311 3370; x_wconf 87' lang='lat' dir='ltr'>sufficienter</span> <span class='ocrx_word' id='word_1_205' title='bbox 1335 3326 1443 3369; x_wconf 91' lang='lat' dir='ltr'>coram</span> <span class='ocrx_word' id='word_1_206' title='bbox 1460 3307 1553 3369; x_wconf 90' lang='lat' dir='ltr'>nobis</span> 
     </span>
     <span class='ocr_line' id='line_1_28' title="bbox 294 3413 1549 3498; baseline -0.003 -20"><span class='ocrx_word' id='word_1_207' title='bbox 294 3416 326 3478; x_wconf 89' lang='lat' dir='ltr'>in</span> <span class='ocrx_word' id='word_1_208' title='bbox 352 3415 472 3498; x_wconf 82' lang='lat' dir='ltr'>judicio</span> <span class='ocrx_word' id='word_1_209' title='bbox 505 3416 744 3498; x_wconf 87' lang='lat' dir='ltr'>comprobavit,</span> <span class='ocrx_word' id='word_1_210' title='bbox 776 3428 811 3477; x_wconf 89' lang='lat' dir='ltr'>ut</span> <span class='ocrx_word' id='word_1_211' title='bbox 841 3415 946 3497; x_wconf 91' lang='lat' dir='ltr'>ipsum</span> <span class='ocrx_word' id='word_1_212' title='bbox 971 3415 1136 3476; x_wconf 90' lang='lat' dir='ltr'>Vrbanum</span> <span class='ocrx_word' id='word_1_213' title='bbox 1169 3414 1199 3474; x_wconf 84' lang='lat' dir='ltr'>fn</span> <span class='ocrx_word' id='word_1_214' title='bbox 1232 3433 1285 3474; x_wconf 88' lang='lat' dir='ltr'>sex</span> <span class='ocrx_word' id='word_1_215' title='bbox 1316 3413 1422 3496; x_wconf 88' lang='lat' dir='ltr'>pensis</span> <span class='ocrx_word' id='word_1_216' title='bbox 1453 3413 1549 3474; x_wconf 88' lang='lat' dir='ltr'>dena-</span> 
     </span>
     <span class='ocr_line' id='line_1_29' title="bbox 293 3517 1553 3604; baseline -0.004 -19"><span class='ocrx_word' id='word_1_217' title='bbox 293 3523 415 3586; x_wconf 92' lang='lat' dir='ltr'>riorum</span> <span class='ocrx_word' id='word_1_218' title='bbox 437 3522 476 3583; x_wconf 91' lang='lat' dir='ltr'>de</span> <span class='ocrx_word' id='word_1_219' title='bbox 501 3520 695 3603; x_wconf 89' lang='lat' dir='ltr'>quibusdam</span> <span class='ocrx_word' id='word_1_220' title='bbox 720 3521 846 3583; x_wconf 90' lang='lat' dir='ltr'>duobus</span> <span class='ocrx_word' id='word_1_221' title='bbox 870 3519 975 3604; x_wconf 89' lang='lat' dir='ltr'>porcis</span> <span class='ocrx_word' id='word_1_222' title='bbox 991 3519 1145 3582; x_wconf 85' lang='lat' dir='ltr'>Iohannis</span> <span class='ocrx_word' id='word_1_223' title='bbox 1170 3518 1325 3582; x_wconf 89' lang='lat' dir='ltr'>carnificis</span> <span class='ocrx_word' id='word_1_224' title='bbox 1349 3518 1388 3580; x_wconf 91' lang='lat' dir='ltr'>de</span> <span class='ocrx_word' id='word_1_225' title='bbox 1413 3517 1553 3580; x_wconf 91' lang='lat' dir='ltr'>lwanich</span> 
     </span>
     <span class='ocr_line' id='line_1_30' title="bbox 293 3623 1554 3709; baseline -0.004 -18"><span class='ocrx_word' id='word_1_226' title='bbox 293 3628 431 3693; x_wconf 89' lang='lat' dir='ltr'>condam</span> <span class='ocrx_word' id='word_1_227' title='bbox 456 3627 625 3691; x_wconf 87' lang='lat' dir='ltr'>Ladislaus</span> <span class='ocrx_word' id='word_1_228' title='bbox 649 3628 760 3690; x_wconf 91' lang='lat' dir='ltr'>Thoth</span> <span class='ocrx_word' id='word_1_229' title='bbox 784 3627 918 3709; x_wconf 89' lang='lat' dir='ltr'>juridice</span> <span class='ocrx_word' id='word_1_230' title='bbox 946 3639 1132 3689; x_wconf 86' lang='lat' dir='ltr'>contentum</span> <span class='ocrx_word' id='word_1_231' title='bbox 1157 3623 1232 3687; x_wconf 89' lang='lat' dir='ltr'>fecit</span> <span class='ocrx_word' id='word_1_232' title='bbox 1256 3625 1287 3686; x_wconf 89' lang='lat' dir='ltr'>in</span> <span class='ocrx_word' id='word_1_233' title='bbox 1313 3643 1554 3707; x_wconf 87' lang='lat' dir='ltr'>recompensam</span> 
     </span>
     <span class='ocr_line' id='line_1_31' title="bbox 295 3731 1555 3817; baseline -0.004 -20"><span class='ocrx_word' id='word_1_234' title='bbox 295 3735 469 3817; x_wconf 85' lang='lat' dir='ltr'>aliqualem</span> <span class='ocrx_word' id='word_1_235' title='bbox 493 3733 593 3797; x_wconf 92' lang='lat' dir='ltr'>debiti</span> <span class='ocrx_word' id='word_1_236' title='bbox 626 3735 733 3796; x_wconf 86' lang='lat' dir='ltr'>uxoris</span> <span class='ocrx_word' id='word_1_237' title='bbox 764 3754 830 3813; x_wconf 88' lang='lat' dir='ltr'>sue,</span> <span class='ocrx_word' id='word_1_238' title='bbox 855 3733 929 3795; x_wconf 91' lang='lat' dir='ltr'>ideo</span> <span class='ocrx_word' id='word_1_239' title='bbox 961 3733 1027 3815; x_wconf 91' lang='lat' dir='ltr'>ipse</span> <span class='ocrx_word' id='word_1_240' title='bbox 1054 3731 1203 3794; x_wconf 88' lang='lat' dir='ltr'>Vrbanus</span> <span class='ocrx_word' id='word_1_241' title='bbox 1234 3745 1322 3793; x_wconf 92' lang='lat' dir='ltr'>sutor</span> <span class='ocrx_word' id='word_1_242' title='bbox 1346 3732 1385 3792; x_wconf 87' lang='lat' dir='ltr'>ab</span> <span class='ocrx_word' id='word_1_243' title='bbox 1410 3731 1555 3793; x_wconf 90' lang='lat' dir='ltr'>ulteriori</span> 
     </span>
     <span class='ocr_line' id='line_1_32' title="bbox 295 3836 1556 3926; baseline -0.006 -22"><span class='ocrx_word' id='word_1_244' title='bbox 295 3841 491 3925; x_wconf 89' lang='lat' dir='ltr'>inpeticione</span> <span class='ocrx_word' id='word_1_245' title='bbox 526 3840 626 3926; x_wconf 92' lang='lat' dir='ltr'>ipsius</span> <span class='ocrx_word' id='word_1_246' title='bbox 661 3839 816 3902; x_wconf 81' lang='lat' dir='ltr'>Iohannis</span> <span class='ocrx_word' id='word_1_247' title='bbox 852 3837 1007 3902; x_wconf 89' lang='lat' dir='ltr'>carnificis</span> <span class='ocrx_word' id='word_1_248' title='bbox 1041 3853 1072 3900; x_wconf 89' lang='lat' dir='ltr'>et</span> <span class='ocrx_word' id='word_1_249' title='bbox 1107 3836 1311 3920; x_wconf 90' lang='lat' dir='ltr'>inpedicione</span> <span class='ocrx_word' id='word_1_250' title='bbox 1349 3851 1396 3899; x_wconf 91' lang='lat' dir='ltr'>est</span> <span class='ocrx_word' id='word_1_251' title='bbox 1428 3836 1556 3918; x_wconf 88' lang='lat' dir='ltr'>penitus</span> 
     </span>
     <span class='ocr_line' id='line_1_33' title="bbox 295 3947 472 4012; baseline 0 -1"><span class='ocrx_word' id='word_1_252' title='bbox 295 3947 472 4012; x_wconf 89' lang='lat' dir='ltr'>absolutus.</span> 
     </span>
    </p>
   </div>
   <div class='ocr_carea' id='block_1_8' title="bbox 292 4066 1557 5008">
    <p class='ocr_par' dir='ltr' id='par_1_8' title="bbox 292 4066 1557 5008">
     <span class='ocr_line' id='line_1_34' title="bbox 402 4066 1556 4154; baseline -0.008 -18"><span class='ocrx_word' id='word_1_253' title='bbox 402 4073 479 4136; x_wconf 90' lang='lat' dir='ltr'>Item</span> <span class='ocrx_word' id='word_1_254' title='bbox 505 4071 581 4154; x_wconf 91' lang='lat' dir='ltr'>quia</span> <span class='ocrx_word' id='word_1_255' title='bbox 604 4070 697 4133; x_wconf 88' lang='lat' dir='ltr'>Vitus</span> <span class='ocrx_word' id='word_1_256' title='bbox 722 4067 862 4132; x_wconf 87' lang='lat' dir='ltr'>carnifex</span> <span class='ocrx_word' id='word_1_257' title='bbox 885 4067 917 4129; x_wconf 94' lang='lat' dir='ltr'>id</span> <span class='ocrx_word' id='word_1_258' title='bbox 946 4087 1020 4130; x_wconf 90' lang='lat' dir='ltr'>cum</span> <span class='ocrx_word' id='word_1_259' title='bbox 1050 4067 1236 4130; x_wconf 89' lang='lat' dir='ltr'>testimonio</span> <span class='ocrx_word' id='word_1_260' title='bbox 1260 4066 1424 4149; x_wconf 88' lang='lat' dir='ltr'>fidedigno</span> <span class='ocrx_word' id='word_1_261' title='bbox 1448 4085 1556 4128; x_wconf 88' lang='lat' dir='ltr'>coram</span> 
     </span>
     <span class='ocr_line' id='line_1_35' title="bbox 294 4171 1553 4262; baseline -0.007 -18"><span class='ocrx_word' id='word_1_262' title='bbox 294 4180 389 4244; x_wconf 90' lang='lat' dir='ltr'>nobis</span> <span class='ocrx_word' id='word_1_263' title='bbox 413 4180 445 4242; x_wconf 91' lang='lat' dir='ltr'>in</span> <span class='ocrx_word' id='word_1_264' title='bbox 470 4178 591 4262; x_wconf 89' lang='lat' dir='ltr'>judicio</span> <span class='ocrx_word' id='word_1_265' title='bbox 616 4175 849 4260; x_wconf 89' lang='lat' dir='ltr'>comprobavit,</span> <span class='ocrx_word' id='word_1_266' title='bbox 874 4189 908 4237; x_wconf 94' lang='lat' dir='ltr'>ut</span> <span class='ocrx_word' id='word_1_267' title='bbox 931 4175 1009 4236; x_wconf 91' lang='lat' dir='ltr'>dum</span> <span class='ocrx_word' id='word_1_268' title='bbox 1041 4175 1195 4257; x_wconf 90' lang='lat' dir='ltr'>providus</span> <span class='ocrx_word' id='word_1_269' title='bbox 1218 4175 1355 4237; x_wconf 89' lang='lat' dir='ltr'>condam</span> <span class='ocrx_word' id='word_1_270' title='bbox 1380 4174 1428 4236; x_wconf 92' lang='lat' dir='ltr'>vir</span> <span class='ocrx_word' id='word_1_271' title='bbox 1452 4171 1553 4236; x_wconf 86' lang='lat' dir='ltr'>Geor·</span> 
     </span>
     <span class='ocr_line' id='line_1_36' title="bbox 292 4279 1553 4370; baseline -0.008 -20"><span class='ocrx_word' id='word_1_272' title='bbox 292 4287 364 4370; x_wconf 91' lang='lat' dir='ltr'>gius</span> <span class='ocrx_word' id='word_1_273' title='bbox 388 4287 554 4348; x_wconf 88' lang='lat' dir='ltr'>balneator</span> <span class='ocrx_word' id='word_1_274' title='bbox 578 4284 682 4346; x_wconf 90' lang='lat' dir='ltr'>dictus</span> <span class='ocrx_word' id='word_1_275' title='bbox 705 4283 865 4346; x_wconf 88' lang='lat' dir='ltr'>Wrabecz</span> <span class='ocrx_word' id='word_1_276' title='bbox 889 4283 922 4344; x_wconf 83' lang='lat' dir='ltr'>ln</span> <span class='ocrx_word' id='word_1_277' title='bbox 955 4281 1103 4343; x_wconf 85' lang='lat' dir='ltr'>extremis</span> <span class='ocrx_word' id='word_1_278' title='bbox 1127 4282 1189 4343; x_wconf 89' lang='lat' dir='ltr'>vite</span> <span class='ocrx_word' id='word_1_279' title='bbox 1218 4301 1273 4342; x_wconf 89' lang='lat' dir='ltr'>sue</span> <span class='ocrx_word' id='word_1_280' title='bbox 1297 4279 1484 4363; x_wconf 88' lang='lat' dir='ltr'>temporalis</span> <span class='ocrx_word' id='word_1_281' title='bbox 1508 4279 1553 4341; x_wconf 91' lang='lat' dir='ltr'>la-</span> 
     </span>
     <span class='ocr_line' id='line_1_37' title="bbox 294 4385 1555 4474; baseline -0.007 -19"><span class='ocrx_word' id='word_1_282' title='bbox 294 4395 447 4472; x_wconf 87' lang='lat' dir='ltr'>borasset,</span> <span class='ocrx_word' id='word_1_283' title='bbox 470 4405 547 4454; x_wconf 89' lang='lat' dir='ltr'>tunc</span> <span class='ocrx_word' id='word_1_284' title='bbox 571 4391 638 4474; x_wconf 87' lang='lat' dir='ltr'>ipse</span> <span class='ocrx_word' id='word_1_285' title='bbox 662 4390 789 4452; x_wconf 91' lang='lat' dir='ltr'>nullum</span> <span class='ocrx_word' id='word_1_286' title='bbox 813 4388 958 4450; x_wconf 90' lang='lat' dir='ltr'>debitum</span> <span class='ocrx_word' id='word_1_287' title='bbox 983 4387 1163 4449; x_wconf 88' lang='lat' dir='ltr'>nominavit</span> <span class='ocrx_word' id='word_1_288' title='bbox 1197 4406 1263 4469; x_wconf 92' lang='lat' dir='ltr'>quo</span> <span class='ocrx_word' id='word_1_289' title='bbox 1287 4386 1347 4448; x_wconf 92' lang='lat' dir='ltr'>sibi</span> <span class='ocrx_word' id='word_1_290' title='bbox 1371 4386 1439 4469; x_wconf 89' lang='lat' dir='ltr'>ipse</span> <span class='ocrx_word' id='word_1_291' title='bbox 1463 4385 1555 4447; x_wconf 90' lang='lat' dir='ltr'>Vitus</span> 
     </span>
     <span class='ocr_line' id='line_1_38' title="bbox 295 4491 1553 4575; baseline -0.008 -13"><span class='ocrx_word' id='word_1_292' title='bbox 295 4497 435 4562; x_wconf 87' lang='lat' dir='ltr'>carnifex</span> <span class='ocrx_word' id='word_1_293' title='bbox 458 4497 600 4560; x_wconf 88' lang='lat' dir='ltr'>sororius</span> <span class='ocrx_word' id='word_1_294' title='bbox 623 4517 699 4559; x_wconf 90' lang='lat' dir='ltr'>suus</span> <span class='ocrx_word' id='word_1_295' title='bbox 723 4495 850 4558; x_wconf 90' lang='lat' dir='ltr'>debitor</span> <span class='ocrx_word' id='word_1_296' title='bbox 873 4493 992 4573; x_wconf 89' lang='lat' dir='ltr'>fuisset,</span> <span class='ocrx_word' id='word_1_297' title='bbox 1017 4493 1146 4575; x_wconf 83' lang='lat' dir='ltr'>etquis</span> <span class='ocrx_word' id='word_1_298' title='bbox 1171 4493 1258 4555; x_wconf 89' lang='lat' dir='ltr'>idem</span> <span class='ocrx_word' id='word_1_299' title='bbox 1282 4492 1442 4574; x_wconf 77' lang='lat' dir='ltr'>Georgius</span> <span class='ocrx_word' id='word_1_300' title='bbox 1465 4491 1553 4574; x_wconf 88' lang='lat' dir='ltr'>prius</span> 
     </span>
     <span class='ocr_line' id='line_1_39' title="bbox 298 4597 1557 4686; baseline -0.008 -18"><span class='ocrx_word' id='word_1_301' title='bbox 298 4606 375 4668; x_wconf 91' lang='lat' dir='ltr'>dum</span> <span class='ocrx_word' id='word_1_302' title='bbox 392 4605 425 4667; x_wconf 90' lang='lat' dir='ltr'>in</span> <span class='ocrx_word' id='word_1_303' title='bbox 443 4605 581 4666; x_wconf 88' lang='lat' dir='ltr'>Romam</span> <span class='ocrx_word' id='word_1_304' title='bbox 599 4623 657 4686; x_wconf 93' lang='lat' dir='ltr'>pro</span> <span class='ocrx_word' id='word_1_305' title='bbox 674 4603 781 4664; x_wconf 82' lang='lat' dir='ltr'>amma</span> <span class='ocrx_word' id='word_1_306' title='bbox 804 4621 860 4663; x_wconf 89' lang='lat' dir='ltr'>sua</span> <span class='ocrx_word' id='word_1_307' title='bbox 876 4600 1075 4683; x_wconf 84' lang='lat' dir='ltr'>perrexisset,</span> <span class='ocrx_word' id='word_1_308' title='bbox 1095 4613 1171 4661; x_wconf 89' lang='lat' dir='ltr'>tunc</span> <span class='ocrx_word' id='word_1_309' title='bbox 1189 4599 1294 4682; x_wconf 90' lang='lat' dir='ltr'>ipsum</span> <span class='ocrx_word' id='word_1_310' title='bbox 1311 4599 1456 4660; x_wconf 88' lang='lat' dir='ltr'>debitum</span> <span class='ocrx_word' id='word_1_311' title='bbox 1476 4597 1557 4659; x_wconf 93' lang='lat' dir='ltr'>duo·</span> 
     </span>
     <span class='ocr_line' id='line_1_40' title="bbox 295 4705 1555 4786; baseline -0.009 -11"><span class='ocrx_word' id='word_1_312' title='bbox 295 4731 366 4776; x_wconf 90' lang='lat' dir='ltr'>rum</span> <span class='ocrx_word' id='word_1_313' title='bbox 390 4725 422 4774; x_wconf 89' lang='lat' dir='ltr'>et</span> <span class='ocrx_word' id='word_1_314' title='bbox 446 4710 544 4773; x_wconf 88' lang='lat' dir='ltr'>medii</span> <span class='ocrx_word' id='word_1_315' title='bbox 569 4709 638 4772; x_wconf 91' lang='lat' dir='ltr'>flor.</span> <span class='ocrx_word' id='word_1_316' title='bbox 662 4710 731 4771; x_wconf 91' lang='lat' dir='ltr'>auri</span> <span class='ocrx_word' id='word_1_317' title='bbox 755 4709 861 4770; x_wconf 90' lang='lat' dir='ltr'>eidem</span> <span class='ocrx_word' id='word_1_318' title='bbox 883 4707 958 4768; x_wconf 92' lang='lat' dir='ltr'>Vito</span> <span class='ocrx_word' id='word_1_319' title='bbox 979 4706 1103 4785; x_wconf 78' lang='lat' dir='ltr'>sororio</span> <span class='ocrx_word' id='word_1_320' title='bbox 1126 4725 1184 4768; x_wconf 89' lang='lat' dir='ltr'>suo</span> <span class='ocrx_word' id='word_1_321' title='bbox 1210 4705 1390 4784; x_wconf 89' lang='lat' dir='ltr'>dimisisset,</span> <span class='ocrx_word' id='word_1_322' title='bbox 1415 4705 1555 4786; x_wconf 89' lang='lat' dir='ltr'>ideoque</span> 
     </span>
     <span class='ocr_line' id='line_1_41' title="bbox 293 4810 1556 4902; baseline -0.008 -20"><span class='ocrx_word' id='word_1_323' title='bbox 293 4821 360 4902; x_wconf 89' lang='lat' dir='ltr'>ipse</span> <span class='ocrx_word' id='word_1_324' title='bbox 384 4819 477 4880; x_wconf 88' lang='lat' dir='ltr'>Vitus</span> <span class='ocrx_word' id='word_1_325' title='bbox 512 4815 651 4880; x_wconf 82' lang='lat' dir='ltr'>caroffex</span> <span class='ocrx_word' id='word_1_326' title='bbox 687 4817 726 4878; x_wconf 87' lang='lat' dir='ltr'>ab</span> <span class='ocrx_word' id='word_1_327' title='bbox 763 4813 905 4877; x_wconf 88' lang='lat' dir='ltr'>ulteriori</span> <span class='ocrx_word' id='word_1_328' title='bbox 942 4813 1135 4896; x_wconf 89' lang='lat' dir='ltr'>inpeticione</span> <span class='ocrx_word' id='word_1_329' title='bbox 1171 4813 1272 4874; x_wconf 89' lang='lat' dir='ltr'>Elene</span> <span class='ocrx_word' id='word_1_330' title='bbox 1307 4811 1415 4874; x_wconf 85' lang='lat' dir='ltr'>relicte</span> <span class='ocrx_word' id='word_1_331' title='bbox 1456 4810 1556 4892; x_wconf 88' lang='lat' dir='ltr'>ipsius</span> 
     </span>
     <span class='ocr_line' id='line_1_42' title="bbox 295 4916 1556 5008; baseline -0.007 -20"><span class='ocrx_word' id='word_1_332' title='bbox 295 4925 426 5008; x_wconf 81' lang='lat' dir='ltr'>Georgii</span> <span class='ocrx_word' id='word_1_333' title='bbox 451 4925 610 4987; x_wconf 86' lang='lat' dir='ltr'>Wrabecz</span> <span class='ocrx_word' id='word_1_334' title='bbox 634 4922 785 4984; x_wconf 89' lang='lat' dir='ltr'>remansit</span> <span class='ocrx_word' id='word_1_335' title='bbox 809 4935 918 5003; x_wconf 86' lang='lat' dir='ltr'>estque</span> <span class='ocrx_word' id='word_1_336' title='bbox 951 4920 1093 4982; x_wconf 89' lang='lat' dir='ltr'>totaliter</span> <span class='ocrx_word' id='word_1_337' title='bbox 1124 4919 1249 4981; x_wconf 92' lang='lat' dir='ltr'>solutus</span> <span class='ocrx_word' id='word_1_338' title='bbox 1272 4919 1385 4980; x_wconf 81' lang='lat' dir='ltr'>ordIne</span> <span class='ocrx_word' id='word_1_339' title='bbox 1409 4916 1485 4999; x_wconf 84' lang='lat' dir='ltr'>juris</span> <span class='ocrx_word' id='word_1_340' title='bbox 1510 4937 1556 4979; x_wconf 89' lang='lat' dir='ltr'>rc·</span> 
     </span>
    </p>
   </div>
   <div class='ocr_carea' id='block_1_9' title="bbox 293 5033 450 5115">
    <p class='ocr_par' dir='ltr' id='par_1_9' title="bbox 293 5033 450 5115">
     <span class='ocr_line' id='line_1_43' title="bbox 293 5033 450 5115; baseline -0.006 -20"><span class='ocrx_word' id='word_1_341' title='bbox 293 5033 450 5115; x_wconf 90' lang='lat' dir='ltr'>quirente.</span> 
     </span>
    </p>
   </div>
   <div class='ocr_carea' id='block_1_10' title="bbox 0 0 1942 5796">
    <p class='ocr_par' dir='ltr' id='par_1_10' title="bbox 0 0 1942 5796">
     <span class='ocr_line' id='line_1_44' title="bbox 0 0 1942 5796; baseline 0 0"><span class='ocrx_word' id='word_1_342' title='bbox 0 0 1942 5796; x_wconf 95' lang='lat' dir='ltr'> </span> 
     </span>
    </p>
   </div>
  </div>
 </body>
</html>
