3740 5810
604 577 690 634 Anno
714 590 804 653 1420.
831 609 870 620 -
895 591 943 638 12.
960 579 1111 653 anuan'i.
1458 597 1498 660 77

312 793 410 867 Feria
438 805 536 868 sexta
564 798 718 886 proxima
752 803 830 868 ante
856 795 981 867 festum
1011 795 1212 869 Nativitatis
1240 786 1419 890 Domini.*)

338 965 416 1028 Item
441 986 535 1028 causa
559 966 642 1028 inter
659 966 821 1028 Andreem
838 965 940 1029 filium
959 967 1043 1028 Petri
1061 967 1183 1049 Saphar
1208 981 1238 1029 et
1263 967 1331 1028 eius
1354 967 1496 1029 relictam

230 1073 423 1155 prolongata
448 1086 494 1134 est
518 1072 557 1134 ad
582 1073 723 1156 primum
748 1072 914 1154 judicium.

339 1178 417 1242 Item
444 1178 617 1262 Goychech
641 1193 751 1241 contra
776 1179 912 1242 Paulum
935 1179 1118 1262 sagiparum
1141 1179 1283 1242 secundo
1300 1179 1413 1242 citatus
1432 1197 1496 1240 non

230 1286 422 1367 comparuit.

338 1392 417 1454 Item
434 1412 528 1454 causa
553 1392 635 1455 inter
661 1391 839 1455 Iohannem
865 1393 988 1476 Zygeth
1013 1406 1043 1454 et
1067 1393 1210 1455 relictam
1235 1392 1372 1455 condam
1399 1393 1497 1474 Sigis-

230 1499 347 1560 mundi
362 1512 409 1560 est
421 1498 461 1560 ad
474 1498 614 1581 primurn
629 1497 783 1581 judicium
802 1500 843 1561 ad
860 1499 1123 1582 respondendum
1140 1497 1180 1560 ad
1197 1498 1306 1560 omnia
1323 1501 1497 1581 proposita.

338 1604 418 1667 Item
455 1603 614 1686 Georgius
651 1604 789 1666 Puchich
823 1619 934 1668 contra
968 1605 1168 1666 Anthonium
1201 1603 1326 1686 pridem
1357 1604 1497 1688 judicem

230 1711 375 1772 secundo
400 1711 514 1772 citatus
539 1731 603 1772 non
628 1712 818 1794 comparuit.

339 1816 418 1878 Item
435 1815 555 1878 Paulus
580 1817 756 1879 Solkouich
781 1831 891 1880 contra
916 1817 1079 1880 Thomam
1105 1815 1249 1880 Ochuirlt
1275 1816 1417 1878 secundo
1454 1817 1498 1878 ci·

230 1935 315 1984 tatus
345 1942 409 1984 non
436 1923 626 2005 comparuit.

339 2029 418 2090 Item
443 2049 535 2092 causa
559 2030 641 2092 inter
665 2030 821 2092 Iacobum
850 2029 1017 2113 Popouich
1042 2043 1073 2091 et
1097 2029 1303 2092 Valentinum
1330 2028 1497 2092 Mazchich

232 2149 403 2217 prorogata
429 2147 476 2197 est
497 2135 538 2197 ad
560 2135 702 2218 primum
726 2135 892 2218 judicium.

338 2258 418 2321 Item
443 2258 605 2322 Iohannes
628 2259 739 2322 Plusar
756 2274 865 2323 contra
886 2257 1087 2322 Anthonium
1105 2259 1229 2322 Zudich
1253 2261 1360 2343 primo
1385 2259 1498 2323 citatus

233 2385 297 2426 non
323 2366 515 2448 comparuit.

339 2471 418 2534 Item
443 2471 637 2535 Benedictus
660 2471 732 2534 Dile
757 2486 867 2536 contra
892 2473 1009 2536 Malich
1041 2475 1187 2556 proxima
1210 2485 1297 2536 sexta
1321 2471 1401 2536 feria
1425 2485 1497 2554 post

233 2574 349 2639 festum
375 2577 632 2661 Epiphaniamm
664 2579 796 2641 Domini
827 2581 970 2642 secundo
1001 2599 1034 2642 se
1057 2581 1218 2644 tenebitur
1250 2593 1388 2662 prestare
1412 2579 1498 2660 jura·

232 2697 377 2747 mentum
404 2684 437 2746 in
461 2705 511 2766 eo,
535 2684 624 2768 quod
642 2684 728 2747 idem
750 2685 869 2748 Malicb
890 2687 995 2769 ipsum
1012 2687 1217 2768 percussisset
1240 2684 1280 2748 ad
1305 2684 1496 2748 effusionem

230 2790 409 2872 sanguinis.

340 2896 419 2958 Item
444 2916 538 2959 causa
570 2897 651 2958 inter
681 2897 879 2979 Stephanum
910 2897 1035 2978 pridem
1067 2900 1205 2980 juratum
1239 2913 1270 2960 et
1293 2897 1497 2961 scolasticum

231 3015 360 3084 recepta
385 3003 495 3064 estad
519 3021 630 3083 pacem
656 3003 696 3065 ad
721 3004 860 3085 primum
886 3002 1052 3084 judicium.

339 3108 418 3170 Item
444 3108 560 3170 Borich
586 3109 697 3171 Petrus
721 3122 752 3172 et
778 3109 923 3171 Thomas
940 3111 1127 3174 mercenarii
1154 3110 1244 3172 Pauli
1271 3109 1497 3190 Sydowchich,

117 3212 122 3222 '
231 3214 369 3296 quilibet
395 3214 495 3276 tercio
519 3233 552 3277 se
577 3229 686 3276 contra
719 3215 933 3276 Laurencium
958 3215 1096 3297 juratum
1128 3217 1323 3278 tenebuntur
1356 3227 1496 3297 prestare

231 3319 462 3402 juramentum,
494 3320 582 3403 quod
616 3340 743 3383 currum
779 3322 877 3404 ipsius
908 3323 1076 3384 Laurencii
1107 3342 1171 3384 non
1204 3324 1441 3402 subtraxissent,
1467 3336 1497 3383 et

231 3426 292 3490 hoc
317 3426 396 3490 feria
422 3442 509 3489 sexta
532 3427 677 3510 proxima
702 3441 773 3509 post
798 3427 1062 3510 Epiphaniarum.

338 3551 417 3613 Item
429 3549 589 3632 Georgius
603 3549 823 3633 Opprasnicha
838 3564 947 3612 contra
960 3551 1191 3634 Margarethsm
1206 3552 1381 3614 salivenam
1393 3551 1497 3632 primo

232 3658 345 3720 citatus
371 3675 437 3718 non
469 3657 659 3739 comparuit.

338 3763 419 3826 Item
443 3762 634 3825 Valentinus
657 3762 818 3845 Lepchich
851 3776 959 3824 contra
985 3763 1139 3826 lelichatn
1173 3764 1333 3825 tenebitur
1357 3775 1493 3824 statuere

232 3871 435 3933 venditorem
461 3869 629 3933 torcularis
652 3869 712 3931 sibi
737 3869 859 3930 venditi
884 3869 915 3930 in
942 3871 1046 3952 primo
1070 3870 1202 3950 judicio

338 3975 418 4038 Item
442 3975 607 4038 Fridlinus
630 3987 739 4037 contra
765 3973 974 4036 Katherinam
1001 3977 1033 4037 in
1063 3976 1167 4058 primo
1191 3974 1312 4056 judicio
1336 3974 1497 4036 tenebitur

234 4095 373 4164 prestare
399 4101 455 4144 seu
478 4081 658 4165 producere
681 4093 777 4143 testes
801 4081 832 4142 in
859 4101 953 4144 causa
977 4081 1059 4144 inter
1083 4083 1179 4164 ipsos.

284 4321 382 4396 Ierla
410 4332 509 4395 sexta
537 4325 690 4414 proxima
719 4329 796 4394 ante
824 4289 946 4394 lectum
985 4321 1073 4393 beati
1102 4319 1261 4392 Anthonii
1291 4321 1434 4391 abbatis.

743 4504 805 4569 (12.
822 4494 986 4569 januaris).

338 4648 502 4732 Georgius
524 4647 667 4710 Puchich
701 4661 809 4710 contra
835 4647 1035 4710 AnthonIum
1068 4647 1192 4730 pridem
1218 4646 1356 4728 judicem
1381 4665 1439 4728 pro
1463 4665 1497 4707 se

234 4770 263 4818 et
285 4777 345 4840 pro
379 4776 477 4818 uxore
506 4770 536 4818 et
567 4753 631 4816 filia
657 4755 722 4816 suis
755 4754 874 4836 recepit
904 4754 1077 4816 terminum
1105 4754 1144 4814 ad
1178 4753 1438 4834 respondendum
1464 4753 1496 4813 in

234 4863 336 4944 primo
361 4862 492 4945 judicio.

334 5055 348 5084 *
367 5055 533 5122 Suppletorie
551 5054 661 5105 illatam.
