3876 5798
378 554 438 616 372
741 535 827 594 Anno
850 547 943 610 1442.
969 567 1008 578 -
1033 545 1082 608 27.
1106 534 1274 593 novembrii.

376 762 458 824 ciam
482 761 543 825 sibi
568 761 701 845 inpendi
732 762 917 845 postulavit,
949 762 1004 843 qui
1037 761 1111 824 licet
1136 761 1332 824 Laurentius
1362 773 1451 824 sutor
1473 781 1529 844 per
1553 762 1641 844 ipsos

376 869 496 950 juratos
509 869 584 930 anui
598 870 753 952 presentis
766 883 876 930 contra
894 868 1075 950 predictum
1092 868 1280 950 magistrum
1295 867 1461 930 Matheum
1478 869 1510 931 in
1527 868 1640 931 decem

375 976 490 1038 marcis
515 976 723 1038 denariorum
749 987 879 1058 propter
903 975 1081 1058 predictum
1107 975 1209 1036 scelus
1240 993 1336 1036 suum
1359 975 1400 1036 sit
1423 973 1492 1037 iore
1515 973 1642 1057 adjudi-

378 1095 475 1161 catus,
499 1101 535 1144 ec
550 1095 657 1144 tamen
682 1081 708 1143 si
733 1081 801 1164 ipse
818 1081 1014 1143 Laurencius
1038 1095 1125 1142 sutor
1143 1081 1247 1163 ipsum
1269 1081 1457 1162 magistrum
1475 1080 1640 1144 Matheum

378 1188 410 1250 in
436 1190 506 1272 ipso
530 1187 664 1251 crimine
696 1187 835 1267 falsario,
863 1206 929 1269 quo
963 1187 1068 1271 ipsum
1093 1187 1280 1249 criminatus
1311 1187 1471 1250 estomni
1495 1187 1643 1250 russiae

378 1294 483 1378 culpa,
500 1295 711 1376 comprobare
734 1294 901 1376 potuisset,
917 1308 993 1356 tunc
1009 1294 1077 1376 ipse
1095 1294 1245 1374 magister
1270 1291 1418 1355 Matheus
1436 1307 1533 1376 eaput
1547 1313 1643 1356 suum

379 1419 496 1483 penam
514 1401 596 1482 ignis
612 1400 772 1463 subiendo
788 1401 854 1484 pati
878 1400 1060 1476 debuisset;
1077 1399 1132 1460 sed
1149 1399 1225 1482 quia
1251 1399 1320 1482 ipse
1336 1399 1533 1462 Laurencius
1552 1413 1644 1463 sutor

378 1527 410 1568 se
436 1507 469 1568 in
493 1506 636 1590 predicta
661 1506 890 1568 criminacione
924 1506 1023 1588 ipsius
1054 1505 1195 1588 magistri
1224 1505 1343 1567 Matbei
1367 1525 1400 1566 se
1424 1526 1515 1569 reum
1539 1525 1576 1568 ex
1600 1525 1641 1570 eo

379 1615 548 1692 asserebat,
571 1612 647 1694 quia
660 1613 765 1695 ipsum
790 1612 978 1693 magistrum
1003 1611 1167 1674 Matheum
1188 1613 1399 1694 comprobare
1423 1632 1489 1675 non
1514 1613 1643 1676 valebat

380 1719 435 1781 sed
459 1719 500 1781 ab
525 1719 640 1782 eodem
657 1719 810 1800 magistro
827 1718 958 1782 Matheo
974 1737 1032 1800 pro
1057 1718 1206 1800 predictis
1229 1717 1294 1780 suis
1310 1715 1401 1780 iactis
1424 1719 1517 1782 malis
1536 1739 1642 1782 coram

379 1839 445 1888 tote
478 1825 709 1888 communitate
740 1825 868 1887 veniam
900 1824 1084 1908 postulavit,
1118 1823 1193 1886 ideo
1226 1824 1293 1907 ipse
1327 1825 1522 1888 Laurentius
1553 1841 1643 1889 sutor

380 1944 492 1994 contra
516 1931 696 2015 predictum
719 1931 908 2012 magistrum
926 1929 1091 1993 Matheum
1112 1950 1149 1992 ex
1173 1929 1418 2012 adjudicacione
1435 1933 1578 2015 ipsorum
1595 1952 1645 1994 se-

381 2039 510 2102 niorum
535 2038 678 2120 judicum
703 2037 856 2100 remansit
887 2037 1098 2118 birsagialiter
1131 2037 1162 2098 in
1187 2037 1262 2099 vivo
1294 2036 1471 2120 (h)omagio
1495 2038 1647 2102 videlicet

381 2146 413 2208 in
439 2144 530 2207 XXV
554 2145 669 2206 marcis
696 2144 901 2206 denariorum
926 2141 1182 2226 condempnatus
1198 2143 1312 2205 ordine
1336 2142 1413 2224 juris
1436 2157 1647 2226 exposcente3

383 2267 414 2314 et
439 2252 515 2333 quia
546 2251 677 2313 tandem
710 2269 768 2333 pro
800 2251 916 2312 eodem
947 2249 1126 2312 Laurencio
1157 2263 1264 2312 sutore
1295 2269 1353 2332 pro
1383 2251 1477 2312 venia
1505 2251 1565 2313 sibi
1590 2270 1649 2334 per

386 2359 493 2442 ipsum
517 2358 706 2439 magistrum
729 2356 894 2420 Matheum
925 2355 1030 2418 fienda
1053 2375 1110 2438 per
1141 2355 1249 2438 plures
1279 2357 1399 2438 probos
1429 2355 1515 2418 viros
1539 2356 1646 2418 eidem

383 2464 538 2544 magistro
562 2464 692 2526 Matheo
723 2477 769 2525 est
799 2462 1025 2545 supplicatum,
1058 2461 1132 2524 ideo
1161 2462 1227 2544 ipse
1259 2461 1410 2544 magister
1434 2461 1582 2524 Matheus
1605 2461 1648 2524 ad

381 2573 553 2634 instantem
578 2571 773 2654 peticionem
790 2569 1008 2652 predictorum
1026 2571 1202 2652 proborum
1219 2569 1361 2630 virorum
1383 2568 1442 2652 ipsi
1460 2569 1641 2631 Laurentio

383 2677 483 2740 sutori
509 2695 567 2759 pro
591 2676 737 2760 predicto
753 2695 812 2737 suo
829 2675 948 2738 sceiere
972 2675 1078 2737 taliter
1093 2675 1221 2736 veniam
1245 2687 1276 2736 et
1294 2674 1435 2755 graciam
1459 2673 1534 2736 fecit
1550 2694 1645 2737 causa

383 2783 447 2862 dei,
471 2796 506 2844 ut
530 2784 598 2865 ipse
622 2781 818 2845 Laurencius
850 2795 939 2844 sutor
970 2781 1082 2842 eadem
1116 2779 1197 2843 iacta
1222 2801 1279 2842 aua
1311 2779 1394 2842 mala
1419 2801 1514 2864 super
1539 2782 1645 2864 ipsum

383 2890 570 2971 magistrum
597 2889 763 2952 Matheum
788 2888 828 2950 de
851 2902 957 2951 cetero
979 2907 1045 2949 non
1070 2900 1202 2949 renovet
1234 2906 1292 2949 nec
1315 2900 1497 2970 perpetrare
1522 2887 1648 2968 debent,

383 2997 439 3078 qui
456 2996 480 3057 si
500 2995 613 3058 eadem
631 2996 670 3057 de
695 3008 801 3058 cetero
819 3014 883 3056 oon
908 2994 1122 3073 renovaverit,
1144 2993 1251 3056 salvus
1267 3006 1299 3055 et
1321 2994 1402 3057 liber
1426 2994 1494 3074 erit,
1518 2995 1543 3056 si
1568 3014 1646 3056 vero

383 3121 420 3164 ea
443 3101 648 3164 renovaverit
677 3101 717 3163 de
749 3114 865 3178 cetero,
895 3113 1010 3161 extunc
1042 3119 1100 3160 nec
1132 3099 1199 3181 ipsa
1227 3100 1333 3181 priora
1364 3119 1420 3161 sue
1445 3097 1526 3162 facta
1552 3121 1650 3184 super

384 3209 488 3291 ipsum
514 3207 702 3289 magistrum
729 3203 893 3271 Matheum
916 3218 1094 3289 perpetrata
1119 3206 1181 3267 siut
1205 3206 1342 3268 relaxate
1367 3206 1437 3288 ipso
1462 3205 1556 3271 factu.

495 3360 605 3378 .....
631 3313 733 3394 jurare
758 3314 918 3376 tenebitur
942 3313 1074 3374 domina
1104 3312 1204 3374 Eleus
1236 3312 1345 3374 relicta
1367 3311 1513 3375 Pundich
1538 3327 1650 3376 contra

385 3419 562 3501 Georgium
580 3419 719 3502 iuratum
740 3420 932 3482 modernum
957 3419 1043 3481 dicto
1069 3417 1239 3480 Kouarech
1264 3431 1296 3480 et
1319 3433 1429 3480 contra
1455 3419 1648 3501 Dynnisium

384 3539 537 3588 sartorem
569 3545 728 3608 supereo
760 3526 791 3586 in
820 3545 873 3586 ara
904 3538 1011 3587 sancte
1036 3523 1148 3587 Crucis
1180 3537 1295 3586 octavo
1327 3523 1379 3586 die
1404 3544 1460 3607 per
1483 3525 1650 3606 adjudica·

385 3633 513 3694 cionem
541 3633 718 3713 juratorum
742 3651 836 3714 super
860 3651 910 3710 eo,
942 3646 976 3694 ut
1009 3633 1075 3714 ipsa
1099 3631 1230 3693 eosdem
1263 3630 1441 3713 Georgium
1474 3645 1505 3694 et
1527 3633 1651 3716 Dyoni·

385 3739 473 3800 sium
497 3752 632 3800 sartores
657 3757 721 3800 non
746 3739 946 3820 vituperavit.

496 3843 574 3906 Item
597 3844 671 3906 licet
695 3843 759 3906 filia
785 3845 884 3927 ipsius
908 3843 1039 3905 domiue
1071 3843 1171 3904 Elena
1196 3863 1252 3924 per
1282 3841 1402 3924 juratos
1424 3844 1465 3905 sit
1487 3863 1526 3906 eo
1551 3845 1652 3907 modo

385 3951 577 4033 adjudicata,
604 3963 638 4013 ut
657 3951 724 4033 ipsa
748 3951 807 4012 sibi
826 3951 976 4012 videlicet
993 3949 1123 4032 Mathye
1148 3949 1251 4031 jurato
1276 3949 1395 4012 Farkes
1410 3970 1469 4033 pro
1493 3971 1543 4031 eo,
1560 3951 1651 4034 quod

392 4057 495 4139 ipsum
514 4057 731 4139 vituperasset,
757 4058 789 4118 in
815 4057 926 4118 decern
944 4057 1057 4118 marcis
1085 4055 1290 4118 denariorum
1308 4057 1519 4136 remansisset,
1541 4070 1651 4120 temen

390 4163 458 4246 ipse
482 4163 628 4246 Mathyas
652 4161 772 4244 juratus
797 4163 902 4224 eidem
927 4161 990 4224 filie
1015 4163 1113 4244 ipsius
1131 4162 1262 4224 domiue
1287 4162 1389 4225 Elene
1412 4163 1452 4226 ad
1480 4164 1651 4226 instantem

388 4269 582 4350 peticionem
606 4269 820 4352 plurimorum
844 4268 1082 4349 fidedignorum
1111 4269 1254 4330 virorum
1278 4269 1417 4350 graciam
1440 4268 1515 4332 fecit
1538 4283 1569 4331 et
1592 4269 1653 4331 rni-

386 4374 594 4436 sericordiam
619 4396 655 4438 ac
679 4376 908 4438 indulsionem.

388 4522 484 4596 Feria
513 4529 621 4598 tertie
653 4527 807 4616 proxima
836 4533 910 4616 post
935 4526 1057 4598 festum
1091 4533 1207 4598 sancte
1236 4525 1417 4598 Katherine
1448 4527 1588 4616 virginis
1618 4537 1655 4600 et

859 4652 1014 4721 martiris
1044 4647 1179 4721 christi.

878 4783 942 4863 (27.
966 4783 1145 4861 novembris).

495 4905 573 4966 Item
609 4905 774 4967 Emericus
806 4905 970 4969 Chernecz
1010 4919 1119 4968 contra
1152 4891 1330 4988 Georgium
1363 4905 1512 4968 chhich
1544 4906 1652 4989 primo

386 5012 500 5074 citatus
524 5031 588 5074 uon
613 5013 804 5096 comparuit.
