3796 5812
385 553 449 614 472

754 639 868 646 -—.—-·—
899 640 906 645 -
927 638 1071 646 -————
1343 635 1651 644 ——.---—.—.---.-u-—

494 744 572 806 Item
596 743 759 804 Jauslinus
782 741 942 805 aurifaber
974 753 1083 806 contra
1107 740 1270 804 Andream
1302 785 1343 804 ..
1370 791 1376 805 .
1402 743 1507 823 primo
1539 742 1653 803 citatus

389 869 453 911 non
479 847 669 930 comparuit.

494 953 573 1016 Item
598 951 730 1016 domina
755 955 864 1033 Agnes
887 963 997 1014 conus
1014 949 1145 1014 Petrum
1162 949 1246 1012 Reea
1269 949 1508 1032 perdomitum
1534 951 1655 1014 Kathe·

389 1060 493 1120 rinam
518 1056 674 1120 solaricha
699 1071 730 1120 et
755 1055 963 1139 stephaniam
996 1071 1177 1118 consortem
1206 1055 1335 1117 Martini
1368 1069 1482 1118 octavo
1507 1057 1560 1118 die
1592 1061 1655 1119 hoc
1740 1121 1743 1126 ,

391 1165 549 1242 atestabit,
574 1177 608 1224 ut
632 1163 733 1245 ipsam
760 1162 845 1224 idem
878 1163 990 1224 Petrus
1022 1162 1213 1244 vituperavit
1238 1175 1269 1223 et
1300 1175 1464 1244 percutere
1490 1161 1655 1224 voluisset.

496 1270 574 1333 Item
592 1269 667 1351 quia
685 1269 835 1330 Marenus
851 1267 972 1349 juratus
996 1281 1105 1330 contra
1123 1267 1340 1348 Dragozlaum
1358 1269 1495 1330 condam
1513 1269 1653 1347 juratum

392 1375 614 1438 testimonium
641 1376 672 1435 in
698 1373 782 1437 facto
813 1373 981 1436 cuiusdam
1014 1373 1162 1455 vituperii
1195 1386 1230 1436 ut
1253 1373 1391 1435 debebat
1422 1392 1486 1434 non
1511 1373 1655 1451 adduxit,

389 1482 464 1543 ideo
490 1482 556 1563 ipse
581 1481 731 1543 Marenus
755 1480 874 1542 dictam
906 1480 1072 1542 accionem
1103 1498 1194 1542 suam
1219 1479 1250 1540 in
1280 1477 1363 1541 facto
1396 1468 1471 1541 dicti
1504 1480 1656 1561 vituperii

388 1587 538 1670 perdidit.

495 1693 572 1755 ltem
609 1693 770 1755 Johannes
805 1691 903 1754 Vasas
938 1705 1051 1754 octavo
1088 1691 1140 1752 die
1174 1691 1262 1753 solus
1293 1704 1402 1753 contra
1435 1691 1652 1752 Laurentium

388 1799 524 1862 condam
550 1799 687 1882 juratum
712 1817 869 1880 supereo
893 1797 1020 1878 jurabit,
1045 1811 1080 1858 ut
1111 1798 1178 1876 ipse
1208 1816 1281 1860 cum
1306 1797 1485 1858 Laurencio
1510 1797 1649 1858 condam

389 1907 492 1989 jurato
517 1907 549 1967 in
574 1904 658 1968 facto
675 1904 841 1967 cuiusdam
866 1923 986 1982 currus,
1019 1922 1116 1985 quem
1140 1922 1268 1965 currum
1293 1904 1360 1986 ipse
1384 1902 1580 1965 Laurentius
1612 1902 1652 1962 ad

392 2012 603 2077 deferendum
620 2031 773 2094 cupreum
791 2011 960 2073 consocius
976 2009 1074 2090 vulgo
1095 2011 1186 2072 ketus
1203 2009 1277 2071 anni
1291 2009 1448 2091 presentis
1464 2028 1529 2070 non
1547 2006 1653 2070 fuerit.

495 2119 573 2180 Item
598 2117 750 2180 Nicolaus
774 2116 910 2178 condam
943 2115 1037 2198 judex
1067 2129 1180 2177 octavo
1213 2115 1264 2176 die
1289 2135 1384 2198 super
1416 2129 1535 2197 quanta
1560 2133 1592 2176 re
1617 2115 1649 2176 in

391 2226 476 2289 sacto
501 2225 666 2287 cuiusdam
689 2237 771 2286 terre
795 2223 883 2284 solus
906 2222 1034 2304 jurabit,
1059 2222 1119 2284 hoc
1144 2221 1308 2283 Matheiko
1332 2220 1471 2283 carnifex
1496 2221 1555 2283 sibi
1580 2240 1652 2302 per-

391 2332 515 2394 solvere
539 2330 709 2392 tenebitur.

498 2437 575 2498 Item
600 2436 731 2498 domina
748 2434 899 2497 Chernda
925 2454 1025 2516 usque
1043 2433 1223 2514 quindenas
1247 2434 1374 2495 racione
1399 2431 1566 2495 cuiusdam
1584 2453 1654 2495 ver-

392 2542 573 2606 beracionis
597 2541 729 2604 domine
754 2541 927 2623 Stephanie
961 2559 1058 2602 unam
1090 2559 1228 2602 marcam
1253 2554 1284 2600 et
1308 2539 1405 2620 judici
1438 2553 1567 2603 centum
1599 2540 1654 2602 de·

394 2649 500 2711 narios
523 2647 647 2710 solvere
673 2647 778 2709 debet.

498 2755 575 2816 Item
603 2753 783 2836 Stephanus
807 2753 910 2815 dictus
933 2753 1028 2814 Zolar
1059 2753 1159 2815 tercio
1190 2773 1223 2814 se
1247 2765 1361 2814 octavo
1394 2753 1447 2816 die
1478 2773 1574 2836 super
1599 2773 1650 2832 eo,

391 2861 478 2944 quod
504 2861 569 2942 ipse
595 2860 730 2921 domum
748 2859 873 2921 Nicolai
899 2858 1091 2940 Zdalclralep
1116 2879 1180 2920 non
1213 2859 1390 2920 incenderit
1423 2874 1454 2921 et
1478 2859 1648 2921 incendere

391 2987 455 3030 non
480 2965 601 3045 fecerit,
627 2985 732 3047 neque
756 2985 793 3026 ex
816 2965 898 3026 scitu
922 2984 981 3026 suo
1006 2967 1111 3046 ipsum
1137 2963 1321 3027 incendium
1347 2963 1452 3044 fucrit,
1476 2964 1603 3046 jurabit.

500 3161 578 3222 item
603 3161 678 3242 quia
704 3159 884 3241 Stephanus
901 3159 1003 3220 dictus
1027 3160 1093 3220 Rcz
1118 3173 1149 3220 et
1172 3158 1323 3222 dominus
1341 3160 1465 3222 blasius
1488 3173 1593 3223 custos
1620 3161 1652 3221 in

393 3267 478 3331 facto
502 3267 716 3350 quarumdam
732 3280 855 3347 septem
879 3285 1056 3326 marcarum
1074 3265 1278 3327 denariorum
1304 3266 1528 3328 viennensium
1552 3267 1651 3347 vulgo

393 3373 474 3457 pech
484 3371 520 3456 *),
545 3393 625 3454 quas
650 3373 734 3434 idem
760 3372 941 3454 Stephanus
964 3372 1109 3453 acquirit,
1133 3393 1166 3433 se
1194 3373 1392 3436 attestacioni
1418 3373 1571 3456 Stephani
1596 3373 1655 3437 filii

394 3479 522 3542 Raduni
547 3493 661 3560 sponte
685 3480 912 3557 submiserunt,
937 3478 1011 3540 ideo
1039 3479 1189 3559 quitquid
1222 3480 1280 3561 ipsi
1307 3479 1469 3561 Stephano
1504 3480 1543 3541 de
1569 3480 1655 3542 dicto

393 3585 477 3648 facto
502 3598 635 3664 constat,
661 3585 721 3646 hoc
755 3585 839 3646 idem
866 3584 1046 3666 Stephanus
1070 3583 1154 3646 filius
1186 3585 1313 3646 Raduni
1340 3585 1370 3646 in
1403 3587 1508 3668 primo
1533 3586 1654 3668 judicio

393 3692 490 3754 debet
513 3693 663 3755 attestari.

501 3798 579 3860 Item
605 3795 740 3860 Mathias
769 3797 890 3879 juratus
921 3816 977 3878 per
1008 3795 1156 3858 dominas
1180 3797 1357 3880 Gyurgiam
1384 3796 1655 3880 Gyurakoucham

394 3918 576 3966 consortem
603 3902 734 3985 Georgii
759 3903 876 3964 sutoris
900 3917 931 3964 et
954 3903 1122 3966 mulierem
1141 3905 1236 3965 Kuna
1261 3905 1293 3966 in
1321 3905 1425 3986 primo
1449 3905 1569 3986 judicio
1594 3904 1655 3968 hoc

397 4010 569 4087 attestabit‚
593 4009 681 4090 quod
707 4009 825 4070 Paulus
856 4023 956 4070 sartor
981 4009 1154 4090 Hungarus
1185 4009 1318 4072 filiolam
1343 4025 1373 4072 et
1397 4009 1533 4072 filiolum
1557 4011 1657 4094 ipsius

397 4115 529 4195 Mathia,
546 4114 680 4176 filiolam
697 4115 848 4176 videlicet
865 4115 1055 4196 percusserit
1079 4117 1111 4177 in
1133 4117 1217 4178 collo
1234 4131 1265 4178 et
1281 4115 1418 4178 filiolum
1435 4117 1655 4199 vituperasset.

501 4222 579 4283 Item
605 4241 733 4283 causam
759 4221 911 4303 Stephani
929 4220 1009 4283 fabri
1035 4237 1145 4284 contra
1164 4221 1365 4284 Anthonium
1388 4243 1540 4305 sponsum
1567 4225 1656 4285 Kon-

395 4328 502 4390 darich
527 4341 621 4390 testes
644 4328 684 4390 ad
706 4328 846 4410 primum
871 4327 1026 4409 judicium
1051 4328 1091 4389 ad
1115 4348 1225 4410 pacem
1251 4343 1448 4412 receperunt.

501 4435 579 4496 Item
605 4434 713 4495 Hanin
738 4454 794 4516 per
818 4433 904 4495 Iwan
936 4433 1038 4496 filium
1064 4434 1171 4496 Mathe
1196 4448 1227 4496 et
1251 4434 1387 4518 Mykech
1419 4435 1597 4498 institorem
1623 4437 1654 4498 in

394 4541 499 4623 primo
513 4541 635 4646 judicio
657 4540 735 4622 quid
753 4541 829 4622 ipsis
846 4541 885 4601 de
902 4538 985 4602 facto
1004 4541 1103 4622 ipsius
1120 4541 1227 4602 Hanin
1245 4555 1276 4604 et
1293 4541 1391 4604 Marci
1416 4541 1473 4604 filii
1492 4541 1653 4606 Chermen

396 4661 528 4726 constat,
553 4647 721 4711 attestabit.

503 4753 580 4815 Item
605 4751 689 4814 idem
722 4753 829 4814 Hanin
863 4774 920 4836 per
952 4755 1107 4816 Jacobum
1133 4753 1212 4816 Bole
1237 4767 1268 4816 et
1300 4753 1477 4836 Georgium
1502 4767 1656 4817 sartorem

397 4860 535 4922 condam
561 4859 700 4940 judicem
725 4861 757 4921 in
782 4860 887 4942 primo
911 4859 1031 4941 judicio
1048 4860 1109 4921 hoc
1133 4861 1302 4939 attestabit‚
1327 4861 1414 4943 quod
1431 4861 1491 4922 sibi
1516 4861 1657 4943 prefatus

499 4998 522 5066 ⁴¹)
543 5000 617 5051 bech.
