<?xml version="1.0" encoding="UTF-8"?>
<!DOCTYPE html PUBLIC "-//W3C//DTD XHTML 1.0 Transitional//EN"
    "http://www.w3.org/TR/xhtml1/DTD/xhtml1-transitional.dtd">
<html xmlns="http://www.w3.org/1999/xhtml" xml:lang="en" lang="en">
 <head>
  <title>
</title>
<meta http-equiv="Content-Type" content="text/html;charset=utf-8" />
  <meta name='ocr-system' content='tesseract 3.04.00' />
  <meta name='ocr-capabilities' content='ocr_page ocr_carea ocr_par ocr_line ocrx_word'/>
</head>
<body>
  <div class='ocr_page' id='page_1' title='image "./monumentahistor14laszgoog_0241.png"; bbox 0 0 3678 5800; ppageno 0'>
   <div class='ocr_carea' id='block_1_1' title="bbox 568 461 1425 544">
    <p class='ocr_par' dir='ltr' id='par_1_1' title="bbox 568 461 1425 544">
     <span class='ocr_line' id='line_1_1' title="bbox 568 461 1425 544; baseline 0.005 -24"><span class='ocrx_word' id='word_1_1' title='bbox 568 463 656 522; x_wconf 81' lang='lat' dir='ltr'>Anno</span> <span class='ocrx_word' id='word_1_2' title='bbox 679 476 770 540; x_wconf 74' lang='lat'><em>1435.</em></span> <span class='ocrx_word' id='word_1_3' title='bbox 793 496 838 506; x_wconf 97' lang='lat'><strong>—</strong></span> <span class='ocrx_word' id='word_1_4' title='bbox 859 476 913 538; x_wconf 80' lang='lat'>29.</span> <span class='ocrx_word' id='word_1_5' title='bbox 937 461 1020 523; x_wconf 83' lang='lat' dir='ltr'>mar&#39;i.</span> <span class='ocrx_word' id='word_1_6' title='bbox 1368 482 1425 544; x_wconf 87' lang='lat'>¹93</span> 
     </span>
    </p>
   </div>
   <div class='ocr_carea' id='block_1_2' title="bbox 155 673 1430 3950">
    <p class='ocr_par' dir='ltr' id='par_1_2' title="bbox 155 673 1430 2461">
     <span class='ocr_line' id='line_1_2' title="bbox 155 673 1425 758; baseline -0.002 -21"><span class='ocrx_word' id='word_1_7' title='bbox 155 676 283 758; x_wconf 91' lang='lat' dir='ltr'>lippum</span> <span class='ocrx_word' id='word_1_8' title='bbox 309 675 444 757; x_wconf 82' lang='lat' dir='ltr'>provide</span> <span class='ocrx_word' id='word_1_9' title='bbox 476 675 614 738; x_wconf 90' lang='lat' dir='ltr'>condam</span> <span class='ocrx_word' id='word_1_10' title='bbox 645 675 773 738; x_wconf 90' lang='lat' dir='ltr'>mulieri</span> <span class='ocrx_word' id='word_1_11' title='bbox 800 675 913 738; x_wconf 86' lang='lat' dir='ltr'>Kauka</span> <span class='ocrx_word' id='word_1_12' title='bbox 944 688 1055 738; x_wconf 83' lang='lat' dir='ltr'>vocate</span> <span class='ocrx_word' id='word_1_13' title='bbox 1088 674 1153 737; x_wconf 89' lang='lat' dir='ltr'>filie</span> <span class='ocrx_word' id='word_1_14' title='bbox 1177 673 1287 755; x_wconf 87' lang='lat' dir='ltr'>Blasii,</span> <span class='ocrx_word' id='word_1_15' title='bbox 1321 674 1425 736; x_wconf 88' lang='lat' dir='ltr'>sorori</span> 
     </span>
     <span class='ocr_line' id='line_1_3' title="bbox 157 780 1428 865; baseline -0.002 -21"><span class='ocrx_word' id='word_1_16' title='bbox 157 782 284 844; x_wconf 89' lang='lat' dir='ltr'>uterine</span> <span class='ocrx_word' id='word_1_17' title='bbox 309 802 434 861; x_wconf 87' lang='lat' dir='ltr'>eorum,</span> <span class='ocrx_word' id='word_1_18' title='bbox 459 801 498 845; x_wconf 90' lang='lat' dir='ltr'>eo</span> <span class='ocrx_word' id='word_1_19' title='bbox 516 795 660 864; x_wconf 89' lang='lat' dir='ltr'>tempore</span> <span class='ocrx_word' id='word_1_20' title='bbox 679 781 756 844; x_wconf 91' lang='lat' dir='ltr'>dum</span> <span class='ocrx_word' id='word_1_21' title='bbox 781 782 881 865; x_wconf 87' lang='lat' dir='ltr'>ipsam</span> <span class='ocrx_word' id='word_1_22' title='bbox 902 781 1000 844; x_wconf 88' lang='lat' dir='ltr'>iidem</span> <span class='ocrx_word' id='word_1_23' title='bbox 1019 780 1129 844; x_wconf 82' lang='lat' dir='ltr'>fratres</span> <span class='ocrx_word' id='word_1_24' title='bbox 1145 782 1193 844; x_wconf 93' lang='lat' dir='ltr'>sui</span> <span class='ocrx_word' id='word_1_25' title='bbox 1219 781 1259 843; x_wconf 90' lang='lat' dir='ltr'>ad</span> <span class='ocrx_word' id='word_1_26' title='bbox 1276 781 1428 844; x_wconf 89' lang='lat' dir='ltr'>maritum</span> 
     </span>
     <span class='ocr_line' id='line_1_4' title="bbox 155 887 1430 970; baseline 0 -22"><span class='ocrx_word' id='word_1_27' title='bbox 155 887 365 950; x_wconf 81' lang='lat' dir='ltr'>tradidissent</span> <span class='ocrx_word' id='word_1_28' title='bbox 388 888 618 950; x_wconf 76' lang='lat' dir='ltr'>matrimoniali</span> <span class='ocrx_word' id='word_1_29' title='bbox 643 907 734 950; x_wconf 90' lang='lat' dir='ltr'>more</span> <span class='ocrx_word' id='word_1_30' title='bbox 756 887 984 970; x_wconf 81' lang='lat' dir='ltr'><strong>copulandam,</strong></span> <span class='ocrx_word' id='word_1_31' title='bbox 1008 888 1091 968; x_wconf 88' lang='lat' dir='ltr'>data,</span> <span class='ocrx_word' id='word_1_32' title='bbox 1115 887 1298 969; x_wconf 90' lang='lat' dir='ltr'>traditaque</span> <span class='ocrx_word' id='word_1_33' title='bbox 1325 887 1430 950; x_wconf 87' lang='lat' dir='ltr'>extitit</span> 
     </span>
     <span class='ocr_line' id='line_1_5' title="bbox 156 993 1427 1079; baseline -0.002 -23"><span class='ocrx_word' id='word_1_34' title='bbox 156 993 227 1075; x_wconf 91' lang='lat' dir='ltr'>jure</span> <span class='ocrx_word' id='word_1_35' title='bbox 253 994 444 1076; x_wconf 92' lang='lat' dir='ltr'>perhennali</span> <span class='ocrx_word' id='word_1_36' title='bbox 469 995 684 1079; x_wconf 88' lang='lat' dir='ltr'>possidenda;</span> <span class='ocrx_word' id='word_1_37' title='bbox 700 1007 732 1058; x_wconf 91' lang='lat' dir='ltr'>et</span> <span class='ocrx_word' id='word_1_38' title='bbox 748 1015 804 1078; x_wconf 90' lang='lat' dir='ltr'>per</span> <span class='ocrx_word' id='word_1_39' title='bbox 828 995 964 1058; x_wconf 86' lang='lat' dir='ltr'>eandem</span> <span class='ocrx_word' id='word_1_40' title='bbox 983 996 1152 1057; x_wconf 91' lang='lat' dir='ltr'>mulierem</span> <span class='ocrx_word' id='word_1_41' title='bbox 1177 995 1289 1057; x_wconf 84' lang='lat' dir='ltr'>Kauka</span> <span class='ocrx_word' id='word_1_42' title='bbox 1308 995 1427 1056; x_wconf 88' lang='lat' dir='ltr'>dictam</span> 
     </span>
     <span class='ocr_line' id='line_1_6' title="bbox 157 1101 1429 1184; baseline -0.001 -22"><span class='ocrx_word' id='word_1_43' title='bbox 157 1101 307 1184; x_wconf 87' lang='lat' dir='ltr'>predicto</span> <span class='ocrx_word' id='word_1_44' title='bbox 332 1102 473 1164; x_wconf 88' lang='lat' dir='ltr'>Martino</span> <span class='ocrx_word' id='word_1_45' title='bbox 498 1101 567 1164; x_wconf 90' lang='lat' dir='ltr'>lilio</span> <span class='ocrx_word' id='word_1_46' title='bbox 592 1102 732 1182; x_wconf 85' lang='lat' dir='ltr'>Thome‚</span> <span class='ocrx_word' id='word_1_47' title='bbox 756 1101 813 1164; x_wconf 91' lang='lat' dir='ltr'>filii</span> <span class='ocrx_word' id='word_1_48' title='bbox 836 1102 934 1184; x_wconf 89' lang='lat' dir='ltr'>ipsius</span> <span class='ocrx_word' id='word_1_49' title='bbox 960 1102 1068 1180; x_wconf 81' lang='lat' dir='ltr'>Blasii,</span> <span class='ocrx_word' id='word_1_50' title='bbox 1094 1101 1235 1163; x_wconf 90' lang='lat' dir='ltr'>moriens</span> <span class='ocrx_word' id='word_1_51' title='bbox 1259 1101 1429 1183; x_wconf 86' lang='lat' dir='ltr'>legavisset</span> 
     </span>
     <span class='ocr_line' id='line_1_7' title="bbox 157 1203 1429 1292; baseline -0.002 -22"><span class='ocrx_word' id='word_1_52' title='bbox 157 1221 319 1292; x_wconf 90' lang='lat' dir='ltr'>perpetuo</span> <span class='ocrx_word' id='word_1_53' title='bbox 344 1208 552 1291; x_wconf 84' lang='lat' dir='ltr'>possidenda,</span> <span class='ocrx_word' id='word_1_54' title='bbox 575 1221 606 1270; x_wconf 91' lang='lat' dir='ltr'>et</span> <span class='ocrx_word' id='word_1_55' title='bbox 629 1209 706 1290; x_wconf 88' lang='lat' dir='ltr'>quia</span> <span class='ocrx_word' id='word_1_56' title='bbox 722 1207 852 1270; x_wconf 91' lang='lat' dir='ltr'>tandem</span> <span class='ocrx_word' id='word_1_57' title='bbox 869 1207 1011 1290; x_wconf 89' lang='lat' dir='ltr'>prefatus</span> <span class='ocrx_word' id='word_1_58' title='bbox 1034 1206 1160 1270; x_wconf 90' lang='lat' dir='ltr'>Blasius</span> <span class='ocrx_word' id='word_1_59' title='bbox 1178 1219 1279 1270; x_wconf 78' lang='lat' dir='ltr'>sartor</span> <span class='ocrx_word' id='word_1_60' title='bbox 1295 1206 1327 1268; x_wconf 91' lang='lat' dir='ltr'>in</span> <span class='ocrx_word' id='word_1_61' title='bbox 1345 1203 1429 1268; x_wconf 86' lang='lat' dir='ltr'>lacto</span> 
     </span>
     <span class='ocr_line' id='line_1_8' title="bbox 157 1310 1428 1397; baseline 0 -23"><span class='ocrx_word' id='word_1_62' title='bbox 157 1313 306 1374; x_wconf 88' lang='lat' dir='ltr'>eiusdem</span> <span class='ocrx_word' id='word_1_63' title='bbox 333 1313 427 1375; x_wconf 88' lang='lat' dir='ltr'>vinee</span> <span class='ocrx_word' id='word_1_64' title='bbox 451 1313 595 1396; x_wconf 91' lang='lat' dir='ltr'>Georgio</span> <span class='ocrx_word' id='word_1_65' title='bbox 626 1313 694 1376; x_wconf 88' lang='lat' dir='ltr'>lilio</span> <span class='ocrx_word' id='word_1_66' title='bbox 726 1313 875 1397; x_wconf 82' lang='lat' dir='ltr'>prelibati</span> <span class='ocrx_word' id='word_1_67' title='bbox 908 1313 1004 1376; x_wconf 86' lang='lat' dir='ltr'>Blasii</span> <span class='ocrx_word' id='word_1_68' title='bbox 1034 1311 1177 1391; x_wconf 90' lang='lat' dir='ltr'>cultoris,</span> <span class='ocrx_word' id='word_1_69' title='bbox 1201 1324 1316 1395; x_wconf 89' lang='lat' dir='ltr'>patruo</span> <span class='ocrx_word' id='word_1_70' title='bbox 1339 1310 1428 1374; x_wconf 89' lang='lat' dir='ltr'>vide-</span> 
     </span>
     <span class='ocr_line' id='line_1_9' title="bbox 157 1415 1428 1502; baseline -0.002 -21"><span class='ocrx_word' id='word_1_71' title='bbox 157 1419 234 1481; x_wconf 92' lang='lat' dir='ltr'>licet</span> <span class='ocrx_word' id='word_1_72' title='bbox 252 1438 323 1499; x_wconf 88' lang='lat' dir='ltr'>suo,</span> <span class='ocrx_word' id='word_1_73' title='bbox 347 1439 406 1500; x_wconf 93' lang='lat' dir='ltr'>pro</span> <span class='ocrx_word' id='word_1_74' title='bbox 423 1420 568 1502; x_wconf 92' lang='lat' dir='ltr'>predicto</span> <span class='ocrx_word' id='word_1_75' title='bbox 586 1419 725 1483; x_wconf 88' lang='lat' dir='ltr'>Martino</span> <span class='ocrx_word' id='word_1_76' title='bbox 743 1418 839 1482; x_wconf 86' lang='lat' dir='ltr'>lratre</span> <span class='ocrx_word' id='word_1_77' title='bbox 855 1439 914 1481; x_wconf 91' lang='lat' dir='ltr'>suo</span> <span class='ocrx_word' id='word_1_78' title='bbox 931 1417 1154 1481; x_wconf 84' lang='lat' dir='ltr'>omnimodam</span> <span class='ocrx_word' id='word_1_79' title='bbox 1172 1415 1428 1480; x_wconf 82' lang='lat' dir='ltr'>satisfaccionem</span> 
     </span>
     <span class='ocr_line' id='line_1_10' title="bbox 159 1523 1428 1608; baseline 0 -22"><span class='ocrx_word' id='word_1_80' title='bbox 159 1524 310 1607; x_wconf 87' lang='lat' dir='ltr'>inpendit</span> <span class='ocrx_word' id='word_1_81' title='bbox 326 1537 357 1586; x_wconf 90' lang='lat' dir='ltr'>et</span> <span class='ocrx_word' id='word_1_82' title='bbox 374 1525 518 1588; x_wconf 87' lang='lat' dir='ltr'>exhibuit</span> <span class='ocrx_word' id='word_1_83' title='bbox 534 1539 630 1608; x_wconf 90' lang='lat' dir='ltr'>atque</span> <span class='ocrx_word' id='word_1_84' title='bbox 651 1524 735 1606; x_wconf 86' lang='lat' dir='ltr'>fecit,</span> <span class='ocrx_word' id='word_1_85' title='bbox 761 1526 912 1608; x_wconf 90' lang='lat' dir='ltr'>idemque</span> <span class='ocrx_word' id='word_1_86' title='bbox 930 1526 1087 1588; x_wconf 90' lang='lat' dir='ltr'>Martinus</span> <span class='ocrx_word' id='word_1_87' title='bbox 1104 1544 1162 1607; x_wconf 91' lang='lat' dir='ltr'>pro</span> <span class='ocrx_word' id='word_1_88' title='bbox 1179 1523 1321 1606; x_wconf 91' lang='lat' dir='ltr'>predicta</span> <span class='ocrx_word' id='word_1_89' title='bbox 1338 1524 1428 1586; x_wconf 88' lang='lat' dir='ltr'>satis·</span> 
     </span>
     <span class='ocr_line' id='line_1_11' title="bbox 157 1629 1424 1711; baseline 0 -19"><span class='ocrx_word' id='word_1_90' title='bbox 157 1629 308 1693; x_wconf 87' lang='lat' dir='ltr'>laccione</span> <span class='ocrx_word' id='word_1_91' title='bbox 341 1631 445 1693; x_wconf 89' lang='lat' dir='ltr'>voluit</span> <span class='ocrx_word' id='word_1_92' title='bbox 479 1645 510 1694; x_wconf 90' lang='lat' dir='ltr'>et</span> <span class='ocrx_word' id='word_1_93' title='bbox 532 1632 611 1693; x_wconf 83' lang='lat' dir='ltr'>dixit</span> <span class='ocrx_word' id='word_1_94' title='bbox 643 1651 751 1694; x_wconf 91' lang='lat' dir='ltr'>coram</span> <span class='ocrx_word' id='word_1_95' title='bbox 780 1632 884 1711; x_wconf 87' lang='lat' dir='ltr'>nobis,</span> <span class='ocrx_word' id='word_1_96' title='bbox 917 1645 952 1694; x_wconf 93' lang='lat' dir='ltr'>ut</span> <span class='ocrx_word' id='word_1_97' title='bbox 982 1631 1138 1694; x_wconf 88' lang='lat' dir='ltr'>medietas</span> <span class='ocrx_word' id='word_1_98' title='bbox 1161 1630 1306 1694; x_wconf 88' lang='lat' dir='ltr'>eiusdem</span> <span class='ocrx_word' id='word_1_99' title='bbox 1330 1631 1424 1692; x_wconf 86' lang='lat' dir='ltr'>vinee</span> 
     </span>
     <span class='ocr_line' id='line_1_12' title="bbox 158 1735 1428 1822; baseline 0 -24"><span class='ocrx_word' id='word_1_100' title='bbox 158 1737 219 1820; x_wconf 89' lang='lat' dir='ltr'>ipsi</span> <span class='ocrx_word' id='word_1_101' title='bbox 250 1736 358 1799; x_wconf 88' lang='lat' dir='ltr'>Blasio</span> <span class='ocrx_word' id='word_1_102' title='bbox 383 1738 494 1799; x_wconf 90' lang='lat' dir='ltr'>sartori</span> <span class='ocrx_word' id='word_1_103' title='bbox 518 1757 576 1822; x_wconf 91' lang='lat' dir='ltr'>per</span> <span class='ocrx_word' id='word_1_104' title='bbox 597 1757 657 1800; x_wconf 90' lang='lat' dir='ltr'>nos</span> <span class='ocrx_word' id='word_1_105' title='bbox 673 1737 864 1821; x_wconf 88' lang='lat' dir='ltr'>perhennari</span> <span class='ocrx_word' id='word_1_106' title='bbox 882 1737 1013 1800; x_wconf 88' lang='lat' dir='ltr'>deberet</span> <span class='ocrx_word' id='word_1_107' title='bbox 1029 1737 1204 1800; x_wconf 87' lang='lat' dir='ltr'>literatorie</span> <span class='ocrx_word' id='word_1_108' title='bbox 1219 1735 1428 1820; x_wconf 81' lang='lat' dir='ltr'>possidenda,</span> 
     </span>
     <span class='ocr_line' id='line_1_13' title="bbox 159 1841 1426 1928; baseline 0.001 -25"><span class='ocrx_word' id='word_1_109' title='bbox 159 1841 301 1926; x_wconf 87' lang='lat' dir='ltr'>ideoque</span> <span class='ocrx_word' id='word_1_110' title='bbox 325 1863 385 1905; x_wconf 89' lang='lat' dir='ltr'>nos</span> <span class='ocrx_word' id='word_1_111' title='bbox 408 1843 584 1927; x_wconf 87' lang='lat' dir='ltr'>predictam</span> <span class='ocrx_word' id='word_1_112' title='bbox 617 1845 743 1906; x_wconf 89' lang='lat' dir='ltr'>vineam</span> <span class='ocrx_word' id='word_1_113' title='bbox 777 1864 850 1906; x_wconf 90' lang='lat' dir='ltr'>cum</span> <span class='ocrx_word' id='word_1_114' title='bbox 874 1843 1036 1928; x_wconf 86' lang='lat' dir='ltr'>premissis</span> <span class='ocrx_word' id='word_1_115' title='bbox 1067 1844 1192 1906; x_wconf 90' lang='lat' dir='ltr'>cunctis</span> <span class='ocrx_word' id='word_1_116' title='bbox 1214 1843 1280 1905; x_wconf 90' lang='lat' dir='ltr'>suis</span> <span class='ocrx_word' id='word_1_117' title='bbox 1304 1842 1426 1904; x_wconf 90' lang='lat' dir='ltr'>utilita-</span> 
     </span>
     <span class='ocr_line' id='line_1_14' title="bbox 158 1949 1428 2034; baseline 0 -23"><span class='ocrx_word' id='word_1_118' title='bbox 158 1949 245 2012; x_wconf 87' lang='lat' dir='ltr'>tibus</span> <span class='ocrx_word' id='word_1_119' title='bbox 268 1963 300 2011; x_wconf 93' lang='lat' dir='ltr'>et</span> <span class='ocrx_word' id='word_1_120' title='bbox 330 1951 537 2032; x_wconf 87' lang='lat' dir='ltr'>pertinenciis</span> <span class='ocrx_word' id='word_1_121' title='bbox 568 1951 735 2030; x_wconf 86' lang='lat' dir='ltr'>universis,</span> <span class='ocrx_word' id='word_1_122' title='bbox 767 1951 918 2034; x_wconf 89' lang='lat' dir='ltr'>predictis</span> <span class='ocrx_word' id='word_1_123' title='bbox 950 1951 1089 2014; x_wconf 88' lang='lat' dir='ltr'>Martino</span> <span class='ocrx_word' id='word_1_124' title='bbox 1122 1951 1236 2014; x_wconf 93' lang='lat' dir='ltr'>cultori</span> <span class='ocrx_word' id='word_1_125' title='bbox 1263 1965 1293 2014; x_wconf 92' lang='lat' dir='ltr'>et</span> <span class='ocrx_word' id='word_1_126' title='bbox 1317 1950 1428 2014; x_wconf 88' lang='lat' dir='ltr'>Blasio</span> 
     </span>
     <span class='ocr_line' id='line_1_15' title="bbox 160 2055 1428 2142; baseline 0.002 -25"><span class='ocrx_word' id='word_1_127' title='bbox 160 2056 274 2118; x_wconf 90' lang='lat' dir='ltr'>sartori</span> <span class='ocrx_word' id='word_1_128' title='bbox 299 2055 375 2119; x_wconf 89' lang='lat' dir='ltr'>filiis</span> <span class='ocrx_word' id='word_1_129' title='bbox 399 2057 498 2140; x_wconf 87' lang='lat' dir='ltr'>ipsius</span> <span class='ocrx_word' id='word_1_130' title='bbox 521 2057 652 2121; x_wconf 92' lang='lat' dir='ltr'>Thome</span> <span class='ocrx_word' id='word_1_131' title='bbox 676 2079 712 2121; x_wconf 90' lang='lat' dir='ltr'>ac</span> <span class='ocrx_word' id='word_1_132' title='bbox 735 2078 792 2142; x_wconf 90' lang='lat' dir='ltr'>per</span> <span class='ocrx_word' id='word_1_133' title='bbox 815 2078 871 2120; x_wconf 87' lang='lat' dir='ltr'>eos</span> <span class='ocrx_word' id='word_1_134' title='bbox 894 2059 1038 2140; x_wconf 89' lang='lat' dir='ltr'>ipsorum</span> <span class='ocrx_word' id='word_1_135' title='bbox 1063 2057 1234 2120; x_wconf 86' lang='lat' dir='ltr'>heredibus</span> <span class='ocrx_word' id='word_1_136' title='bbox 1256 2057 1428 2120; x_wconf 89' lang='lat' dir='ltr'>statuimus</span> 
     </span>
     <span class='ocr_line' id='line_1_16' title="bbox 158 2163 1424 2248; baseline 0.001 -25"><span class='ocrx_word' id='word_1_137' title='bbox 158 2175 190 2224; x_wconf 92' lang='lat' dir='ltr'>et</span> <span class='ocrx_word' id='word_1_138' title='bbox 214 2163 435 2226; x_wconf 88' lang='lat' dir='ltr'>commisimus</span> <span class='ocrx_word' id='word_1_139' title='bbox 459 2184 496 2226; x_wconf 87' lang='lat' dir='ltr'>ex</span> <span class='ocrx_word' id='word_1_140' title='bbox 521 2165 683 2247; x_wconf 84' lang='lat' dir='ltr'>premissis</span> <span class='ocrx_word' id='word_1_141' title='bbox 699 2164 767 2248; x_wconf 86' lang='lat' dir='ltr'>jure</span> <span class='ocrx_word' id='word_1_142' title='bbox 793 2177 949 2248; x_wconf 89' lang='lat' dir='ltr'>perpetuo</span> <span class='ocrx_word' id='word_1_143' title='bbox 973 2177 1004 2228; x_wconf 89' lang='lat' dir='ltr'>et</span> <span class='ocrx_word' id='word_1_144' title='bbox 1029 2163 1298 2227; x_wconf 88' lang='lat' dir='ltr'>irretractabiliter</span> <span class='ocrx_word' id='word_1_145' title='bbox 1322 2163 1424 2244; x_wconf 87' lang='lat' dir='ltr'>possi-</span> 
     </span>
     <span class='ocr_line' id='line_1_17' title="bbox 159 2267 1427 2354; baseline 0 -24"><span class='ocrx_word' id='word_1_146' title='bbox 159 2267 300 2331; x_wconf 88' lang='lat' dir='ltr'>dendam</span> <span class='ocrx_word' id='word_1_147' title='bbox 313 2283 345 2332; x_wconf 92' lang='lat' dir='ltr'>et</span> <span class='ocrx_word' id='word_1_148' title='bbox 360 2270 668 2354; x_wconf 91' lang='lat' dir='ltr'>quomodocumque</span> <span class='ocrx_word' id='word_1_149' title='bbox 686 2270 848 2334; x_wconf 85' lang='lat' dir='ltr'>voluerint</span> <span class='ocrx_word' id='word_1_150' title='bbox 864 2269 1097 2354; x_wconf 89' lang='lat' dir='ltr'>disponendam</span> <span class='ocrx_word' id='word_1_151' title='bbox 1106 2269 1193 2352; x_wconf 84' lang='lat' dir='ltr'>juxta</span> <span class='ocrx_word' id='word_1_152' title='bbox 1202 2269 1427 2332; x_wconf 91' lang='lat' dir='ltr'>condicionem</span> 
     </span>
     <span class='ocr_line' id='line_1_18' title="bbox 158 2375 954 2461; baseline 0.006 -25"><span class='ocrx_word' id='word_1_153' title='bbox 158 2375 296 2438; x_wconf 89' lang='lat' dir='ltr'>civitatis</span> <span class='ocrx_word' id='word_1_154' title='bbox 320 2389 485 2458; x_wconf 90' lang='lat' dir='ltr'>prenotate</span> <span class='ocrx_word' id='word_1_155' title='bbox 510 2378 550 2438; x_wconf 91' lang='lat' dir='ltr'>ab</span> <span class='ocrx_word' id='word_1_156' title='bbox 574 2379 709 2460; x_wconf 89' lang='lat' dir='ltr'>antiquo</span> <span class='ocrx_word' id='word_1_157' title='bbox 734 2379 954 2461; x_wconf 88' lang='lat' dir='ltr'>approbatam.</span> 
     </span>
    </p>

    <p class='ocr_par' dir='ltr' id='par_1_3' title="bbox 162 2481 1426 2758">
     <span class='ocr_line' id='line_1_19' title="bbox 267 2481 1424 2567; baseline 0.002 -23"><span class='ocrx_word' id='word_1_158' title='bbox 267 2481 346 2544; x_wconf 91' lang='lat' dir='ltr'>ltem</span> <span class='ocrx_word' id='word_1_159' title='bbox 376 2483 533 2546; x_wconf 88' lang='lat' dir='ltr'>Martinus</span> <span class='ocrx_word' id='word_1_160' title='bbox 556 2485 705 2567; x_wconf 89' lang='lat' dir='ltr'>sagippar</span> <span class='ocrx_word' id='word_1_161' title='bbox 728 2497 838 2547; x_wconf 89' lang='lat' dir='ltr'>contra</span> <span class='ocrx_word' id='word_1_162' title='bbox 864 2483 1007 2546; x_wconf 87' lang='lat' dir='ltr'>lwanum</span> <span class='ocrx_word' id='word_1_163' title='bbox 1032 2483 1064 2546; x_wconf 95' lang='lat' dir='ltr'>in</span> <span class='ocrx_word' id='word_1_164' title='bbox 1090 2482 1173 2546; x_wconf 88' lang='lat' dir='ltr'>facto</span> <span class='ocrx_word' id='word_1_165' title='bbox 1198 2496 1336 2566; x_wconf 91' lang='lat' dir='ltr'>quatuor</span> <span class='ocrx_word' id='word_1_166' title='bbox 1353 2481 1424 2546; x_wconf 88' lang='lat' dir='ltr'>flor.</span> 
     </span>
     <span class='ocr_line' id='line_1_20' title="bbox 162 2588 1426 2672; baseline 0.001 -23"><span class='ocrx_word' id='word_1_167' title='bbox 162 2588 232 2649; x_wconf 90' lang='lat' dir='ltr'>auri</span> <span class='ocrx_word' id='word_1_168' title='bbox 256 2601 313 2652; x_wconf 90' lang='lat' dir='ltr'>aut</span> <span class='ocrx_word' id='word_1_169' title='bbox 337 2603 445 2652; x_wconf 90' lang='lat' dir='ltr'>contra</span> <span class='ocrx_word' id='word_1_170' title='bbox 478 2605 717 2672; x_wconf 89' lang='lat' dir='ltr'>procuratorem</span> <span class='ocrx_word' id='word_1_171' title='bbox 751 2611 846 2654; x_wconf 90' lang='lat' dir='ltr'>suum</span> <span class='ocrx_word' id='word_1_172' title='bbox 878 2589 919 2652; x_wconf 91' lang='lat' dir='ltr'>ad</span> <span class='ocrx_word' id='word_1_173' title='bbox 944 2591 1085 2672; x_wconf 91' lang='lat' dir='ltr'>primum</span> <span class='ocrx_word' id='word_1_174' title='bbox 1117 2589 1272 2672; x_wconf 90' lang='lat' dir='ltr'>judicium</span> <span class='ocrx_word' id='word_1_175' title='bbox 1296 2608 1426 2670; x_wconf 90' lang='lat' dir='ltr'>respon·</span> 
     </span>
     <span class='ocr_line' id='line_1_21' title="bbox 162 2693 403 2758; baseline 0.012 -3"><span class='ocrx_word' id='word_1_176' title='bbox 162 2693 237 2756; x_wconf 92' lang='lat' dir='ltr'>dere</span> <span class='ocrx_word' id='word_1_177' title='bbox 262 2693 403 2758; x_wconf 91' lang='lat' dir='ltr'>debebit.</span> 
     </span>
    </p>

    <p class='ocr_par' dir='ltr' id='par_1_4' title="bbox 157 2801 1428 3524">
     <span class='ocr_line' id='line_1_22' title="bbox 268 2801 1428 2888; baseline 0.001 -24"><span class='ocrx_word' id='word_1_178' title='bbox 268 2802 347 2864; x_wconf 92' lang='lat' dir='ltr'>Item</span> <span class='ocrx_word' id='word_1_179' title='bbox 381 2801 540 2886; x_wconf 79' lang='lat' dir='ltr'>Georgius</span> <span class='ocrx_word' id='word_1_180' title='bbox 572 2803 778 2888; x_wconf 90' lang='lat' dir='ltr'>Oprasnycza</span> <span class='ocrx_word' id='word_1_181' title='bbox 810 2805 909 2866; x_wconf 92' lang='lat' dir='ltr'>tercio</span> <span class='ocrx_word' id='word_1_182' title='bbox 941 2825 974 2869; x_wconf 91' lang='lat' dir='ltr'>se</span> <span class='ocrx_word' id='word_1_183' title='bbox 1005 2803 1151 2888; x_wconf 87' lang='lat' dir='ltr'>personis</span> <span class='ocrx_word' id='word_1_184' title='bbox 1182 2804 1241 2866; x_wconf 88' lang='lat' dir='ltr'>sibi</span> <span class='ocrx_word' id='word_1_185' title='bbox 1267 2803 1428 2866; x_wconf 88' lang='lat' dir='ltr'>similibus</span> 
     </span>
     <span class='ocr_line' id='line_1_23' title="bbox 158 2908 1424 2992; baseline 0.002 -23"><span class='ocrx_word' id='word_1_186' title='bbox 158 2922 276 2970; x_wconf 91' lang='lat' dir='ltr'>octavo</span> <span class='ocrx_word' id='word_1_187' title='bbox 300 2909 352 2971; x_wconf 91' lang='lat' dir='ltr'>die</span> <span class='ocrx_word' id='word_1_188' title='bbox 376 2929 472 2992; x_wconf 90' lang='lat' dir='ltr'>super</span> <span class='ocrx_word' id='word_1_189' title='bbox 495 2929 582 2972; x_wconf 88' lang='lat' dir='ltr'>aram</span> <span class='ocrx_word' id='word_1_190' title='bbox 607 2909 710 2992; x_wconf 77' lang='lat' dir='ltr'>iurare</span> <span class='ocrx_word' id='word_1_191' title='bbox 739 2909 835 2972; x_wconf 88' lang='lat' dir='ltr'>debet</span> <span class='ocrx_word' id='word_1_192' title='bbox 858 2928 914 2992; x_wconf 93' lang='lat' dir='ltr'>per</span> <span class='ocrx_word' id='word_1_193' title='bbox 945 2909 1223 2992; x_wconf 90' lang='lat' dir='ltr'>adjudicacionem</span> <span class='ocrx_word' id='word_1_194' title='bbox 1247 2908 1424 2991; x_wconf 85' lang='lat' dir='ltr'>juratorum</span> 
     </span>
     <span class='ocr_line' id='line_1_24' title="bbox 158 3014 1424 3100; baseline 0.001 -24"><span class='ocrx_word' id='word_1_195' title='bbox 158 3029 270 3077; x_wconf 90' lang='lat' dir='ltr'>contra</span> <span class='ocrx_word' id='word_1_196' title='bbox 295 3014 464 3078; x_wconf 89' lang='lat' dir='ltr'>dominum</span> <span class='ocrx_word' id='word_1_197' title='bbox 490 3015 627 3079; x_wconf 88' lang='lat' dir='ltr'>Paulum</span> <span class='ocrx_word' id='word_1_198' title='bbox 652 3017 864 3099; x_wconf 90' lang='lat' dir='ltr'>presbiterum</span> <span class='ocrx_word' id='word_1_199' title='bbox 882 3016 1003 3079; x_wconf 92' lang='lat' dir='ltr'>dictum</span> <span class='ocrx_word' id='word_1_200' title='bbox 1029 3016 1173 3100; x_wconf 91' lang='lat' dir='ltr'>Opertha</span> <span class='ocrx_word' id='word_1_201' title='bbox 1198 3017 1230 3078; x_wconf 89' lang='lat' dir='ltr'>in</span> <span class='ocrx_word' id='word_1_202' title='bbox 1256 3014 1340 3078; x_wconf 87' lang='lat' dir='ltr'>lacto</span> <span class='ocrx_word' id='word_1_203' title='bbox 1357 3035 1424 3078; x_wconf 89' lang='lat' dir='ltr'>sus-</span> 
     </span>
     <span class='ocr_line' id='line_1_25' title="bbox 158 3119 1427 3206; baseline 0.002 -24"><span class='ocrx_word' id='word_1_204' title='bbox 158 3121 298 3203; x_wconf 89' lang='lat' dir='ltr'>picionis</span> <span class='ocrx_word' id='word_1_205' title='bbox 322 3119 475 3184; x_wconf 90' lang='lat' dir='ltr'>lurticinii</span> <span class='ocrx_word' id='word_1_206' title='bbox 500 3143 596 3206; x_wconf 88' lang='lat' dir='ltr'>super</span> <span class='ocrx_word' id='word_1_207' title='bbox 619 3142 669 3202; x_wconf 82' lang='lat' dir='ltr'>eu,</span> <span class='ocrx_word' id='word_1_208' title='bbox 696 3137 730 3186; x_wconf 93' lang='lat' dir='ltr'>ut</span> <span class='ocrx_word' id='word_1_209' title='bbox 754 3124 821 3206; x_wconf 91' lang='lat' dir='ltr'>ipse</span> <span class='ocrx_word' id='word_1_210' title='bbox 839 3122 1000 3205; x_wconf 83' lang='lat' dir='ltr'>Georgius</span> <span class='ocrx_word' id='word_1_211' title='bbox 1023 3123 1083 3206; x_wconf 91' lang='lat' dir='ltr'>ipsi</span> <span class='ocrx_word' id='word_1_212' title='bbox 1108 3123 1243 3186; x_wconf 92' lang='lat' dir='ltr'>domino</span> <span class='ocrx_word' id='word_1_213' title='bbox 1268 3122 1369 3184; x_wconf 86' lang='lat' dir='ltr'>Paulo</span> <span class='ocrx_word' id='word_1_214' title='bbox 1395 3123 1427 3184; x_wconf 93' lang='lat' dir='ltr'>in</span> 
     </span>
     <span class='ocr_line' id='line_1_26' title="bbox 159 3227 1428 3311; baseline 0.002 -23"><span class='ocrx_word' id='word_1_215' title='bbox 159 3227 237 3310; x_wconf 90' lang='lat' dir='ltr'>ipsis</span> <span class='ocrx_word' id='word_1_216' title='bbox 259 3228 356 3289; x_wconf 87' lang='lat' dir='ltr'>rebus</span> <span class='ocrx_word' id='word_1_217' title='bbox 379 3229 445 3290; x_wconf 87' lang='lat' dir='ltr'>suis</span> <span class='ocrx_word' id='word_1_218' title='bbox 468 3248 526 3310; x_wconf 89' lang='lat' dir='ltr'>per</span> <span class='ocrx_word' id='word_1_219' title='bbox 549 3229 689 3291; x_wconf 88' lang='lat' dir='ltr'>eundem</span> <span class='ocrx_word' id='word_1_220' title='bbox 714 3229 883 3292; x_wconf 90' lang='lat' dir='ltr'>dominum</span> <span class='ocrx_word' id='word_1_221' title='bbox 906 3228 1042 3290; x_wconf 88' lang='lat' dir='ltr'>Paulum</span> <span class='ocrx_word' id='word_1_222' title='bbox 1059 3242 1169 3292; x_wconf 88' lang='lat' dir='ltr'>contra</span> <span class='ocrx_word' id='word_1_223' title='bbox 1194 3230 1299 3311; x_wconf 92' lang='lat' dir='ltr'>ipsum</span> <span class='ocrx_word' id='word_1_224' title='bbox 1326 3227 1428 3292; x_wconf 93' lang='lat' dir='ltr'>Geor·</span> 
     </span>
     <span class='ocr_line' id='line_1_27' title="bbox 157 3333 1428 3417; baseline 0 -21"><span class='ocrx_word' id='word_1_225' title='bbox 157 3335 250 3416; x_wconf 89' lang='lat' dir='ltr'>gium</span> <span class='ocrx_word' id='word_1_226' title='bbox 278 3335 450 3417; x_wconf 90' lang='lat' dir='ltr'>propositis</span> <span class='ocrx_word' id='word_1_227' title='bbox 474 3347 505 3398; x_wconf 94' lang='lat' dir='ltr'>et</span> <span class='ocrx_word' id='word_1_228' title='bbox 533 3335 707 3398; x_wconf 89' lang='lat' dir='ltr'>nominatis</span> <span class='ocrx_word' id='word_1_229' title='bbox 738 3335 864 3398; x_wconf 92' lang='lat' dir='ltr'>nullum</span> <span class='ocrx_word' id='word_1_230' title='bbox 896 3334 1094 3398; x_wconf 90' lang='lat' dir='ltr'>lurticinium</span> <span class='ocrx_word' id='word_1_231' title='bbox 1126 3333 1252 3398; x_wconf 86' lang='lat' dir='ltr'>lecisset</span> <span class='ocrx_word' id='word_1_232' title='bbox 1276 3354 1334 3396; x_wconf 91' lang='lat' dir='ltr'>nec</span> <span class='ocrx_word' id='word_1_233' title='bbox 1358 3353 1428 3416; x_wconf 92' lang='lat' dir='ltr'>per·</span> 
     </span>
     <span class='ocr_line' id='line_1_28' title="bbox 160 3453 328 3524; baseline -0.006 -21"><span class='ocrx_word' id='word_1_234' title='bbox 160 3453 328 3524; x_wconf 83' lang='lat' dir='ltr'>patrasset.</span> 
     </span>
    </p>

    <p class='ocr_par' dir='ltr' id='par_1_5' title="bbox 156 3547 1429 3950">
     <span class='ocr_line' id='line_1_29' title="bbox 267 3547 1428 3630; baseline 0.001 -22"><span class='ocrx_word' id='word_1_235' title='bbox 267 3547 345 3610; x_wconf 91' lang='lat' dir='ltr'>ltem</span> <span class='ocrx_word' id='word_1_236' title='bbox 371 3547 485 3610; x_wconf 91' lang='lat' dir='ltr'>Fricbe</span> <span class='ocrx_word' id='word_1_237' title='bbox 508 3547 630 3630; x_wconf 89' lang='lat' dir='ltr'>juratus</span> <span class='ocrx_word' id='word_1_238' title='bbox 654 3548 687 3610; x_wconf 89' lang='lat' dir='ltr'>id</span> <span class='ocrx_word' id='word_1_239' title='bbox 712 3567 783 3610; x_wconf 91' lang='lat' dir='ltr'>cum</span> <span class='ocrx_word' id='word_1_240' title='bbox 802 3547 972 3611; x_wconf 81' lang='lat' dir='ltr'>sufficienti</span> <span class='ocrx_word' id='word_1_241' title='bbox 994 3561 1025 3610; x_wconf 92' lang='lat' dir='ltr'>et</span> <span class='ocrx_word' id='word_1_242' title='bbox 1048 3547 1214 3630; x_wconf 85' lang='lat' dir='ltr'>fidedigno</span> <span class='ocrx_word' id='word_1_243' title='bbox 1238 3547 1428 3612; x_wconf 89' lang='lat' dir='ltr'>testimonio</span> 
     </span>
     <span class='ocr_line' id='line_1_30' title="bbox 157 3652 1429 3738; baseline 0.001 -23"><span class='ocrx_word' id='word_1_244' title='bbox 157 3673 215 3736; x_wconf 91' lang='lat' dir='ltr'>per</span> <span class='ocrx_word' id='word_1_245' title='bbox 239 3652 362 3734; x_wconf 86' lang='lat' dir='ltr'>juratos</span> <span class='ocrx_word' id='word_1_246' title='bbox 385 3653 531 3736; x_wconf 90' lang='lat' dir='ltr'>adjurato</span> <span class='ocrx_word' id='word_1_247' title='bbox 548 3655 771 3736; x_wconf 80' lang='lat' dir='ltr'>comprobavit</span> <span class='ocrx_word' id='word_1_248' title='bbox 787 3655 819 3716; x_wconf 93' lang='lat' dir='ltr'>in</span> <span class='ocrx_word' id='word_1_249' title='bbox 837 3653 957 3736; x_wconf 86' lang='lat' dir='ltr'>judicio</span> <span class='ocrx_word' id='word_1_250' title='bbox 974 3674 1082 3716; x_wconf 91' lang='lat' dir='ltr'>coram</span> <span class='ocrx_word' id='word_1_251' title='bbox 1100 3655 1204 3734; x_wconf 88' lang='lat' dir='ltr'>nobis,</span> <span class='ocrx_word' id='word_1_252' title='bbox 1229 3667 1264 3718; x_wconf 93' lang='lat' dir='ltr'>ut</span> <span class='ocrx_word' id='word_1_253' title='bbox 1280 3653 1429 3738; x_wconf 87' lang='lat' dir='ltr'>Mathyas</span> 
     </span>
     <span class='ocr_line' id='line_1_31' title="bbox 156 3759 1428 3844; baseline 0.001 -23"><span class='ocrx_word' id='word_1_254' title='bbox 156 3777 260 3842; x_wconf 91' lang='lat' dir='ltr'>gener</span> <span class='ocrx_word' id='word_1_255' title='bbox 298 3759 439 3841; x_wconf 88' lang='lat' dir='ltr'>magistri</span> <span class='ocrx_word' id='word_1_256' title='bbox 473 3760 611 3822; x_wconf 84' lang='lat' dir='ltr'>condam</span> <span class='ocrx_word' id='word_1_257' title='bbox 645 3759 798 3842; x_wconf 89' lang='lat' dir='ltr'>Stephani</span> <span class='ocrx_word' id='word_1_258' title='bbox 831 3760 987 3822; x_wconf 88' lang='lat' dir='ltr'>Rakarich</span> <span class='ocrx_word' id='word_1_259' title='bbox 1021 3760 1126 3844; x_wconf 90' lang='lat' dir='ltr'>ipsum</span> <span class='ocrx_word' id='word_1_260' title='bbox 1158 3761 1350 3843; x_wconf 85' lang='lat' dir='ltr'>vituperavit</span> <span class='ocrx_word' id='word_1_261' title='bbox 1380 3760 1428 3822; x_wconf 91' lang='lat' dir='ltr'>di·</span> 
     </span>
     <span class='ocr_line' id='line_1_32' title="bbox 158 3864 1286 3950; baseline 0.003 -23"><span class='ocrx_word' id='word_1_262' title='bbox 158 3864 278 3945; x_wconf 89' lang='lat' dir='ltr'>cendo,</span> <span class='ocrx_word' id='word_1_263' title='bbox 302 3877 338 3926; x_wconf 92' lang='lat' dir='ltr'>ut</span> <span class='ocrx_word' id='word_1_264' title='bbox 360 3878 483 3928; x_wconf 92' lang='lat' dir='ltr'>tantum</span> <span class='ocrx_word' id='word_1_265' title='bbox 509 3885 567 3947; x_wconf 92' lang='lat' dir='ltr'>pro</span> <span class='ocrx_word' id='word_1_266' title='bbox 591 3865 661 3948; x_wconf 92' lang='lat' dir='ltr'>ipso</span> <span class='ocrx_word' id='word_1_267' title='bbox 685 3865 775 3929; x_wconf 89' lang='lat' dir='ltr'>daret</span> <span class='ocrx_word' id='word_1_268' title='bbox 798 3879 956 3949; x_wconf 90' lang='lat' dir='ltr'>quantum</span> <span class='ocrx_word' id='word_1_269' title='bbox 983 3885 1042 3950; x_wconf 92' lang='lat' dir='ltr'>pro</span> <span class='ocrx_word' id='word_1_270' title='bbox 1066 3886 1125 3929; x_wconf 91' lang='lat' dir='ltr'>suo</span> <span class='ocrx_word' id='word_1_271' title='bbox 1150 3879 1286 3950; x_wconf 89' lang='lat' dir='ltr'>pastore.</span> 
     </span>
    </p>
   </div>
   <div class='ocr_carea' id='block_1_3' title="bbox 322 4099 1259 4194">
    <p class='ocr_par' dir='ltr' id='par_1_6' title="bbox 322 4099 1259 4194">
     <span class='ocr_line' id='line_1_33' title="bbox 322 4099 1259 4194; baseline 0.002 -19"><span class='ocrx_word' id='word_1_272' title='bbox 322 4099 418 4176; x_wconf 81' lang='lat' dir='ltr'>letis</span> <span class='ocrx_word' id='word_1_273' title='bbox 445 4111 544 4176; x_wconf 81' lang='lat' dir='ltr'>sexta</span> <span class='ocrx_word' id='word_1_274' title='bbox 572 4106 725 4194; x_wconf 82' lang='lat' dir='ltr'>proxima</span> <span class='ocrx_word' id='word_1_275' title='bbox 755 4111 833 4178; x_wconf 86' lang='lat' dir='ltr'>ante</span> <span class='ocrx_word' id='word_1_276' title='bbox 861 4105 983 4179; x_wconf 87' lang='lat' dir='ltr'>lestnm</span> <span class='ocrx_word' id='word_1_277' title='bbox 1012 4105 1259 4178; x_wconf 75' lang='lat' dir='ltr'>penthecostes.</span> 
     </span>
    </p>
   </div>
   <div class='ocr_carea' id='block_1_4' title="bbox 158 4257 1428 5012">
    <p class='ocr_par' dir='ltr' id='par_1_7' title="bbox 158 4257 1428 5012">
     <span class='ocr_line' id='line_1_34' title="bbox 701 4257 890 4342; baseline 0.026 -25"><span class='ocrx_word' id='word_1_278' title='bbox 701 4257 768 4339; x_wconf 84' lang='lat'>(29.</span> <span class='ocrx_word' id='word_1_279' title='bbox 792 4257 890 4342; x_wconf 75' lang='lat' dir='ltr'>mair).</span> 
     </span>
     <span class='ocr_line' id='line_1_35' title="bbox 269 4396 1424 4482; baseline 0.005 -26"><span class='ocrx_word' id='word_1_280' title='bbox 269 4396 347 4460; x_wconf 89' lang='lat' dir='ltr'>ltem</span> <span class='ocrx_word' id='word_1_281' title='bbox 380 4397 532 4460; x_wconf 90' lang='lat' dir='ltr'>dominus</span> <span class='ocrx_word' id='word_1_282' title='bbox 564 4397 748 4460; x_wconf 85' lang='lat' dir='ltr'>Anthonius</span> <span class='ocrx_word' id='word_1_283' title='bbox 779 4399 934 4481; x_wconf 90' lang='lat' dir='ltr'>presbiter</span> <span class='ocrx_word' id='word_1_284' title='bbox 965 4412 1074 4462; x_wconf 89' lang='lat' dir='ltr'>contra</span> <span class='ocrx_word' id='word_1_285' title='bbox 1100 4399 1298 4482; x_wconf 89' lang='lat' dir='ltr'>Stephanum</span> <span class='ocrx_word' id='word_1_286' title='bbox 1321 4398 1424 4462; x_wconf 87' lang='lat' dir='ltr'>lilium</span> 
     </span>
     <span class='ocr_line' id='line_1_36' title="bbox 160 4501 1097 4588; baseline 0.004 -24"><span class='ocrx_word' id='word_1_287' title='bbox 160 4501 342 4565; x_wconf 90' lang='lat' dir='ltr'>Clementis</span> <span class='ocrx_word' id='word_1_288' title='bbox 366 4503 526 4566; x_wconf 88' lang='lat' dir='ltr'>Praudich</span> <span class='ocrx_word' id='word_1_289' title='bbox 550 4505 656 4588; x_wconf 92' lang='lat' dir='ltr'>primo</span> <span class='ocrx_word' id='word_1_290' title='bbox 680 4505 794 4567; x_wconf 90' lang='lat' dir='ltr'>citatus</span> <span class='ocrx_word' id='word_1_291' title='bbox 818 4525 883 4568; x_wconf 93' lang='lat' dir='ltr'>non</span> <span class='ocrx_word' id='word_1_292' title='bbox 908 4505 1097 4588; x_wconf 89' lang='lat' dir='ltr'>comparuit.</span> 
     </span>
     <span class='ocr_line' id='line_1_37' title="bbox 269 4607 1428 4694; baseline 0.001 -23"><span class='ocrx_word' id='word_1_293' title='bbox 269 4607 347 4671; x_wconf 92' lang='lat' dir='ltr'>ltem</span> <span class='ocrx_word' id='word_1_294' title='bbox 371 4611 524 4673; x_wconf 91' lang='lat' dir='ltr'>Nicolaus</span> <span class='ocrx_word' id='word_1_295' title='bbox 540 4611 678 4674; x_wconf 89' lang='lat' dir='ltr'>Bacussa</span> <span class='ocrx_word' id='word_1_296' title='bbox 695 4625 804 4674; x_wconf 90' lang='lat' dir='ltr'>contra</span> <span class='ocrx_word' id='word_1_297' title='bbox 821 4611 1029 4675; x_wconf 90' lang='lat' dir='ltr'>Valentinum</span> <span class='ocrx_word' id='word_1_298' title='bbox 1054 4609 1193 4694; x_wconf 79' lang='lat' dir='ltr'>juratum</span> <span class='ocrx_word' id='word_1_299' title='bbox 1216 4611 1359 4674; x_wconf 90' lang='lat' dir='ltr'>secundo</span> <span class='ocrx_word' id='word_1_300' title='bbox 1384 4611 1428 4674; x_wconf 93' lang='lat' dir='ltr'>ci·</span> 
     </span>
     <span class='ocr_line' id='line_1_38' title="bbox 158 4717 550 4798; baseline 0.003 -20"><span class='ocrx_word' id='word_1_301' title='bbox 158 4729 246 4778; x_wconf 88' lang='lat' dir='ltr'>tatus</span> <span class='ocrx_word' id='word_1_302' title='bbox 271 4735 337 4777; x_wconf 88' lang='lat' dir='ltr'>non</span> <span class='ocrx_word' id='word_1_303' title='bbox 361 4717 550 4798; x_wconf 90' lang='lat' dir='ltr'>comparuit.</span> 
     </span>
     <span class='ocr_line' id='line_1_39' title="bbox 269 4821 1425 4914; baseline 0.001 -31"><span class='ocrx_word' id='word_1_304' title='bbox 269 4821 347 4884; x_wconf 90' lang='lat' dir='ltr'>ltem</span> <span class='ocrx_word' id='word_1_305' title='bbox 372 4823 447 4904; x_wconf 92' lang='lat' dir='ltr'>quia</span> <span class='ocrx_word' id='word_1_306' title='bbox 473 4821 672 4904; x_wconf 87' lang='lat' dir='ltr'>Margaretha</span> <span class='ocrx_word' id='word_1_307' title='bbox 690 4823 800 4886; x_wconf 89' lang='lat' dir='ltr'>relicta</span> <span class='ocrx_word' id='word_1_308' title='bbox 824 4823 962 4885; x_wconf 90' lang='lat' dir='ltr'>condam</span> <span class='ocrx_word' id='word_1_309' title='bbox 980 4823 1133 4914; x_wconf 61' lang='lat' dir='ltr'>§raphani</span> <span class='ocrx_word' id='word_1_310' title='bbox 1158 4823 1299 4885; x_wconf 89' lang='lat' dir='ltr'>salivene</span> <span class='ocrx_word' id='word_1_311' title='bbox 1318 4823 1349 4884; x_wconf 92' lang='lat' dir='ltr'>in</span> <span class='ocrx_word' id='word_1_312' title='bbox 1367 4841 1425 4884; x_wconf 90' lang='lat' dir='ltr'>sua</span> 
     </span>
     <span class='ocr_line' id='line_1_40' title="bbox 161 4927 1427 5012; baseline 0 -22"><span class='ocrx_word' id='word_1_313' title='bbox 161 4941 195 4990; x_wconf 92' lang='lat' dir='ltr'>et</span> <span class='ocrx_word' id='word_1_314' title='bbox 219 4927 321 4990; x_wconf 87' lang='lat' dir='ltr'>Elene</span> <span class='ocrx_word' id='word_1_315' title='bbox 345 4927 409 4990; x_wconf 89' lang='lat' dir='ltr'>filie</span> <span class='ocrx_word' id='word_1_316' title='bbox 433 4949 491 4991; x_wconf 88' lang='lat' dir='ltr'>sue</span> <span class='ocrx_word' id='word_1_317' title='bbox 515 4948 551 4991; x_wconf 84' lang='lat' dir='ltr'>ex</span> <span class='ocrx_word' id='word_1_318' title='bbox 577 4929 692 4991; x_wconf 90' lang='lat' dir='ltr'>eodem</span> <span class='ocrx_word' id='word_1_319' title='bbox 718 4943 748 4992; x_wconf 89' lang='lat' dir='ltr'>et</span> <span class='ocrx_word' id='word_1_320' title='bbox 781 4930 864 4992; x_wconf 91' lang='lat' dir='ltr'>dicta</span> <span class='ocrx_word' id='word_1_321' title='bbox 898 4929 1097 5012; x_wconf 86' lang='lat' dir='ltr'>Margaretha</span> <span class='ocrx_word' id='word_1_322' title='bbox 1129 4929 1286 5012; x_wconf 87' lang='lat' dir='ltr'>legittime</span> <span class='ocrx_word' id='word_1_323' title='bbox 1311 4948 1427 5012; x_wconf 89' lang='lat' dir='ltr'>proge-</span> 
     </span>
    </p>
   </div>
   <div class='ocr_carea' id='block_1_5' title="bbox 1192 5039 1322 5116">
    <p class='ocr_par' dir='ltr' id='par_1_8' title="bbox 1192 5039 1322 5116">
     <span class='ocr_line' id='line_1_41' title="bbox 1192 5039 1322 5116; baseline 0 0"><span class='ocrx_word' id='word_1_324' title='bbox 1192 5039 1322 5116; x_wconf 75' lang='lat'>,¹3</span> 
     </span>
    </p>
   </div>
   <div class='ocr_carea' id='block_1_6' title="bbox 0 0 1846 5800">
    <p class='ocr_par' dir='ltr' id='par_1_9' title="bbox 0 0 1846 5800">
     <span class='ocr_line' id='line_1_42' title="bbox 0 0 1846 5800; baseline 0 0"><span class='ocrx_word' id='word_1_325' title='bbox 0 0 1846 5800; x_wconf 95' lang='lat' dir='ltr'> </span> 
     </span>
    </p>
   </div>
  </div>
 </body>
</html>
