3876 5798
632 555 717 612 Anno
740 551 834 633 1446.
858 587 902 598 —-
925 566 954 632 7.
972 557 1124 630 januarii.
1443 573 1483 636 43
1490 576 1505 636 3

352 765 429 828 ltem
454 783 581 828 causam
606 766 772 828 Benedicti
805 765 861 828 filii
887 766 1134 828 Sebastianiut
1158 767 1283 846 actoris,
1320 781 1351 830 et
1377 767 1507 854 Matltye

244 872 284 934 de
309 872 393 954 Vgra
418 872 501 934 utin
526 892 652 934 causam
671 873 805 951 attracti,
823 873 905 934 inter
921 891 976 936 eos
992 873 1145 952 habitam,
1161 872 1255 954 jurati
1273 874 1428 935 eomodo
1453 873 1507 936 ad-

243 977 476 1060 judicaverunt,
500 991 535 1040 ut
558 979 634 1060 quia
661 979 727 1060 ipse
753 978 898 1062 Mathyas
926 978 1083 1040 violenter
1107 992 1138 1040 et
1161 979 1383 1060 potencialiter
1407 979 1507 1061 depo-

242 1085 306 1148 suit
322 1085 465 1166 sigillum
484 1084 648 1146 Benedicti
666 1083 778 1168 prefati
796 1099 826 1147 et
846 1105 878 1146 se
896 1085 935 1147 ab
952 1104 991 1146 eo
1005 1084 1200 1147 clandestIne
1214 1085 1415 1168 (absentavit)
1441 1105 1505 1148 non

244 1190 400 1253 solvendo
417 1190 486 1272 jura
503 1203 533 1252 et
549 1191 656 1252 debita
680 1211 747 1270 sua,
773 1189 846 1252 ideo
864 1189 949 1252 idem
975 1190 1120 1274 Mathyas
1144 1191 1177 1252 in
1202 1211 1328 1254 causam
1346 1205 1506 1269 attractus,

242 1309 353 1359 contra
378 1296 536 1380 prefatum
562 1297 774 1359 Benedictum
799 1309 830 1358 et
853 1309 963 1358 contra
991 1296 1131 1377 judicem
1156 1311 1187 1359 et
1210 1295 1329 1378 juratos
1353 1298 1506 1360 remansit

246 1401 439 1482 judicialiter
462 1403 628 1465 convictus
652 1417 682 1466 et
714 1415 902 1485 aggravatus
925 1403 1038 1464 ordine
1070 1402 1148 1484 juris
1179 1417 1380 1486 exposcente,
1405 1415 1436 1466 et
1459 1404 1506 1464 in·

244 1527 341 1590 super
364 1527 459 1591 super
482 1522 745 1591 quantocumque
770 1508 911 1591 dampno
944 1509 1012 1591 ipse
1036 1509 1229 1572 Benedictus
1261 1509 1380 1590 juretus
1404 1510 1506 1592 prima

244 1611 348 1696 (feria)
372 1627 458 1676 sexta
483 1615 628 1698 proxima
660 1628 732 1696 post
764 1613 878 1676 festum
912 1614 1166 1697 Epiphaniarum
1198 1615 1328 1678 Domini
1362 1616 1506 1698 proxime

243 1719 427 1800 affuturum,
465 1735 621 1804 quantum
656 1721 807 1784 videlicet
842 1721 1019 1803 dampnum
1056 1721 1115 1803 ipsi
1152 1722 1328 1784 Benedicto
1365 1720 1507 1805 prelatus

247 1825 394 1912 Mathyas
417 1827 535 1908 intulit,
564 1840 689 1890 tantum
722 1827 897 1910 dampnum
932 1826 1036 1888 eidem
1061 1827 1237 1892 Benedicto
1269 1829 1336 1910 ipse
1361 1826 1507 1910 Mathyas

244 1932 426 2014 persolvere
450 1933 592 1996 debebit.

311 2185 408 2262 Ferla
436 2195 536 2262 sexta
564 2191 719 2279 proxima
746 2195 823 2278 post
850 2189 973 2262 festum
1000 2184 1261 2280 Epiphaniamn
1289 2187 1430 2262 Domini.

655 2357 699 2441 (7.
723 2359 877 2437 januan'r',
901 2379 971 2423 ann.
995 2356 1104 2440 1446).

347 2519 425 2581 ltem
450 2518 616 2580 Emericus
647 2518 729 2599 Sega
759 2531 880 2599 juratus
911 2531 1020 2580 contra
1051 2517 1187 2580 Paulum
1218 2515 1321 2580 filium
1345 2517 1429 2580 Petri
1462 2518 1502 2581 de

244 2623 489 2707 Ztupchenycza
510 2625 697 2686 servitorem
712 2624 841 2685 Martini
851 2623 966 2704 judicis
984 2623 1089 2706 primo
1103 2623 1216 2686 citatus
1229 2643 1295 2688 non
1308 2624 1500 2706 comparuit.

349 2747 427 2810 Item
459 2747 533 2810 licet
556 2747 656 2809 Elena
673 2745 739 2809 filia
756 2746 882 2808 Nicolai
906 2747 946 2808 de
963 2747 1141 2826 Bidrasecz‚
1160 2766 1240 2809 uxor
1263 2747 1419 2829 legittima
1439 2747 1504 2810 Viti

241 2853 317 2916 dicti
342 2853 501 2938 Faythlyn
527 2854 678 2935 clavigeri
703 2853 735 2916 in
766 2865 868 2915 castro
893 2853 1031 2932 lvlewed,
1063 2867 1094 2915 et
1118 2853 1279 2916 Fabianus
1313 2851 1397 2916 lilius
1422 2852 1501 2917 Gre-

239 2961 322 3042 gorii
347 2960 387 3022 de
417 2961 489 3023 vico
522 2961 722 3038 Latinorum,
754 2974 866 3038 sartor,
897 2959 1028 3021 maritus
1059 2959 1206 3022 similiter
1236 2960 1412 3042 legittimus
1436 2958 1502 3022 filie

239 3066 341 3129 Elene
365 3067 510 3129 mulieris
535 3068 682 3150 Kusycza
704 3078 835 3145 vocate,
859 3065 891 3127 in
924 3065 1083 3128 adulterio
1107 3064 1278 3128 manifesto
1302 3064 1421 3128 luerint
1446 3065 1501 3126 de·

240 3173 386 3255 prehensi
406 3187 436 3235 et
465 3185 595 3256 propter
611 3172 797 3235 huiusmodi
823 3191 936 3234 eorum
953 3170 1146 3234 maleficium
1164 3191 1278 3255 penam
1301 3192 1398 3254 quam
1415 3171 1504 3254 juxta

241 3292 387 3340 contenta
412 3279 571 3362 privilegii
596 3278 695 3340 nostri
720 3277 902 3340 communis
925 3277 990 3360 pati
1023 3277 1217 3357 debuissent,
1248 3292 1356 3340 tamen
1381 3297 1439 3366 nos
1463 3277 1503 3340 ad

239 3384 409 3446 instantem
434 3385 629 3467 peticionem
654 3383 868 3466 plurimorum
885 3383 1044 3446 nobilium
1069 3397 1100 3444 et
1122 3384 1333 3446 bonestorum
1356 3385 1499 3446 virorum

239 3509 298 3573 pro
332 3491 453 3552 eisdem
487 3510 595 3552 coram
629 3491 722 3552 nobis
754 3490 1044 3569 intercedencium,
1077 3490 1296 3553 misericordia
1327 3490 1378 3552 dei
1412 3491 1503 3570 moti,

240 3596 361 3658 eisdem
385 3596 486 3658 Elene
510 3610 541 3659 et
565 3595 709 3658 Fabiano
732 3596 845 3658 sartori
866 3595 1006 3677 graciam
1032 3609 1063 3658 et
1086 3595 1340 3657 misericordiam
1365 3594 1500 3658 lecimus

238 3701 411 3784 specialem
434 3702 490 3764 tali
515 3703 626 3782 modo,
649 3716 684 3764 ut
713 3701 773 3783 ipsi
805 3701 918 3764 eadem
950 3701 1094 3783 ipsorum
1119 3701 1276 3764 maleficia
1307 3701 1504 3783 deplangant

239 3821 270 3870 et
293 3807 431 3870 defleant
454 3823 485 3870 et
509 3809 641 3870 ulterius
666 3808 779 3870 eadem
804 3823 835 3870 et
858 3807 920 3869 hiis
942 3807 1059 3870 similia
1077 3827 1141 3868 non
1167 3807 1369 3870 committant
1395 3827 1500 3889 neque

238 3928 430 3997 perpetrent,
455 3916 510 3997 qui
534 3915 559 3976 si
584 3915 623 3976 de
648 3929 752 3978 cetero
777 3914 890 3976 eadem
915 3914 966 3976 vel
983 3914 1043 3976 biis
1067 3913 1184 3976 similia
1202 3914 1453 3998 perpetraverint
1470 3925 1501 3976 et

238 4002 429 4103 deprehensi
454 4021 486 4082 in
511 4023 556 4082 eis
584 4020 712 4102 fuerint,
745 4041 819 4082 mox
851 4040 969 4104 penam
991 4040 1088 4103 quam
1121 4041 1179 4102 pro
1204 4022 1249 4083 eis
1273 4013 1503 4098 demeruerint,

238 4140 486 4210 consequentur.

344 4249 423 4313 ltem
447 4251 572 4313 Blasius
589 4264 690 4313 sartor
708 4249 791 4313 filius
808 4250 936 4312 Thome
955 4269 1011 4332 per
1027 4249 1305 4330 adjudicacionem
1324 4248 1502 4330 juratorum

239 4356 355 4438 jurabit
380 4357 479 4418 tercio
497 4377 529 4418 se
554 4357 700 4439 personis
716 4357 776 4418 sibi
792 4357 953 4418 similibus
970 4369 1085 4418 octavo
1103 4356 1155 4417 die
1172 4374 1267 4438 super
1291 4375 1378 4416 atam
1395 4368 1502 4416 sancte

239 4462 352 4525 Crucis
376 4475 485 4524 contra
510 4463 717 4526 Valentinum
736 4462 874 4543 juratum
896 4462 999 4524 lilium
1024 4462 1088 4524 lwlr
1105 4482 1201 4544 super
1225 4481 1275 4540 eo,
1299 4475 1334 4522 ut
1358 4462 1423 4544 ipse
1442 4481 1502 4523 nec

238 4568 407 4649 pecuniam
425 4569 567 4650 aliquam
592 4589 651 4631 nec
668 4568 793 4650 aliquas
817 4588 866 4630 res
890 4569 990 4650 ipsius
1005 4568 1169 4630 Valentini
1195 4567 1300 4648 jurati,
1318 4587 1397 4648 quas
1415 4567 1500 4629 idem

238 4673 428 4736 Valentinus
452 4673 573 4756 juratus
596 4688 707 4737 contra
731 4674 870 4736 eundem
895 4673 1038 4735 Blasium
1067 4687 1220 4735 sartorem
1245 4673 1447 4756 proponebat
1471 4688 1502 4735 et

236 4798 430 4861 supereum
455 4783 720 4863 prosequebatur,
746 4779 950 4842 subtraxisset
972 4799 1077 4861 neque
1104 4777 1219 4842 furtive
1243 4780 1422 4862 recepisset,
1445 4779 1501 4840 sed

239 4887 270 4948 in
295 4887 385 4948 totali
410 4888 540 4949 accione
571 4901 601 4949 et
632 4887 848 4968 acquisicione
882 4886 981 4968 ipsius
1005 4885 1167 4947 Valentini
1200 4886 1316 4946 actoris
1349 4885 1502 4946 innocens

236 5006 317 5054 esset
341 4993 467 5074 penitus
492 5007 522 5056 et
547 4993 706 5055 innoxius.

1356 5097 1395 5158 28
