3734 5796
458 743 535 805 Item
562 743 745 806 Anthonius
761 743 851 824 niger
875 757 983 804 contra
1010 741 1172 824 Mathyam
1191 739 1349 803 Rakarich
1373 741 1480 824 primo
1504 741 1618 802 citatus

354 869 418 910 uon
444 849 633 932 comparuit.

459 957 537 1018 Item
562 955 709 1038 Mathyas
733 955 836 1016 dictus
860 953 1039 1037 Ztakorych
1070 967 1180 1016 contra
1213 952 1390 1034 Georgium
1414 951 1516 1014 filium
1542 951 1618 1015 Cle-

352 1063 468 1124 mentis
491 1062 531 1124 de
556 1063 781 1144 Prepustowcz
805 1061 910 1143 primo
939 1061 1052 1123 citatus
1077 1080 1142 1122 nou
1167 1061 1347 1142 comparuit

458 1169 534 1230 Item
560 1169 754 1230 Benedictus
784 1167 869 1230 filius
901 1167 1078 1230 Sebastiaui
1112 1181 1143 1228 et
1174 1167 1255 1228 Pero
1287 1187 1323 1227 ac
1348 1165 1480 1226 Jaxinus
1511 1165 1616 1244 jurati,

352 1273 409 1336 filii
435 1275 518 1336 Petri
550 1274 675 1354 judicis,
707 1289 815 1336 contra
849 1275 1027 1336 Fabianum
1060 1289 1213 1336 sartorem
1239 1287 1270 1334 et
1300 1272 1501 1334 Anthonium
1533 1270 1617 1332 filios

352 1381 489 1442 Adriani
515 1381 620 1463 primo
645 1381 731 1444 citati
757 1399 822 1442 nou
847 1393 1105 1464 comparuerunt.

378 1617 474 1690 Feria
504 1629 603 1690 sexta
631 1623 787 1708 proxima
816 1629 894 1691 ante
921 1619 1044 1690 festum
1072 1621 1169 1689 beate
1199 1617 1347 1689 Barbare
1375 1620 1518 1706 virginis
1546 1626 1580 1688 et

827 1745 982 1815 martiris
1011 1741 1147 1813 Christi.

855 1916 897 1989 (2.
921 1912 1099 1990 decembris).

456 2073 533 2134 Item
558 2093 686 2134 causam
717 2073 817 2136 debiti
848 2072 1035 2154 pecunialis,
1067 2091 1164 2152 quam
1189 2069 1350 2131 Johanues
1382 2068 1479 2149 judex
1504 2083 1613 2130 contra

350 2178 526 2260 Eiyzabeth
568 2179 712 2240 relictam
744 2179 884 2240 Ladislai
916 2176 1067 2240 aurifabri
1101 2191 1132 2238 et
1163 2175 1296 2236 heredes
1326 2195 1401 2236 suos
1433 2195 1469 2236 ac
1503 2189 1611 2236 contra

351 2283 527 2367 Elyzabeth
550 2285 693 2348 relictam
718 2281 856 2347 Emerici
890 2284 993 2346 fratris
1024 2284 1123 2366 ipsius
1147 2283 1286 2344 Ladislai
1320 2281 1472 2344 aurifabri
1507 2301 1612 2344 coram

350 2391 442 2452 nobis
473 2411 603 2452 movere
626 2391 773 2468 habebat,
800 2392 838 2452 de
863 2393 947 2452 bona
964 2391 1129 2452 voluntate
1146 2389 1245 2472 ipsius
1270 2388 1426 2449 Johannis
1443 2387 1561 2470 judicis
1584 2402 1615 2448 ct

350 2515 386 2556 ex
405 2510 510 2558 nostra
529 2495 694 2576 judiciaria
719 2496 914 2558 admissione
939 2496 978 2557 ad
1003 2496 1143 2576 primum
1175 2494 1331 2574 judicium
1356 2493 1507 2554 duximus
1542 2512 1614 2575 pro·

349 2601 526 2682 rogandam
551 2622 609 2684 pro
634 2603 732 2685 ipsius
756 2622 850 2664 cause
875 2602 1111 2664 deliberacione
1136 2601 1273 2662 meliori.

456 2725 533 2786 Item
559 2725 739 2808 Stephanus
759 2727 889 2807 juratus,
914 2727 1045 2808 crispus,
1070 2725 1109 2787 de
1127 2726 1198 2786 vico
1221 2737 1365 2786 sutorum
1384 2737 1494 2785 contra
1519 2724 1613 2784 Nico·

347 2830 434 2891 laum
459 2844 611 2910 sutorem,
635 2832 784 2914 juratum,
809 2833 848 2894 de
882 2833 997 2894 eodem
1022 2833 1103 2910 vico,
1136 2832 1176 2894 ad
1200 2831 1327 2910 objecta
1359 2831 1459 2912 ipsius
1483 2829 1610 2891 Nicolai

347 2937 387 2998 ad
412 2939 550 3019 primum
575 2939 731 3018 judicium
754 2939 914 3002 tenebitur
938 2939 1141 3022 respondere.

455 3045 531 3106 Item
555 3065 682 3108 causam
701 3066 799 3127 quam
816 3046 972 3107 Martinus
988 3045 1078 3108 faber
1100 3058 1210 3107 contra
1228 3043 1361 3128 Gyurak
1379 3040 1613 3104 Mozlawchich

349 3153 501 3212 movebat
525 3170 632 3214 coram
650 3153 754 3230 nobis,
778 3153 818 3214 ad
842 3153 982 3234 primum
999 3152 1154 3234 judicium
1175 3171 1234 3234 pro
1252 3170 1330 3233 pace
1353 3135 1459 3212 fienda
1484 3147 1525 3209 de
1543 3167 1613 3230 par·

347 3257 433 3318 cium
458 3257 622 3318 voluntate
647 3259 796 3319 duximus
820 3258 1069 3340 prorogandam.

454 3363 531 3424 Item
557 3364 749 3426 Benedictus
781 3364 865 3426 filius
897 3364 1062 3426 Michaelis
1094 3364 1271 3426 Sebastiani
1305 3377 1416 3426 contra
1448 3360 1612 3443 Mathyam

347 3481 500 3530 sartorem
524 3489 680 3550 generum
705 3471 846 3533 Puchich
869 3485 1108 3554 procuratorem
1133 3471 1256 3533 domiui
1283 3471 1367 3532 Petri
1392 3467 1610 3531 archidiaconi

348 3575 387 3634 de
413 3575 552 3636 Kemluk
576 3576 719 3636 secundo
743 3577 856 3638 citatus
881 3597 946 3638 nou
970 3577 1159 3660 comparuit.

455 3697 533 3759 item
558 3700 590 3760 in
614 3699 712 3760 tercia
737 3700 892 3762 citacione
917 3721 980 3782 qua
1005 3701 1117 3764 Petrus
1140 3700 1225 3763 filius
1241 3701 1367 3762 Nicolai
1391 3700 1431 3760 de
1456 3700 1611 3782 Kayeuyk

348 3805 531 3866 Emericum
556 3805 694 3886 juratum
718 3805 821 3866 filium
846 3807 971 3868 Nicolai
989 3827 1046 3889 pro
1071 3808 1277 3889 percussione
1303 3826 1361 3868 sua
1387 3825 1493 3868 coram
1520 3807 1612 3866 nobis

349 3911 499 3972 citaverat
511 3910 670 3988 terciario,
687 3931 815 3974 causam
833 3913 968 3974 eandem
985 3933 1041 3996 per
1054 3914 1248 3995 peticionem
1266 3913 1447 3996 proborum
1469 3912 1611 3974 virorum

347 4035 405 4097 pro
430 4036 507 4098 pace
531 4015 637 4077 fienda
661 4016 700 4077 ad
725 4018 866 4099 primum
890 4018 1046 4100 judicium
1072 4019 1222 4080 duximus
1246 4018 1497 4100 prorogandam.

452 4139 529 4200 Item
556 4139 738 4201 Anthonius
762 4142 852 4222 niger
877 4155 986 4204 contra
1019 4142 1182 4225 Mathyam
1208 4143 1366 4204 Rakarich
1398 4142 1544 4204 secundo
1569 4142 1610 4203 ci·

346 4258 430 4305 tatus
454 4265 520 4305 non
545 4246 734 4326 comparuit.

454 4349 530 4410 Item
556 4351 701 4433 Mathyas
732 4353 835 4414 dictus
859 4355 1027 4416 Ztakorich
1059 4367 1170 4417 contra
1195 4354 1375 4437 Georgium
1408 4353 1512 4416 filium
1538 4355 1609 4418 Cle·

349 4455 463 4514 mentis
488 4456 527 4516 de
553 4457 776 4538 Prepustowcz
801 4461 942 4521 secundo
967 4462 1081 4523 citatus
1105 4481 1170 4522 non
1196 4461 1386 4544 comparuit.

453 4559 531 4621 Item
556 4563 716 4624 Fabianus
740 4564 861 4644 juratus
884 4565 968 4628 filius
992 4567 1147 4628 Johannis
1171 4581 1281 4630 contra
1305 4567 1509 4630 Anthonium
1534 4569 1609 4651 lapi·

347 4662 449 4722 cidam
475 4667 578 4745 primo
608 4669 720 4729 citatus
744 4691 808 4731 non
834 4673 1023 4754 comparuit.

455 4770 531 4830 Item
561 4773 697 4834 Jacobus
721 4777 812 4837 aliter
836 4779 966 4840 Jaxinus
984 4793 1114 4840 vocatus
1134 4779 1220 4842 filius
1242 4781 1327 4843 Petri
1355 4781 1478 4863 Saphar
1502 4795 1607 4843 contra

348 4871 517 4934 dominum
543 4877 671 4938 Petrum
696 4882 915 4944 sacristianum
933 4885 1119 4946 servitorem
1147 4887 1272 4948 domini
1298 4887 1453 4948 Johannis
1470 4885 1608 4950 custodis

348 4979 487 5040 secundo
512 4983 624 5044 citatus
649 5005 713 5045 non
738 4991 929 5071 comparuit.
