3678 5800
425 534 487 593 216
778 534 866 592 Anno
889 547 980 609 1434.
1006 567 1046 576 -
1072 543 1117 609 17.
1141 533 1301 594 decembris.

530 744 608 804 ltem
640 745 716 826 quia
749 745 879 806 domina
912 743 1077 807 Dorothea
1108 743 1173 807 filia
1204 744 1342 806 condant
1367 745 1459 806 Pauli
1492 744 1569 807 dicti
1603 746 1683 824 Steh,

424 851 561 913 condam
586 851 730 914 servitrix
755 849 886 914 domine
918 851 1113 914 Weronicze
1145 852 1253 914 relicte
1278 851 1415 914 condant
1451 852 1578 914 Nicolai
1612 853 1683 914 dicti

424 956 535 1019 Thoth
566 958 606 1019 de
631 957 842 1019 Zomzedwar
880 957 990 1020 matris
1022 957 1162 1020 Ladislai
1198 957 1256 1019 filii
1288 957 1388 1040 ipsius
1411 958 1538 1021 Nicolai
1565 958 1682 1036 Thoth,

424 1083 509 1126 nunc
541 1063 605 1145 jatn
638 1083 768 1126 consors
799 1064 956 1146 legittima
988 1064 1116 1126 Andree
1148 1063 1203 1125 lilii
1238 1064 1404 1126 Michaelis
1435 1064 1511 1126 dicti
1544 1065 1626 1126 Pralt
1650 1066 1684 1127 de

425 1169 576 1253 Omelya,
602 1171 634 1231 in
659 1170 808 1232 extremis
832 1171 895 1234 vite
912 1191 968 1233 sue
992 1171 1179 1252 temporalis
1194 1171 1379 1249 laborasset,
1403 1185 1479 1232 tunc
1504 1171 1571 1254 ipsa
1589 1191 1685 1253 quan·

425 1277 499 1340 dam
525 1277 659 1338 domum
684 1295 774 1338 suarn
799 1277 895 1338 simul
927 1297 999 1339 cum
1025 1275 1127 1339 lundo
1158 1291 1190 1339 et
1220 1277 1352 1339 cellario
1381 1297 1418 1339 ac
1440 1277 1542 1339 domo
1567 1292 1685 1340 murata

424 1402 480 1445 seu
503 1397 588 1445 turre
613 1397 643 1445 et
667 1384 738 1446 aliis
761 1381 826 1445 suis
850 1383 1051 1461 utilitatibus,
1076 1382 1232 1445 hedificiis
1256 1397 1287 1445 et
1303 1383 1510 1465 pertinenciis
1533 1384 1686 1446 universis

424 1489 565 1572 predicte
590 1489 752 1551 Dorothee
787 1504 854 1552 tum
884 1509 942 1571 pro
974 1489 1116 1552 serviciis
1147 1489 1212 1550 suis
1243 1509 1299 1571 per
1323 1489 1436 1552 eadem
1467 1491 1528 1572 ipsi
1554 1489 1683 1553 domine

424 1595 617 1658 Weronicze
642 1596 675 1657 in
699 1595 834 1678 puellari
858 1609 942 1658 etate
966 1595 1070 1658 adhuc
1095 1596 1245 1678 inpensis,
1274 1609 1344 1658 tunt
1369 1596 1471 1656 eciam
1496 1615 1555 1677 pro
1580 1597 1684 1658 anima

424 1721 481 1764 sua
507 1701 676 1782 legavisset
700 1701 768 1782 jure
792 1701 980 1783 perhennali
1009 1701 1248 1784 possidendam,
1273 1715 1304 1763 et
1327 1702 1402 1783 quia
1427 1700 1570 1783 prefatus
1595 1702 1685 1764 Ladi-

424 1807 510 1869 slaus
533 1807 617 1869 filius
635 1808 734 1889 ipsius
757 1807 887 1869 domine
904 1808 1098 1871 Weronicze
1120 1827 1227 1870 coram
1245 1808 1339 1869 nobis
1356 1809 1568 1890 personaliter
1583 1822 1683 1870 astans

425 1913 526 1996 ipsam
541 1913 740 1994 legacionem
751 1913 893 1996 predicte
907 1914 1038 1976 domine
1048 1914 1241 1976 Weronicze
1253 1915 1426 1976 matrissue
1437 1913 1567 1994 penitus
1581 1933 1683 1976 coram

425 2021 519 2082 nobis
543 2019 755 2098 confirmavit,
781 2021 920 2101 ideoque
945 2041 1004 2082 nos
1028 2021 1163 2083 eandem
1189 2019 1323 2082 domurn
1340 2021 1439 2102 ipsius
1462 2020 1596 2082 domine
1612 2020 1682 2082 We·

426 2127 555 2188 ronicze
580 2146 652 2188 cum
677 2127 777 2188 domo
802 2139 925 2188 murata
949 2140 980 2188 et
997 2125 1097 2188 lundo
1122 2147 1157 2188 ac
1181 2126 1311 2188 cellario
1328 2128 1538 2188 subterraneo
1563 2147 1682 2190 necnon

427 2231 594 2310 hedificiis,
619 2233 755 2313 aliisque
780 2233 901 2294 cunctis
934 2233 998 2294 suis
1024 2233 1214 2295 utilitatibus
1238 2246 1269 2294 et
1300 2233 1506 2316 pertinenciis
1532 2235 1683 2295 universis

427 2339 532 2400 eidem
565 2339 696 2400 domine
721 2339 884 2401 Dorothee
915 2340 1036 2402 utiam
1061 2359 1144 2402 nove
1176 2339 1300 2401 concivi
1337 2354 1443 2400 nostre
1468 2359 1505 2402 ac
1528 2361 1585 2422 per
1619 2361 1682 2403 earn

424 2445 490 2508 suis
512 2445 685 2508 heredibus
707 2446 876 2508 statuimus
900 2459 1056 2527 perpetuo
1073 2446 1301 2528 possidendam
1323 2459 1354 2508 et
1377 2446 1680 2529 quomodocumque

425 2553 563 2615 voluerit
586 2552 833 2634 disponendam.
858 2553 946 2634 (Sic).

532 2660 609 2722 ltem
634 2661 708 2740 quia
733 2660 877 2722 Andreas
901 2658 986 2722 filius
1003 2660 1166 2742 Symonis,
1190 2659 1349 2722 habitator
1365 2659 1514 2739 civitatis,
1539 2671 1570 2721 et
1588 2659 1680 2720 Eleus

425 2767 535 2830 relicta
567 2786 603 2828 ac
636 2765 817 2848 Stephanus
848 2765 933 2828 filius
964 2780 994 2828 et
1022 2770 1141 2847 Agnes,
1172 2785 1297 2828 necnon
1322 2766 1423 2829 Elena
1455 2765 1521 2828 filia
1553 2766 1680 2828 condam

427 2873 587 2935 Valentini
613 2871 653 2935 de
677 2872 821 2949 Raboch,
846 2872 879 2933 id
900 2892 972 2935 cum
990 2871 1160 2934 sufficienti
1185 2885 1215 2934 et
1231 2871 1396 2955 fidedigno
1414 2887 1595 2936 nostrorum
1611 2891 1678 2935 con-

431 2980 548 3042 civium
586 2981 771 3041 testimonio
809 2979 841 3041 in
876 2979 950 3040 sede
986 2993 1092 3042 nostra
1128 2979 1293 3061 judiciaria
1326 2981 1410 3042 clare
1441 2982 1680 3063 comprobarunt

426 3106 534 3149 coram
559 3087 663 3164 nobis,
688 3100 722 3148 ut
746 3086 822 3147 dum
848 3086 988 3168 prefatus
1006 3087 1195 3150 Valentinus
1218 3088 1251 3149 in
1268 3089 1417 3150 extremis
1439 3089 1503 3150 vite
1528 3107 1583 3150 sue
1605 3101 1675 3148 tem·

427 3193 547 3276 poralis
571 3193 756 3270 laborasset,
780 3207 856 3255 tunc
880 3193 946 3274 ipse
971 3195 1146 3275 quamdam
1178 3215 1268 3256 suam
1300 3195 1426 3256 vineam
1451 3213 1550 3277 penes
1573 3195 1675 3256 silvam

428 3301 524 3362 Blasii
550 3300 731 3362 stationarii
754 3301 847 3362 sitam
872 3320 908 3362 ac
925 3301 1130 3362 medietatem
1166 3301 1283 3362 domus
1306 3314 1336 3362 et
1353 3299 1443 3362 fundi
1469 3301 1517 3362 sui
1542 3301 1674 3383 predicto

427 3407 555 3467 Andree
580 3419 610 3468 et
635 3405 811 3488 Elyzabeth
836 3407 927 3467 uxori
956 3407 1100 3468 eiusdem
1124 3407 1280 3487 legittime
1305 3405 1393 3468 alfini
1422 3427 1498 3468 vero
1523 3427 1578 3469 sue
1600 3407 1677 3487 lega·

429 3517 534 3594 visset,
567 3515 663 3576 aliam
688 3535 764 3576 vero
796 3513 1001 3576 medietatem
1034 3515 1177 3576 eiusdem
1206 3515 1322 3576 domus
1347 3527 1377 3576 et
1408 3513 1501 3576 lundi
1525 3534 1561 3576 ac
1590 3513 1674 3574 aliam

427 3641 554 3683 vineam
580 3641 670 3683 suam
688 3635 772 3682 retro
796 3641 924 3682 murum
943 3622 1078 3683 civitatis
1102 3621 1244 3704 predicte
1262 3620 1416 3699 habitam,
1433 3621 1571 3702 predicte
1588 3619 1672 3680 Elene

426 3728 534 3790 relicte
559 3741 590 3788 et
615 3727 777 3808 Stephano
801 3725 869 3788 lilio
893 3747 929 3789 ac
954 3728 1070 3808 Agneti
1100 3747 1226 3789 necnon
1251 3727 1352 3790 Elene
1373 3726 1501 3788 filiabus
1524 3727 1585 3788 suis
1600 3725 1670 3804 lega·

425 3835 520 3895 visset
544 3834 610 3916 jure
635 3833 821 3914 perhennali
846 3834 1083 3916 possidendam,
1110 3835 1249 3916 ideoque
1266 3855 1325 3896 nos
1348 3835 1525 3915 predictam
1549 3834 1667 3916 primam

428 3942 556 4024 vineam
581 3941 681 4022 ipsius
704 3941 867 4002 Valentini
892 3961 928 4002 ac
950 3961 1047 4002 unam
1063 3942 1270 4004 medietatem
1294 3941 1378 4004 dicte
1403 3941 1520 4004 domus
1543 3957 1571 4002 et
1592 3936 1666 4000 lundi

428 4046 541 4128 prelati
566 4047 739 4124 Valentini,
757 4048 907 4128 predictis
932 4048 1077 4108 Barnabe
1099 4063 1130 4109 et
1154 4049 1310 4130 Elyzabet
1327 4068 1362 4108 ac
1386 4068 1443 4130 per
1468 4067 1523 4110 eos
1547 4047 1664 4129 ipsorum

429 4153 601 4214 heredibus
633 4153 800 4214 statuimus
829 4167 984 4234 perpetuo
1016 4152 1262 4234 possidendam,
1295 4153 1390 4216 aliam
1423 4167 1531 4216 autern
1559 4151 1662 4212 vineant

427 4259 581 4342 prefatam
606 4274 636 4321 et
660 4261 834 4340 predictam
852 4260 948 4321 aliam
966 4261 1172 4322 medietatem
1189 4261 1288 4343 ipsius
1305 4259 1422 4322 domus
1438 4274 1469 4322 et
1492 4259 1577 4322 fundi
1591 4273 1661 4336 sepe·

427 4365 482 4427 lati
509 4365 670 4427 Valentini
696 4366 734 4426 de
760 4365 892 4427 Raboch
918 4386 989 4428 cum
1023 4367 1175 4429 omnibus
1207 4367 1398 4429 utilitatibus
1430 4380 1461 4430 et
1485 4359 1660 4449 pertinenciis

428 4472 584 4532 universis
616 4473 766 4553 predictis
798 4473 898 4534 Elene
930 4475 1038 4534 relicte
1070 4487 1101 4534 et
1130 4473 1294 4555 Stephano
1323 4493 1359 4534 ac
1383 4475 1501 4554 Agneti
1533 4488 1560 4535 et
1580 4469 1659 4532 Elene

428 4577 555 4638 filiabus
580 4579 710 4661 sepefati
736 4580 899 4642 Valentini
925 4601 961 4642 ae
986 4601 1042 4663 per
1074 4600 1129 4642 eos
1153 4582 1296 4662 ipsorum
1328 4580 1501 4643 heredibus
1525 4577 1658 4642 statuimus

427 4699 583 4764 perpetuo
608 4686 835 4766 possidendam
860 4701 891 4748 et
922 4688 1230 4769 quomodocumque
1262 4687 1425 4750 voluerint
1456 4681 1656 4770 disponendam

427 4787 512 4868 juxta
537 4791 762 4853 condicionem
787 4793 924 4854 civitatis
948 4807 1112 4875 prenotate
1138 4795 1177 4855 ab
1203 4793 1336 4875 antiquo
1361 4795 1573 4877 approbatam.

535 4896 609 4957 ltem
630 4899 704 4978 quia
729 4899 859 4959 domina
879 4900 1027 4980 Saluagia
1045 4901 1122 4961 civis
1144 4900 1280 4962 civitatis
1296 4913 1463 4982 prenotate
1487 4902 1526 4962 ab
1541 4898 1589 4960 hac
1603 4892 1655 4952 luce

430 5000 575 5062 intestata
601 5003 769 5064 decessisse
792 5005 1019 5084 perhibebatur
1036 5026 1072 5066 ex
1091 5021 1208 5084 acerto,
1227 5008 1509 5088 possessionesque
1531 5023 1578 5068 seu
1592 5001 1653 5060 bonl
