3876 5798
384 551 448 620 428
749 555 835 611 Anno
859 567 949 632 1445.
975 588 1015 598 —
1040 551 1090 616 [ό.
1118 555 1286 616 novembris.

387 763 465 825 dum
490 763 550 826 sibi
575 763 766 842 servivisset,
789 765 858 828 sola
882 785 938 828 sua
963 767 994 827 in
1020 785 1156 848 persona
1180 765 1257 828 feria
1291 779 1377 829 sexta
1402 762 1547 848 proxime
1572 769 1652 830 affu-

388 883 458 932 tura
481 869 586 951 jurare
609 871 770 933 tenebitur
786 891 881 954 super
898 891 947 950 eo,
969 885 1004 934 ut
1020 871 1087 954 ipse
1112 872 1279 934 Emericus
1296 873 1326 934 in
1345 893 1473 936 causam
1490 887 1653 955 attractus,

387 975 465 1037 dum
490 976 573 1038 circa
596 976 700 1058 ipsum
726 976 896 1040 Nicolaum
919 976 1060 1060 judicem
1088 979 1281 1057 servivisset,
1313 980 1418 1042 eidem
1443 981 1580 1044 Nicolao
1604 981 1653 1064 ju-

386 1082 448 1144 dici
474 1082 653 1165 dampnutn
677 1083 710 1144 in
733 1084 824 1146 XXX
848 1083 899 1146 vel
924 1085 1070 1166 pluribus
1093 1083 1162 1147 flor.
1180 1086 1248 1147 auri
1274 1084 1401 1148 fecisset
1424 1100 1456 1148 et
1479 1087 1651 1150 intulisset.

493 1188 570 1250 ltem
595 1188 748 1252 Clemens
776 1188 861 1252 lilius
894 1191 1004 1252 Jacohi
1037 1205 1147 1253 contra
1179 1191 1343 1254 Thomam
1375 1205 1517 1255 sutorem
1549 1193 1653 1256 filium

385 1295 483 1356 Blasii
509 1295 548 1357 de
573 1295 728 1378 Brezthya
752 1297 858 1378 primo
882 1297 996 1359 citatus
1020 1317 1085 1360 non
1110 1299 1300 1380 comparuit.

489 1401 567 1463 Item
605 1402 707 1464 lanko
738 1401 824 1464 lilius
858 1403 1013 1465 lobannis
1045 1404 1146 1487 Bolye
1178 1417 1287 1466 contra
1318 1389 1462 1468 relicturis
1494 1407 1652 1469 Anthonii

385 1505 543 1568 carnificis
567 1507 643 1569 dicti
668 1508 887 1592 Kerzowaych
910 1509 1053 1572 secundo
1076 1510 1191 1572 citatus
1215 1530 1280 1572 non
1310 1513 1501 1594 comparuit.

492 1614 569 1676 ltem
604 1615 767 1677 Barnabas
799 1615 903 1678 cultor
933 1616 1015 1678 circa
1040 1617 1168 1678 vineam
1201 1617 1340 1680 condam
1372 1619 1458 1681 lvvan
1482 1620 1652 1682 Jacomelli

386 1719 534 1782 habitans
558 1735 667 1783 contra
692 1721 892 1784 Anthonium
910 1741 1023 1784 cocum
1048 1723 1079 1784 in
1104 1723 1209 1806 primo
1225 1723 1346 1806 judicio
1370 1726 1516 1808 proxime
1539 1747 1650 1788 occur·

385 1827 467 1888 renti
491 1827 652 1890 tenebitur
676 1828 879 1910 respondere.

492 1933 570 1996 ltem
588 1932 748 2016 Georgius
763 1955 863 2018 gener
879 1935 1004 2017 Agathe
1017 1935 1130 1998 bibula
1148 1949 1258 1998 contra
1272 1935 1479 2000 Valentinum
1498 1937 1652 2000 claudum

386 2039 492 2122 primo
515 2040 629 2102 citatus
653 2061 717 2103 non
747 2041 937 2124 comparuit.

490 2145 569 2208 ltem
593 2147 723 2208 domina
750 2147 923 2210 Scolastica
947 2147 1057 2208 relicta
1091 2147 1228 2210 condam
1254 2149 1336 2210 Petri
1361 2148 1454 2230 jurati
1480 2148 1538 2210 filii
1565 2150 1651 2211 Petri

385 2251 510 2332 Saphar
534 2266 647 2315 octavo
672 2253 724 2315 die
756 2253 860 2335 jurare
891 2253 1052 2315 tenebitur
1082 2254 1151 2315 sola
1178 2273 1233 2314 sua
1268 2255 1299 2315 in
1324 2274 1460 2336 persona
1491 2275 1652 2338 supereo

387 2373 496 2420 contra
521 2359 664 2421 relictam
688 2359 815 2422 Nicolai
847 2359 961 2441 judicis
993 2359 1109 2421 dictam
1142 2360 1305 2440 Leukam,
1336 2375 1484 2443 presente
1517 2363 1652 2424 homine

386 2477 508 2542 nostro,
532 2483 627 2547 super
650 2485 748 2543 aram,
772 2479 807 2528 ut
830 2463 971 2548 prefatus
990 2466 1099 2527 Petrus
1122 2465 1211 2548 olyrn
1241 2467 1373 2528 maritus
1390 2469 1490 2548 ipsius
1514 2467 1648 2530 domine

390 2569 563 2632 Scolastice
587 2571 664 2632 dum
689 2571 792 2633 adhuc
816 2572 944 2633 vixisset
968 2572 999 2633 in
1024 2571 1086 2634 hoc
1105 2571 1215 2634 seculo
1239 2573 1419 2654 temporali,
1444 2573 1567 2655 prelato
1592 2575 1650 2636 Ni-

384 2675 476 2737 colao
501 2677 598 2757 judici
624 2677 701 2738 dum
726 2677 873 2740 similiter
897 2679 929 2739 in
953 2677 1014 2740 hoc
1037 2679 1147 2764 seculo
1171 2679 1341 2760 temporali
1366 2679 1506 2758 vixisset,
1531 2679 1571 2741 de
1597 2701 1655 2762 pe-

387 2782 490 2843 cuniis
513 2797 544 2844 et
567 2783 710 2846 candelis
727 2784 889 2846 colendini
903 2785 1001 2845 sancti
1020 2784 1185 2857 lobannis,
1202 2784 1279 2846 alias
1296 2785 1382 2866 apud
1396 2785 1502 2867 ipsum
1520 2785 1654 2847 Petrum

386 2888 497 2968 habiti,
521 2890 743 2952 omnimodam
770 2891 916 2972 inpendit
938 2889 1202 2955 satisfaccionem.

491 2995 569 3057 ltem
594 2997 668 3078 quia
688 2996 860 3060 Katherina
879 2996 994 3058 mulier
1017 3015 1097 3058 uxor
1114 2997 1270 3076 legittima
1288 2996 1467 3058 Sebastiani
1496 2996 1650 3058 Soldinar

385 3100 425 3161 de
448 3101 523 3162 vivo
547 3100 725 3184 (h)omagio
750 3103 850 3166 Elene
875 3102 981 3184 puelle
1005 3100 1070 3163 filie
1096 3101 1228 3182 Georgii
1253 3102 1292 3163 de
1317 3103 1498 3164 Nouoselcz
1523 3103 1554 3163 iu
1580 3122 1649 3184 quo

384 3227 441 3290 per
464 3207 584 3288 juratos
607 3209 781 3270 modernos
805 3223 914 3270 contra
939 3209 1072 3268 eandem
1100 3208 1234 3270 Elenam
1267 3206 1366 3269 filiam
1392 3208 1491 3290 ipsius
1516 3207 1653 3290 Georgii

386 3314 596 3395 birsagialiter
627 3314 807 3394 adjudicata
841 3314 918 3392 fuit,
951 3313 1055 3375 eidem
1089 3313 1190 3374 Elene
1223 3314 1330 3396 puelle
1355 3328 1385 3375 et
1417 3313 1516 3394 judici
1541 3333 1576 3375 ac
1601 3314 1655 3395 ju-

389 3421 464 3481 ratis
487 3421 651 3484 modernis
675 3421 714 3482 de
749 3421 840 3484 totali
863 3420 1002 3500 hirsagio
1027 3420 1059 3480 in
1084 3439 1148 3500 quo
1173 3418 1258 3482 iacto
1283 3421 1313 3481 in
1339 3419 1455 3482 eodem
1480 3435 1546 3482 erat
1572 3441 1652 3482 con-

385 3527 468 3587 victa
493 3527 716 3588 omnimodam
734 3528 879 3610 inpendit
902 3525 1168 3604 satisfaccionem,
1186 3526 1260 3588 ideo
1278 3526 1414 3588 eandem
1440 3526 1655 3590 Katherinam

388 3652 519 3694 uxorem
545 3634 644 3715 ipsius
677 3633 855 3696 Sebastiani
890 3631 1040 3694 Soldinar
1071 3633 1179 3713 previa
1205 3633 1244 3694 de
1277 3633 1405 3695 racione
1430 3633 1656 3696 commisimus

386 3737 454 3800 fore
478 3739 670 3821 expeditam.

436 3973 533 4048 laria
562 3980 669 4048 tercia
698 3980 851 4066 proxima
880 3987 958 4048 aute
991 3977 1114 4049 festum
1152 3978 1248 4049 beate
1277 3976 1458 4066 Elyzabeth
1485 3979 1594 4048 vidue.

874 4126 939 4207 (16.
963 4129 1142 4205 novembris).

516 4269 593 4331 ltenr
619 4269 750 4330 domina
776 4268 952 4351 Elyzabeth
977 4268 1086 4330 relicta
1119 4269 1255 4330 condam
1289 4269 1418 4331 Andree
1444 4269 1596 4331 Zwechar
1621 4287 1656 4332 et

391 4374 567 4456 Gregorius
590 4375 675 4437 filius
699 4376 841 4437 eiusdem
863 4375 991 4436 Andree
1010 4375 1161 4436 Zwechar
1185 4390 1293 4437 contra
1325 4375 1487 4458 Mathyam
1512 4377 1654 4456 juratum

389 4501 544 4562 generum
562 4482 704 4562 magistri
731 4481 883 4563 Stephani
901 4480 1058 4542 Rakarich
1077 4482 1181 4563 primo
1198 4481 1282 4542 citati
1297 4501 1362 4542 non
1387 4496 1652 4563 comparuerunt.

493 4607 568 4668 ltem
606 4627 732 4668 causam
776 4625 872 4686 quarn
909 4604 1054 4667 Thomas
1092 4619 1194 4667 sartor
1229 4604 1313 4666 filius
1349 4605 1504 4666 iohannis
1540 4619 1653 4668 contra

386 4732 519 4775 uxorem
545 4712 724 4775 Sebastiani
750 4711 924 4794 predictam
950 4711 1100 4772 Soldinar
1121 4710 1254 4772 infacto
1278 4712 1438 4793 potencie,
1462 4731 1558 4793 quant
1583 4711 1654 4793 ipse

389 4818 535 4882 Thomas
559 4833 660 4881 sartor
692 4832 801 4880 contra
832 4818 967 4879 eandem
1000 4836 1132 4878 uxorem
1166 4818 1343 4879 Sebastiani
1369 4817 1520 4879 Soldinar
1542 4837 1653 4880 coram

388 4926 482 4987 nobis
500 4927 713 5007 proponebat,
738 4938 768 4986 et
792 4925 823 4984 in
847 4929 930 4985 sacto
955 4922 1183 5004 hospitacionis
1200 4937 1230 4984 et
1253 4923 1508 4984 conservationis
1531 4920 1654 5002 furum,

386 5032 474 5117 quod
501 5031 601 5096 eciam
628 5031 712 5094 idem
738 5030 883 5094 Thomas
915 5043 1016 5091 sartor
1047 5043 1156 5092 contra
1182 5029 1281 5114 ipsam
1314 5047 1445 5094 uxorem
1472 5027 1655 5093 Sebastiani
