3678 5800
577 561 777 639 Ann01435·
802 595 842 606 -
867 575 894 623 1.
911 562 996 637 julii.
1362 579 1423 644 233

162 669 236 675 —.
836 670 865 674 -
878 669 1088 675 ——-—.-.
1102 669 1423 676 ffi———-

268 772 347 834 Item
374 773 520 835 Thomas
536 769 676 835 carnifex
701 771 786 834 filius
802 773 887 834 Luce
905 787 1014 834 contra
1040 773 1175 836 Paulum
1197 773 1424 836 Corintianum

160 878 343 942 camificem
366 881 472 962 primo
497 879 611 942 citatus
635 898 700 942 nou
729 879 918 962 comparuit.

209 1099 305 1172 Feria
333 1105 432 1170 sexta
460 1101 720 1188 prorimapust
746 1099 870 1171 festum
898 1099 1073 1172 beatorum
1102 1101 1194 1172 Petri
1223 1108 1257 1173 et
1286 1101 1381 1173 Pauli

672 1224 913 1312 apostolorum.

714 1379 756 1454 (1.
772 1378 874 1456 Jialt'z).

268 1519 346 1582 ltem
371 1519 522 1601 magister
546 1518 691 1582 Thomas
722 1519 866 1583 literatus
896 1520 981 1583 filius
1006 1521 1079 1604 lsipi
1112 1535 1221 1584 contra
1247 1521 1423 1605 Georgium

157 1627 300 1709 judicem
325 1627 430 1709 primo
454 1626 568 1688 citatus
592 1645 656 1688 non
685 1627 875 1708 comparuit.

266 1732 344 1794 ltem
378 1731 453 1814 quia
484 1731 618 1814 provida
650 1731 766 1794 mulier
799 1733 899 1795 Elena
930 1747 1053 1809 vocata,
1086 1731 1150 1795 filia
1184 1735 1280 1796 Blasii
1313 1733 1422 1798 relicta

157 1839 296 1902 condam
321 1838 477 1901 Anthonii
501 1837 558 1900 filii
585 1837 667 1900 Petri
693 1837 768 1900 dicti
789 1837 975 1918 Wlkanich,
1000 1859 1085 1902 nunc
1109 1859 1240 1902 consors
1264 1839 1422 1922 legittima

156 1947 217 2009 viri
244 1945 371 2030 providi
396 1945 551 2008 lobannis
579 1945 693 2008 Croaci
729 1945 870 2007 concivis
900 1945 1010 2025 nostri,
1034 1946 1067 2008 id
1092 1966 1164 2008 cum
1197 1945 1366 2009 sufficienti
1393 1959 1424 2008 et

157 2052 324 2134 fidedigno
348 2063 529 2114 nostrorum
553 2051 736 2114 concivium
759 2052 944 2115 testimonio
970 2053 1001 2114 in
1026 2053 1100 2114 aede
1126 2065 1232 2116 nostra
1257 2051 1423 2135 iudiciaria

156 2159 240 2221 clare
265 2172 296 2221 et
319 2159 436 2220 seriose
461 2177 568 2220 coram
600 2157 695 2219 nobis
727 2157 758 2219 iu
784 2156 905 2236 judicio
940 2159 1173 2242 comprobavit,
1206 2173 1240 2221 ut
1264 2157 1341 2221 dum
1365 2158 1422 2220 ho·

157 2280 248 2328 nesta
273 2265 381 2348 puella
413 2265 514 2327 Elena
546 2277 669 2343 vocata,
690 2262 754 2326 lilia
787 2263 899 2346 prefati
933 2265 1088 2328 Anthonii
1120 2265 1175 2328 filii
1209 2265 1307 2348 ipsius
1339 2265 1422 2328 Petri

156 2370 343 2450 Wlkanich,
367 2371 431 2452 iam
455 2371 488 2432 in
516 2385 639 2432 matura
660 2390 716 2431 sua
741 2383 824 2432 etate
848 2371 984 2454 puellari
1008 2372 1191 2451 constituta,
1216 2373 1247 2433 in
1273 2371 1423 2464 extremis

156 2479 221 2540 vite
245 2498 301 2540 sue
325 2461 512 2562 temporalis
535 2477 719 2556 laborasset,
748 2491 824 2540 tunc
854 2477 923 2561 ipsa
946 2479 1078 2541 totalem
1111 2499 1201 2541 suam
1234 2479 1421 2562 porcionem
1467 2515 1472 2525 ·

156 2599 222 2646 tam
247 2583 364 2647 domus
388 2603 486 2666 quam
509 2583 602 2646 vinee
629 2583 729 2666 ipsam
754 2583 888 2666 juridice
908 2599 939 2647 et
962 2585 1134 2646 literatorie
1160 2599 1420 2664 concernentem,

158 2691 303 2772 aliasque
326 2690 490 2752 universas
511 2709 584 2751 suas
608 2709 657 2751 res
681 2703 712 2752 et
736 2691 820 2752 bona
845 2691 946 2772 ipsam
971 2691 1029 2753 rite
1054 2703 1085 2752 et
1110 2691 1265 2773 legittime
1293 2711 1421 2753 concer-

156 2811 271 2860 nentes
296 2811 327 2859 et
348 2797 517 2879 tangencia
543 2815 615 2858 cum
640 2797 797 2858 universis
829 2798 893 2859 suis
926 2797 1126 2877 utilitatibus,
1152 2797 1287 2880 juribus,
1312 2799 1422 2860 usibus

156 2917 187 2964 et
210 2901 418 2984 pertinenciis
442 2901 608 2984 quibusvis
630 2901 751 2984 prefate
780 2903 880 2965 Elene
913 2904 1007 2966 matri
1032 2925 1087 2965 sue
1120 2903 1239 2968 carnali
1263 2903 1419 2984 legittime

156 3008 327 3090 legavisset
349 3021 381 3070 et
404 3007 576 3070 dimisisset
599 3007 668 3090 jure
700 3009 886 3092 perhennali
918 3009 1158 3093 possidendam,
1190 3009 1329 3092 ideoque
1363 3030 1421 3072 nos

154 3114 289 3177 totalem
322 3113 508 3196 porcionem
540 3127 605 3177 tam
638 3115 754 3178 domus
785 3135 881 3198 quam
913 3117 1025 3196 vinee,
1055 3117 1243 3198 porcionem
1275 3116 1422 3180 videlicet

155 3221 255 3303 ipsius
280 3220 381 3282 Elene
407 3220 514 3302 puelle
540 3221 570 3283 in
597 3235 720 3284 matura
744 3241 800 3284 sua
825 3237 906 3285 etate
923 3223 986 3304 jam
1011 3221 1161 3286 defuncte
1185 3237 1220 3286 ut
1248 3221 1418 3306 prefertur,

156 3328 259 3410 ipsam
285 3327 418 3408 juridice
444 3341 478 3389 ut
508 3327 702 3410 premittitur
734 3341 764 3390 et
795 3329 968 3391 literatorie
1000 3345 1259 3408 concernentem,
1294 3331 1420 3392 univer-

157 3453 274 3514 sasque
298 3434 377 3496 alias
397 3453 446 3496 res
470 3449 501 3496 et
524 3435 608 3496 bona
641 3435 785 3498 eiusdem
811 3435 912 3498 Elene
936 3437 1042 3518 puelle
1075 3455 1148 3498 cum
1175 3436 1333 3498 universis
1355 3437 1421 3498 suis

157 3540 351 3602 utilitatibus
385 3539 518 3622 juribus,
542 3541 653 3603 usibus
670 3553 700 3603 et
731 3541 936 3624 pertinenciis
953 3541 1108 3604 universis
1126 3555 1302 3604 memorate
1319 3541 1420 3604 Elene

161 3646 254 3708 matri
279 3645 377 3728 ipsius
401 3646 502 3708 Elene
527 3646 634 3730 puelle
659 3668 694 3709 ac
719 3667 776 3730 per
799 3668 869 3710 eam
893 3649 958 3710 suis
990 3647 1163 3710 heredibus
1192 3647 1362 3709 statuimus
1389 3661 1420 3709 et

155 3751 380 3814 commisimus
403 3753 586 3814 racionibus
609 3765 640 3815 et
664 3753 767 3816 causis
791 3774 828 3815 ex
853 3754 1014 3836 premissis
1037 3753 1206 3815 statuimus
1230 3765 1261 3814 et
1285 3753 1418 3814 commi·

154 3859 255 3920 simus
288 3859 356 3939 jure
380 3873 536 3941 perpetuo
560 3873 590 3922 et
620 3859 871 3921 irrevocabiliter
901 3859 1140 3942 possidendam,
1165 3857 1337 3920 tenendam
1362 3879 1418 3941 pa·

154 3965 229 4026 riter
246 3977 277 4026 et
293 3963 475 4028 habendam
493 3983 529 4026 ac
544 3963 630 4046 juxta
647 3965 873 4028 condicionem
890 3965 1026 4026 civitatis
1043 3977 1208 4046 prenotate
1225 3967 1264 4026 ab
1282 3963 1419 4046 antiquo

154 4071 364 4153 approbatam
388 4070 696 4152 quomodocumque
720 4071 858 4132 voluerit
882 4070 1125 4153 disponendam.

262 4177 339 4238 ltem
372 4176 446 4258 quia
479 4177 527 4238 vir
556 4177 710 4258 providus
742 4177 866 4238 Blasius
897 4177 1000 4238 cultor
1028 4175 1112 4238 filius
1145 4177 1243 4238 Marci
1278 4175 1419 4238 concivis

155 4295 275 4361 noster,
298 4281 331 4343 id
356 4283 520 4345 evidenter
544 4297 575 4345 et
598 4281 792 4345 sufficienter
816 4281 857 4344 ac'
876 4283 1037 4364 fidedigne
1060 4301 1167 4343 coram
1193 4282 1286 4343 nobis
1310 4282 1341 4342 in
1371 4281 1418 4362 ju-

155 4388 241 4450 dicio
267 4383 350 4450 clare
374 4389 607 4470 comprobavit,
625 4403 659 4450 ut
675 4389 814 4470 quedam
828 4389 918 4450 litere
936 4387 1151 4471 privilegiales
1169 4386 1286 4449 lactum
1312 4387 1416 4448 cuius·

153 4495 228 4556 darn
253 4495 346 4556 vinee
370 4513 426 4556 sue
462 4493 659 4577 infrascripta
690 4508 867 4576 tangentes,
900 4495 932 4556 in
957 4495 1056 4556 domo
1089 4493 1222 4575 Georgii
1247 4495 1361 4576 judicis
1385 4495 1417 4556 in

153 4599 281 4662 civitate
314 4601 454 4682 predicta
485 4599 603 4679 habita,
629 4601 660 4662 in
693 4602 940 4664 conservacione
968 4602 1054 4664 etin
1087 4601 1228 4680 reposito
1253 4600 1362 4662 habite
1387 4614 1418 4663 et

154 4707 323 4768 existentes
354 4707 386 4767 in
418 4707 681 4768 concremacione
713 4721 744 4768 et
773 4708 980 4770 succensione
1013 4705 1134 4789 prefate
1167 4705 1282 4768 domus
1319 4706 1417 4788 ipsius

154 4811 287 4893 Georgii
312 4810 426 4892 judicis
449 4825 650 4874 concremate
674 4827 705 4874 et
728 4813 802 4894 igne
826 4814 953 4894 penitus
977 4827 1165 4893 consumpte
1190 4827 1220 4874 et
1245 4811 1416 4873 anichilate

155 4917 341 4995 extitissent,
358 4931 470 4999 petens
494 4937 552 4979 nos
569 4918 676 4980 debita
693 4938 766 4980 cum
792 4920 955 4998 instancia,
981 4933 1015 4980 ut
1035 4919 1094 4980 sibi
1119 4938 1214 5000 super
1239 4919 1305 5000 ipsa
1323 4919 1415 4978 vinea

156 5041 212 5086 sua
234 5022 342 5087 literas
363 5035 486 5086 nostras
502 5041 601 5087 novas
617 5023 833 5106 privilegiales
850 5024 957 5088 denuo
975 5023 1088 5088 confici
1106 5037 1136 5086 et
1153 5024 1294 5088 emanavi
1311 5021 1416 5086 facere
