3734 5796
561 575 647 633 Anno
671 572 763 652 1438.
790 609 829 618 -
854 573 907 638 28.
931 577 1103 638 novembris.
1403 591 1464 655 299

197 803 353 869 perpetuo
378 801 408 848 et
431 787 682 848 irrevocabiliter
706 786 916 869 possidendas
934 800 965 848 et
991 788 1298 869 quomodocumque
1327 787 1465 848 voluerit

198 893 415 974 disponendas
431 892 516 975 juxta
541 893 766 954 condicionem
790 893 925 956 civitatis
949 907 1115 975 prenotate
1139 895 1178 955 ab
1196 895 1330 975 antiquo
1347 912 1462 975 appro-

199 1000 317 1061 batam.

305 1105 383 1167 ltem
408 1105 533 1166 Blasius
557 1103 651 1166 frater
676 1103 782 1185 junior
814 1105 937 1167 domini
962 1105 1117 1168 Anthonii
1150 1106 1316 1188 presbiteri
1341 1105 1459 1187 jurabit

199 1223 313 1273 octavo
339 1212 390 1273 die
414 1231 510 1292 super
535 1231 622 1272 aram
647 1225 757 1273 contra
782 1212 967 1273 Emericum
1000 1224 1153 1274 sartorem
1184 1211 1336 1272 claudum
1369 1231 1464 1294 super

198 1338 237 1379 eo
261 1319 454 1396 terciusmet‚
486 1331 521 1378 ut
552 1318 619 1400 ipse
651 1337 770 1399 equum
803 1318 936 1399 predicti
970 1319 1108 1380 Emerici
1132 1319 1260 1380 sartoris
1292 1337 1356 1379 non
1390 1318 1464 1378 sub·

198 1425 343 1486 traxisset
366 1445 425 1486 nec
451 1425 482 1485 in
507 1422 593 1486 lurtu
626 1425 770 1486 eiusdem
802 1425 877 1506 equi
902 1425 1060 1506 particeps
1093 1423 1213 1503 fuisset,
1238 1423 1293 1485 sed
1318 1424 1350 1484 in
1374 1423 1463 1484 totali

199 1532 329 1593 accione
347 1544 377 1592 et
393 1531 609 1613 acquisicione
623 1530 722 1612 ipsius
735 1529 874 1591 Emerici
891 1531 1046 1592 innocens
1062 1531 1101 1591 sit
1118 1531 1244 1612 penitus
1261 1543 1293 1592 et
1310 1529 1461 1590 inmunis.

304 1655 381 1716 ltem
406 1655 523 1736 jurabit
547 1655 614 1716 sola
632 1675 687 1715 sua
713 1655 744 1714 in
770 1674 906 1736 persona
928 1655 1077 1716 Vrbanus
1094 1654 1215 1734 juratus
1233 1653 1316 1714 filius
1335 1652 1463 1734 Mathye

200 1762 323 1844 Zupani
347 1775 461 1822 octavo
486 1761 536 1821 die
553 1781 648 1843 super
665 1781 752 1822 aram
770 1775 879 1822 contra
904 1761 1070 1822 dominam
1089 1760 1299 1822 Katherinam
1317 1759 1461 1820 relictam

200 1867 398 1948 Sigismundi
430 1865 542 1948 jurati,
574 1887 658 1928 nunc
691 1881 871 1929 consortem
893 1867 1023 1950 Mathye
1048 1867 1177 1945 Farkas,
1209 1885 1265 1948 per
1296 1865 1463 1942 adjudica-

196 1974 322 2035 cionem
340 1973 517 2054 juratorum
540 1993 635 2055 super
652 1993 702 2052 eo,
727 1986 761 2034 ut
778 1974 843 2055 ipse
863 1973 983 2056 prefate
1007 1973 1180 2035 Katberine
1198 1974 1325 2034 mulieri
1344 1972 1460 2033 dictam

198 2079 368 2162 pecuniam
394 2092 425 2140 et
449 2079 552 2160 ipsum
578 2079 699 2140 malum
725 2079 812 2160 quod
841 2093 951 2141 contra
985 2080 1089 2162 ipsum
1114 2079 1279 2140 Vrbanum
1307 2097 1462 2160 proposu-

201 2199 267 2245 erat
292 2185 350 2266 ipsi
375 2183 506 2246 domine
532 2183 706 2246 Katherine
737 2204 802 2246 non
833 2197 960 2246 tenetur
990 2205 1048 2246 nec
1072 2185 1139 2266 ipsa
1163 2185 1223 2246 sibi
1257 2183 1380 2266 aliquid
1406 2203 1460 2264 pe·

198 2292 284 2353 nitus
308 2311 345 2352 ex
369 2290 520 2372 predictis
543 2291 717 2372 propositis
740 2292 906 2352 concessit.

304 2415 381 2477 Item
414 2415 531 2497 jurabit
561 2413 727 2477 familiaris
759 2415 921 2478 Dorothee
957 2415 1021 2478 filie
1054 2414 1295 2478 Chudawchich
1330 2406 1461 2476 nomine

198 2521 374 2602 Gregorius
397 2522 496 2583 tercio
520 2541 552 2582 se
577 2522 722 2603 personis
753 2523 813 2584 sibi
845 2522 1004 2583 similibus
1029 2537 1142 2584 octavo
1174 2522 1225 2583 die
1256 2540 1351 2602 super
1374 2539 1462 2580 aram

196 2643 306 2690 contra
325 2628 426 2710 ipsam
444 2627 642 2690 Dorotheam
667 2648 762 2710 super
779 2648 829 2707 eo,
854 2643 888 2689 ut
909 2629 974 2710 ipse
993 2629 1109 2690 bovem
1127 2627 1270 2690 eiusdem
1297 2626 1460 2687 Dorothee

194 2753 259 2795 non
284 2733 469 2811 seduxisset,
494 2733 550 2794 sed
575 2734 606 2794 in
631 2733 747 2796 eodem
771 2732 855 2796 lacto
879 2735 1014 2796 omnino
1039 2736 1193 2795 innocens
1217 2745 1308 2794 esset.

301 2857 379 2919 ltem
404 2857 549 2919 Andreas
572 2856 656 2919 filius
681 2859 832 2940 Symonis
856 2859 896 2920 de
921 2858 1054 2920 Raboch
1082 2859 1198 2940 jurabit
1222 2877 1318 2940 super
1341 2876 1379 2919 eo
1405 2874 1458 2915 oc-

193 2977 268 3026 tavo
293 2963 345 3024 die
369 2983 584 3046 superatam,
610 2977 644 3025 ut
667 2964 776 3026 Bedek
804 2963 889 3026 filius
913 2964 1067 3026 Johannis
1093 2963 1274 3025 Krathehen
1300 2963 1361 3024 sibi
1387 2975 1460 3022 ante

197 3089 334 3132 messem
358 3069 494 3152 siliginis
518 3089 590 3131 cum
614 3071 752 3152 terragio
776 3071 916 3152 recipere
941 3091 1006 3132 non
1031 3071 1213 3132 allicuisset.

302 3193 382 3256 ltem
406 3193 525 3256 Paulus
548 3193 706 3277 Walpoth
730 3194 834 3276 jurare
855 3195 950 3256 debet
974 3195 1048 3256 bina
1066 3195 1134 3256 vice
1159 3209 1272 3257 octavo
1297 3194 1349 3257 die
1366 3214 1461 3276 super

196 3319 284 3362 aram
309 3320 404 3382 super
428 3319 478 3379 eo,
502 3313 537 3362 ut
560 3299 645 3362 filius
669 3301 829 3362 Francisci
855 3301 960 3362 claudi
982 3301 1062 3362 duos
1088 3303 1186 3362 boves
1210 3301 1309 3382 ipsius
1334 3301 1460 3383 penitus

193 3407 398 3468 destruxisset
422 3420 453 3468 et
470 3406 571 3468 eciam
596 3427 691 3488 super
710 3407 817 3468 valore
836 3408 1023 3468 eorumdem
1043 3409 1140 3469 boum
1158 3407 1348 3470 secundario
1366 3408 1461 3468 debet

194 3513 300 3594 jurare
325 3527 481 3594 quantum
505 3511 565 3574 fuit
589 3513 717 3590 valona,
742 3526 773 3575 et
797 3513 951 3595 depositis
975 3514 1051 3596 ipsis
1075 3515 1262 3596 juramentis
1287 3515 1352 3595 ipse
1376 3513 1460 3574 lilius

198 3619 357 3681 Francisci
383 3619 488 3680 eidem
514 3619 613 3680 Paulo
631 3619 884 3682 satisfaccionem
912 3621 1085 3702 inpendere
1111 3620 1250 3682 debebit.

305 3742 381 3804 ltem
416 3743 490 3823 quia
516 3747 624 3823 Agnes
648 3743 757 3804 relicta
792 3743 929 3804 condam
962 3743 1090 3806 Martini
1116 3744 1208 3825 jurati
1241 3743 1298 3804 filii
1324 3743 1459 3820 Nicolai,

194 3848 225 3910 id
251 3868 323 3910 cum
349 3847 518 3910 sufficienti
545 3862 575 3910 et
598 3847 762 3930 fidedigno
791 3862 973 3912 nostrorum
999 3851 1179 3912 concivium
1216 3850 1401 3912 testimonio
1426 3851 1457 3910 in

193 3955 269 4015 sede
295 3969 400 4016 nostra
424 3954 588 4036 judiciaria
613 3957 698 4017 clare
722 3956 946 4037 comprobavit
967 3976 1074 4017 coram
1099 3958 1202 4034 nobis,
1228 3972 1262 4018 ut
1287 3957 1363 4018 dum
1389 3976 1459 4038 pre·

192 4058 276 4121 fatus
303 4059 458 4122 Martinus
481 4060 602 4141 juratus
627 4063 658 4122 in
692 4063 840 4123 extremis
870 4063 933 4123 vite
966 4083 1021 4124 sue
1054 4063 1240 4144 temporalis
1274 4063 1458 4138 laborasset,

194 4179 269 4226 tunc
295 4166 361 4248 ipse
387 4167 519 4228 domum
550 4187 639 4228 suam
673 4183 830 4229 muratam
856 4181 886 4229 et
918 4168 1053 4230 fundum
1080 4171 1112 4230 in
1145 4169 1227 4230 dicta
1252 4169 1379 4229 civltate
1405 4168 1458 4228 ha·

196 4273 307 4351 bitam,
332 4273 436 4355 ipsum
460 4272 593 4354 juridice
611 4289 869 4354 concernentem,
887 4275 1008 4357 prelate
1034 4276 1148 4356 Agneti
1168 4275 1294 4336 mulieri
1319 4274 1458 4336 vendere

193 4391 223 4440 et
246 4379 286 4439 de
312 4380 456 4461 pecuniis
480 4399 539 4461 pro
564 4381 681 4462 quibus
708 4382 865 4442 vendetur
898 4383 1004 4442 debita
1037 4382 1181 4442 eiusdem
1209 4382 1336 4442 Martini
1362 4381 1456 4462 jurati

191 4485 375 4565 persolvere
400 4505 435 4546 ac
460 4486 624 4547 residuum
649 4487 673 4547 si
699 4487 777 4568 quid
806 4487 887 4549 ultra
916 4487 1177 4568 persolucionem
1202 4489 1383 4548 debitorum
1410 4508 1458 4548 re·

192 4591 344 4651 manserit
368 4611 425 4672 pro
449 4611 482 4652 se
514 4605 545 4653 et
576 4611 633 4673 pro
665 4593 772 4675 pueris
804 4595 869 4654 suis
901 4606 1016 4655 eotunc
1045 4595 1126 4654 circa
1160 4595 1260 4675 ipsam
1295 4597 1454 4673 Agnetem

192 4699 457 4778 permanentibus
481 4718 539 4779 pro
568 4719 627 4760 usu
660 4699 801 4781 ipsorum
834 4701 971 4762 retinere
996 4715 1027 4764 et
1060 4721 1247 4762 conservare
1272 4701 1457 4780 legavisset;

191 4803 333 4884 ideoque
359 4823 418 4864 nos
441 4803 617 4886 predictam
642 4805 775 4867 domum
803 4819 960 4868 muratam
986 4822 1016 4867 et
1040 4805 1176 4868 fundum
1204 4807 1302 4887 ipsius
1328 4807 1456 4867 Martini

194 4908 287 4988 jurati
314 4908 435 4991 prelate
460 4911 576 4991 Agneti
602 4912 728 4972 mulieri
761 4913 929 4973 statuimus
961 4913 1145 4975 vendicioni
1180 4911 1402 4994 exponendam
1427 4925 1457 4976 et

190 5015 290 5080 modo
315 5016 472 5102 premisso
496 5017 742 5098 disponendam.
