3796 5812
230 1598 319 1674 Item
347 1599 541 1674 notandum
574 1607 642 1692 est,
671 1598 766 1698 quod
795 1599 828 1674 in
852 1623 946 1676 anno
971 1599 1115 1676 Domini
1136 1599 1323 1676 millesimo
1363 1599 1491 1678 CCCC

231 1725 510 1825 quadragesimo
532 1733 675 1814 octavo,
695 1723 786 1800 feria
805 1732 911 1800 sexta
933 1725 1096 1824 proxima
1114 1731 1200 1824 post
1218 1723 1349 1801 festum
1370 1726 1491 1825 Appa-

230 1848 376 1924 ricionis
405 1848 503 1924 beati
532 1845 716 1923 Michaelis
742 1846 956 1943 archangeli,
985 1847 1127 1948 quando
1156 1847 1298 1924 illustris
1327 1849 1493 1949 princeps

231 1979 269 2048 et
297 1972 471 2064 dominus
501 1969 664 2047 dominus
691 1967 848 2046 ericus
877 1971 934 2046 dei
967 1971 1092 2070 gracia
1121 1969 1221 2064 Cilie,
1251 1969 1493 2072 Ortenburge,

232 2095 461 2196 Zagorieque
493 2117 616 2170 comes
646 2101 716 2170 etc.
746 2117 788 2170 ac
817 2093 919 2194 regni
950 2091 1142 2171 Sclauonie
1174 2095 1299 2188 banna,
1328 2095 1491 2171 dominus

230 2229 356 2296 noster
374 2218 579 2319 graciosus
607 2217 796 2294 Martinam
820 2216 924 2294 lilium
947 2217 1095 2310 Thome‚
1119 2218 1286 2316 judicem,
1314 2243 1378 2320 per
1396 2242 1491 2295 com-

231 2345 439 2420 munitatem
469 2343 502 2419 in
533 2367 626 2420 anno
656 2342 787 2418 domini
816 2342 1023 2442 supradicto
1062 2343 1227 2436 electum,
1254 2367 1321 2444 pro
1351 2343 1425 2418 suis
1455 2351 1495 2418 ut

231 2468 358 2544 dicitur
386 2467 597 2544 excessibus
628 2465 790 2543 detinere
820 2476 858 2542 et
890 2467 1074 2567 captivare
1111 2467 1207 2560 fecit,
1238 2467 1365 2544 eadem
1394 2491 1491 2543 com-

233 2591 387 2668 munitas
416 2598 497 2667 tota
526 2613 604 2666 cum
642 2590 839 2690 capitaneis
877 2591 1006 2682 certis,
1034 2591 1202 2668 videlicet
1239 2615 1317 2668 cum
1347 2591 1492 2667 domino

231 2714 438 2790 Bemhardo
468 2713 578 2820 milite
608 2721 646 2789 et
675 2737 754 2789 cum
793 2713 938 2789 domino
966 2712 1121 2790 Martino
1150 2713 1430 2792 Katzendorffer
1457 2723 1495 2792 et

231 2840 362 2915 ceteris
392 2839 571 2915 consociis
602 2860 736 2930 eorum,
764 2839 875 2913 virum
894 2837 1079 2938 providum
1109 2847 1147 2914 et
1180 2839 1368 2916 honestum
1399 2837 1492 2917 Con·

231 2963 354 3039 radum
383 2963 537 3038 Rawsar
565 2961 671 3038 filium
698 2959 833 3053 erici,
863 2962 975 3038 civem
1008 2961 1163 3039 civitatis
1192 2963 1364 3064 predicte,
1384 2961 1492 3040 hodie

229 3089 443 3164 unanimiter
465 3087 552 3164 fecit
576 3095 614 3164 et
640 3087 827 3162 constituit
846 3109 889 3162 ac
913 3087 1027 3186 elegit
1040 3085 1196 3184 judicem
1226 3088 1490 3164 communitatis

233 3210 393 3288 eiusdem
421 3211 504 3287 loco
533 3211 665 3311 prefati
685 3209 827 3286 Martini
850 3209 991 3308 judicis,
1015 3218 1055 3286 ut
1074 3211 1152 3310 ipse
1175 3210 1286 3309 judex
1306 3210 1493 3288 Conradus

225 3335 407 3435 justiciam
428 3342 466 3412 et
483 3335 603 3436 legem
624 3334 778 3410 civitatis
797 3341 872 3410 tam
893 3335 1243 3411 consvetudinariam
1263 3359 1367 3436 quam
1388 3335 1492 3435 privi-

230 3459 404 3559 legiatam
435 3460 596 3534 omnibus
630 3464 704 3534 tam
742 3458 913 3534 intraneis
942 3481 1046 3558 quam
1084 3459 1267 3535 extraneis
1295 3459 1493 3535 hominibus

231 3605 310 3659 eam
348 3583 615 3683 postulantibus
652 3582 786 3658 habeat
823 3589 860 3658 et
896 3581 1029 3658 debeat
1065 3589 1165 3659 recte
1203 3583 1416 3677 ministrare,
1456 3591 1494 3658 et

230 3729 380 3807 presens
400 3707 589 3782 katemum
603 3704 678 3804 jam
698 3705 867 3805 deinceps
888 3713 946 3781 est
975 3707 1215 3806 conscriptum
1245 3730 1354 3807 super
1375 3706 1493 3782 causis

232 3838 270 3906 et
292 3830 434 3928 judiciis
465 3829 702 3929 infrascriptis
726 3829 801 3928 jam
829 3829 999 3930 deinceps
1034 3831 1303 3906 occurrentibus
1337 3852 1413 3905 curn
1438 3829 1493 3927 ju-

675 3954 763 4029 ratis
800 3951 1048 4053 infrascriptis.

770 4177 833 4243 (10.
856 4165 949 4234 maai).

670 4357 733 4420 Hic
754 4369 905 4420 notantur
932 4355 1043 4438 jurati:

548 4499 626 4561 Item
653 4499 815 4561 lohannes
838 4511 950 4560 sartor.

549 4605 627 4668 Item
653 4603 812 4687 Georgius
836 4603 1015 4688 Maretbyn.

549 4712 628 4775 Item
653 4711 805 4775 Clemens
833 4711 982 4773 decanus.

547 4819 624 4882 ltem
649 4819 788 4881 Jacobus
811 4818 984 4899 Eberspek.

546 4926 624 4989 Item
648 4924 802 4987 Nicolaus
826 4924 957 5008 Ryhtar.

547 5033 625 5095 Item
651 5032 812 5094 Fabianus
835 5031 989 5094 literatus.
