3734 5796
660 564 861 642 Ann01441.
884 597 927 608 -
950 579 997 626 11.
1021 569 1149 640 augusti.
1482 585 1544 648 347

315 777 411 851 lerla
439 787 539 852 sexta
567 783 721 871 proxima
749 789 826 872 post
853 784 975 856 festum
1004 787 1114 857 sancti
1142 785 1315 858 laurencii
1343 788 1508 858 martiris.

804 941 864 1014 (11.
888 938 1027 1014 auguste).

383 1076 464 1138 Item
482 1075 577 1158 jurati
595 1077 861 1159 adjudicaverunt
884 1098 1011 1140 causam
1030 1078 1168 1141 duorum
1185 1099 1335 1142 vasorum
1352 1081 1429 1157 vini,
1446 1100 1544 1162 quam

283 1183 447 1245 lohannes
469 1183 566 1266 judex
590 1183 675 1246 filius
697 1185 778 1247 Pero
803 1198 913 1248 contra
938 1185 1101 1269 Mathyam
1131 1186 1252 1248 dictum
1277 1186 1446 1248 Ztakorich
1470 1207 1544 1269 pro·

279 1291 421 1372 ponebat
445 1310 484 1352 eo
514 1290 613 1353 modo
645 1289 875 1373 adjudicantes,
907 1292 1074 1374 quomodo
1105 1293 1172 1374 ipse
1204 1291 1350 1375 Matbyas
1373 1292 1544 1355 Ztakorich

277 1396 345 1458 sola
369 1415 427 1458 sua
452 1396 484 1457 in
508 1415 645 1478 persona
668 1396 772 1478 jurare
796 1397 956 1459 tenebitur
980 1411 1094 1460 octavo
1127 1398 1181 1461 die
1206 1417 1300 1481 super
1324 1418 1411 1460 aram
1436 1399 1468 1460 in
1494 1419 1543 1460 ec-

280 1500 375 1562 clesis
400 1501 482 1562 beati
506 1502 605 1563 Marci
623 1503 828 1584 ewangeliste
845 1516 956 1566 contra
972 1505 1076 1586 ipsum
1095 1503 1275 1566 Jobannem
1292 1504 1432 1585 judicem
1449 1525 1544 1588 super

278 1626 328 1685 eo,
353 1621 388 1669 ut
411 1607 478 1690 ipse
503 1607 666 1670 lohannes
688 1607 785 1690 judex
803 1610 862 1692 ipsi
884 1610 1014 1693 Matbye
1032 1609 1200 1672 Ztakorich
1218 1609 1359 1693 predicta
1384 1610 1450 1672 duo
1467 1631 1542 1672 vasa

277 1713 356 1792 vini,
381 1733 444 1795 que
476 1713 536 1776 sibi
569 1734 629 1796 pro
660 1714 777 1777 debitis
807 1717 872 1777 suis
902 1717 1026 1798 justicia
1058 1716 1219 1779 mediante
1251 1729 1366 1779 statuta
1399 1715 1543 1796 fuissent,

278 1819 418 1881 vendere
442 1819 572 1882 dixisset
595 1834 626 1882 et
649 1821 870 1884 commisisset.

385 1926 464 1988 ltem
489 1927 622 1989 domina
638 1931 768 2010 Agycza
785 1927 893 1990 relicta
910 1928 1047 1990 condam
1065 1927 1220 1990 iohannis
1237 1926 1431 1990 Groz·Hsns
1455 1929 1542 2009 dicti,

279 2052 370 2094 soror
395 2033 502 2115 junior
519 2032 656 2095 condam
674 2035 816 2096 virorum
842 2035 979 2096 condam
994 2034 1204 2118 providorum
1225 2034 1365 2096 Ladislai
1391 2048 1422 2097 et
1447 2036 1542 2097 Eme-

281 2141 336 2209 rici
361 2138 607 2220 aurifabrorum,
641 2141 782 2203 concivis
813 2155 938 2220 nostra,
969 2161 1025 2224 per
1057 2140 1333 2223 adjudicacionem
1366 2141 1542 2222 juratorum

280 2246 385 2328 jurare
409 2246 570 2308 tenebitur
593 2259 708 2310 octavo
732 2246 784 2309 die
808 2266 903 2330 super
930 2267 1017 2309 aram
1049 2259 1158 2310 contra
1184 2246 1348 2329 Mathyam
1373 2246 1542 2308 Ztalroricb

280 2352 314 2415 in
341 2353 474 2414 ecclesia
498 2353 582 2414 besti
607 2353 706 2415 Marci
731 2352 935 2434 ewangeliste
958 2373 1053 2435 super
1076 2373 1126 2432 e0,
1156 2365 1191 2415 ut
1214 2353 1281 2434 ipsa
1306 2352 1429 2414 nullam
1453 2353 1542 2414 satis·

282 2458 460 2521 faccionem
486 2459 606 2541 recepit
629 2479 735 2540 neque
758 2459 901 2542 percepit
931 2458 1124 2541 apredictis
1156 2459 1307 2520 Ladislao
1331 2473 1362 2520 et
1393 2459 1542 2520 Emerico

282 2565 450 2629 aurifabris
473 2585 531 2648 pro
556 2566 653 2627 tercia
676 2579 765 2648 parte
791 2577 875 2628 recte
899 2577 930 2627 et
954 2565 1078 2647 equalis
1106 2565 1202 2647 partis
1225 2565 1391 2626 cuiusdam
1416 2565 1543 2642 domus,

282 2671 386 2752 fundi,
410 2671 531 2733 cellarii
556 2683 587 2734 et
610 2670 833 2733 hedificiorum
850 2671 987 2733 condam
1010 2671 1135 2733 Nicolai
1153 2669 1316 2748 aurifabri,
1340 2671 1437 2753 patris
1458 2671 1542 2753 ipso·

278 2798 349 2840 rum
385 2778 526 2840 Ladislai
551 2790 581 2839 et
612 2778 751 2840 Emerici
782 2775 1043 2860 (auri)fabrorum
1074 2797 1109 2839 ac
1141 2777 1224 2839 dicte
1253 2777 1384 2839 domine
1412 2782 1541 2861 Agycze

278 2904 337 2967 pro
362 2883 516 2967 porcione
541 2883 661 2946 scilicet
683 2903 738 2944 sua
763 2883 866 2964 ipsam
890 2904 908 2945 a
932 2883 1076 2966 predicto
1099 2895 1188 2966 patre
1212 2903 1270 2945 suo
1295 2883 1431 2946 Nicolao
1457 2885 1541 2946 auri·

279 2989 370 3052 fabro
395 2989 585 3052 hereditarie
610 3002 832 3052 concernente.

388 3096 465 3158 ltem
492 3094 640 3178 Mathyas
662 3096 798 3158 citarista
824 3095 857 3157 id
880 3093 1075 3158 sufficienter
1098 3114 1205 3156 coram
1230 3094 1340 3176 juratis
1364 3095 1396 3156 in
1420 3095 1541 3177 judicio

284 3202 519 3285 comprobavit,
543 3201 632 3284 quod
656 3222 736 3264 uxor
761 3202 922 3264 Valentini
947 3200 1117 3263 firmatoria
1140 3220 1289 3263 vasorum
1314 3201 1420 3263 taliter
1443 3201 1541 3264 deho-

284 3310 420 3372 nestavit
443 3315 571 3371 Annam
596 3329 729 3371 uxorem
753 3307 867 3392 prefati
885 3307 1015 3391 Mathye
1039 3308 1186 3387 citariste,
1211 3307 1449 3390 quodquidam
1467 3328 1541 3370 con·

279 3418 482 3480 cubinatores
518 3416 617 3499 ipsius
652 3416 759 3478 uxoris
794 3415 927 3498 predicti
961 3413 1089 3498 Mathye
1121 3415 1258 3477 citariste
1290 3415 1372 3476 circa
1404 3415 1541 3476 eandem

280 3543 414 3586 uxorem
438 3523 538 3605 ipsius
563 3522 692 3605 Mathye
717 3523 853 3584 citariste
876 3523 935 3582 sub
960 3535 1051 3603 porta
1084 3521 1200 3582 domus
1231 3521 1329 3603 ipsius
1354 3521 1461 3582 etalii
1487 3541 1543 3603 per

279 3629 434 3693 fenetram
459 3629 603 3691 eiusdem
627 3629 744 3690 domus
767 3629 867 3710 ipsius
891 3629 973 3689 circa
998 3627 1098 3709 ipsam
1123 3627 1392 3690 subintraverunt.

388 3735 467 3796 ltem
491 3734 606 3796 Vrsula
630 3753 710 3795 uxor
734 3733 912 3795 Clementis
928 3733 1060 3794 cultoris
1083 3732 1159 3794 dicti
1177 3731 1335 3794 Buhweth
1360 3732 1392 3793 id
1418 3733 1541 3794 insede

280 3855 386 3904 nostra
411 3839 577 3922 judiciaria
602 3840 685 3902 clare
709 3855 740 3902 et
763 3839 959 3902 sufficienter
990 3841 1222 3920 comprobavit,
1248 3838 1336 3920 quod
1361 3859 1440 3901 uxor
1465 3840 1540 3900 Rar-

279 3948 436 4011 tholomei
454 3947 656 4030 agricultoris
671 3947 847 4029 predictam
865 3965 999 4008 uxorem
1024 3946 1123 4028 ipsius
1140 3945 1318 4008 Clementis
1343 3946 1541 4007 meretricem

279 4069 310 4118 et
334 4055 436 4118 furem
462 4053 645 4138 appellavit.

385 4161 464 4223 Item
497 4160 687 4222 Valentinus
718 4159 904 4221 tributarius
935 4171 1044 4219 contra
1078 4157 1212 4220 Elenam
1245 4157 1405 4240 pistricem
1438 4157 1542 4240 primo

281 4269 394 4331 citatus
419 4286 484 4328 non
509 4265 698 4348 comparuit.

389 4391 467 4453 ltem
492 4389 669 4473 Elyzabeth
693 4389 757 4451 filia
783 4389 866 4452 Petri
891 4390 931 4450 de
956 4389 1065 4450 Rodes
1095 4389 1240 4450 servitrix
1264 4387 1342 4449 alias
1374 4387 1541 4448 Laurencii

280 4498 434 4562 institoris
456 4495 515 4558 filii
541 4497 624 4558 Petri
652 4509 766 4558 octavo
791 4495 842 4556 die
874 4495 971 4557 tercia
999 4515 1031 4556 se
1065 4495 1209 4576 personis
1232 4495 1292 4555 sibi
1324 4493 1484 4554 similibus
1508 4492 1540 4552 in

280 4605 413 4668 ecclesia
439 4603 522 4665 beati
547 4602 645 4664 Marci
666 4601 872 4683 ewangeliste
896 4621 991 4683 super
1008 4621 1094 4662 aram
1119 4615 1228 4663 contra
1254 4599 1432 4681 predictum
1458 4598 1541 4660 Lau-

281 4713 424 4775 rencium
449 4729 545 4792 super
576 4729 615 4770 eo
640 4707 765 4788 iurabit,
801 4720 834 4769 ut
861 4707 929 4790 ipsa
959 4727 1023 4768 non
1057 4707 1210 4769 subtraxit
1240 4705 1410 4788 pecuniam
1444 4703 1543 4785 ipsius

278 4818 448 4881 Laurencii
473 4815 566 4898 jurati
591 4815 753 4894 institoris,
785 4833 883 4895 quam
914 4814 1001 4875 idern
1034 4813 1230 4875 Laurencius
1262 4811 1387 4873 institor
1412 4811 1541 4872 dicebat

279 4925 379 5007 ipsam
404 4923 594 4984 subtraxisse
619 4922 804 5004 suspiciose,
828 4920 916 5001 quod
945 4919 1160 5002 juramentum
1186 4932 1232 4981 est
1256 4919 1315 4979 sibi
1341 4937 1398 4999 per
1420 4915 1542 4998 juratos

280 5029 509 5112 adjudicatum.
