3876 5798
660 520 747 580 Anno
765 533 857 600 1445·
879 555 919 568 -
941 537 975 600 9·
998 525 1111 600 aab·

573 729 652 794 Item
677 731 839 796 lohannes
862 733 1013 800 carnifex.

572 841 650 904 ltem
673 841 821 905 'Thomas
845 841 995 906 carnifex.

572 947 651 1011 ltem
676 948 829 1011 Nicolaus
852 949 1037 1030 agricultor.

573 1053 650 1117 Item
678 1053 824 1138 Mathyas
847 1068 959 1118 sartor.

573 1160 650 1224 Item
675 1162 801 1223 Marcus
824 1160 909 1224 filius
933 1162 1100 1227 Michaelis
1126 1165 1316 1228 Sebastiani.

573 1267 650 1331 ltem
674 1267 864 1331 Valentinus
887 1268 1083 1333 tributarius.

572 1375 650 1438 Item
675 1373 838 1438 Johannes
861 1374 1045 1456 agricultor.

572 1482 650 1545 Item
675 1481 829 1544 Nicolaus
853 1481 957 1545 dictus
984 1483 1181 1546 Mechotreb.

573 1589 651 1651 ltem
675 1586 823 1671 Mathyas
847 1589 1075 1670 carpentarius.

572 1696 650 1758 Item
677 1694 865 1758 Leonardus
889 1694 1073 1776 agricultor.

572 1801 650 1864 Item
675 1801 813 1864 Michael
837 1800 977 1865 sellator.

572 1907 650 1970 ltem
676 1906 838 1970 lohannes
861 1906 965 1970 dictus
990 1907 1133 1990 Sporrar.

571 2014 650 2078 ltern
674 2013 799 2076 Blasius
823 2011 973 2096 frenipar.

572 2121 650 2184 ltem
674 2120 858 2183 Anthonius
881 2139 1025 2204 arcupar.

549 2215 650 2289 ¹ltem
675 2227 834 2309 Georgius
857 2239 968 2290 sartor.

572 2333 649 2396 ltem
675 2331 840 2394 Emericus
864 2329 1014 2414 lrenipar.

366 2582 444 2644 ltem
475 2580 617 2664 prelatus
640 2579 830 2642 Valentinus
856 2577 951 2659 judex
983 2577 1158 2641 modernus
1185 2597 1322 2641 unacum
1347 2577 1457 2660 juratis
1489 2592 1520 2640 et

261 2688 452 2750 consiliariis
475 2686 665 2770 supradictis
694 2705 768 2748 cum
793 2704 950 2747 consensu
983 2697 1014 2748 et
1044 2684 1188 2747 unanimi
1213 2703 1249 2746 ac
1280 2684 1432 2747 concordi
1463 2704 1519 2747 vo·

256 2795 380 2857 luntate
404 2807 499 2876 atque
524 2793 652 2856 decreto
675 2792 779 2854 tocius
802 2791 1043 2854 communitatis
1066 2790 1175 2852 omnia
1199 2803 1313 2853 statuta
1339 2803 1369 2852 et
1392 2789 1519 2854 decreta

257 2902 356 2983 ipsius
372 2901 475 2963 tocius
491 2898 730 2962 communitatis
758 2911 823 2958 tam
848 2897 879 2959 in
897 2897 1037 2980 antiquis
1053 2916 1151 2979 quam
1169 2897 1200 2958 in
1217 2896 1355 2979 presenti
1379 2896 1518 2959 laternis

259 3007 438 3090 conscripta
456 3019 487 3069 et
503 3005 700 3087 consignata,
725 3003 832 3086 quoad
860 3023 973 3066 omnes
996 3004 1165 3082 clausulas,
1182 3017 1299 3085 puncta
1316 3017 1348 3065 et
1370 3003 1520 3064 articulos

259 3113 446 3176 eorumdem
480 3125 669 3176 statutorum
695 3123 725 3173 et
757 3110 956 3176 decretorum
977 3130 1033 3193 per
1056 3123 1160 3174 toturn
1192 3129 1321 3171 annum·
1337 3123 1518 3191 presentem

255 3239 292 3282 ac
316 3220 469 3302 deinceps
491 3231 647 3302 perpetuo
671 3237 708 3278 ac
733 3216 982 3279 irrevocabiliter
1006 3217 1140 3278 valitura
1165 3229 1195 3277 et
1218 3215 1419 3277 observanda
1443 3235 1519 3276 con·

256 3325 432 3390 firmarunt.

298 3595 394 3672 Faria
421 3605 521 3670 sexta
549 3599 703 3687 proxima
736 3605 812 3687 post
839 3605 995 3670 octavam
1024 3597 1128 3670 Pasce
1154 3597 1283 3668 Domini
1313 3615 1370 3667 sen
1400 3603 1476 3685 post

414 3724 538 3795 leston
566 3723 656 3794 beati
685 3717 854 3794 Ambrosii
883 3723 1028 3811 episcopi
1057 3730 1159 3811 atque
1187 3720 1345 3792 doctoris.

776 3895 823 3972 (9.
847 3890 982 3973 aprilis).

361 4051 438 4114 ltem
452 4049 582 4134 quando
596 4050 788 4112 Benedictus
800 4049 886 4111 filius
899 4049 1065 4112 Michaelis
1077 4048 1134 4111 filii
1146 4048 1323 4110 Sebastiani
1341 4047 1519 4129 quamdam

256 4155 391 4218 domum
414 4177 506 4218 suam
523 4169 680 4219 muratam
698 4176 771 4218 cum
796 4154 897 4218 fundo
914 4170 946 4218 et
960 4155 1117 4218 hedificiis
1134 4155 1166 4216 in
1184 4156 1268 4217 dicta
1292 4155 1417 4218 civitate
1436 4155 1521 4217 inter

254 4262 321 4323 vias
345 4283 533 4325 communes
557 4277 588 4326 et
619 4264 700 4325 inter
732 4262 864 4326 domum
898 4261 1057 4324 Valentini
1083 4260 1260 4324 Grabarich
1292 4275 1323 4322 et
1347 4260 1519 4323 Benedicti

257 4367 381 4430 Brodar
404 4368 557 4447 habitam,
575 4369 763 4430 Sebastiano
782 4368 932 4431 Soldinar
952 4368 1055 4450 jurato
1073 4367 1198 4430 concivi
1221 4380 1330 4429 nostro
1355 4386 1413 4448 pro
1431 4381 1520 4428 certa

255 4475 466 4557 pecuniarum
490 4475 667 4557 quantitate
691 4474 897 4552 vendidisset,
929 4488 1004 4536 tunc
1029 4475 1155 4543 Marcus
1188 4472 1272 4535 filius
1296 4472 1431 4555 predicti
1459 4471 1521 4534 Mi·

258 4580 378 4643 chaelis
403 4581 580 4643 Sebastiani
605 4580 700 4643 frater
724 4581 829 4662 junior
854 4581 953 4663 ipsius
970 4580 1135 4643 Benedicti
1161 4579 1304 4641 uterinus
1327 4593 1358 4640 et
1382 4577 1521 4640 carnalis

257 4687 394 4749 eandem
418 4687 552 4748 domum
576 4707 649 4748 cum
675 4685 776 4748 fundo
800 4699 831 4748 et
855 4685 1010 4748 hedificiis
1035 4686 1066 4748 in
1091 4685 1254 4768 presencia
1279 4684 1394 4766 judicis
1419 4685 1520 4746 nostri

259 4792 406 4854 moderni
430 4793 602 4874 supradicti
636 4793 793 4872 arestavit,
826 4811 969 4854 asserens
1001 4792 1101 4874 ipsam
1130 4811 1188 4874 pro
1220 4812 1254 4854 se
1279 4790 1394 4853 habere
1419 4789 1521 4867 velle;

258 4913 289 4960 et
313 4899 388 4980 quia
421 4899 480 4979 ipsi
513 4900 622 4961 Marco
654 4899 869 4980 juramentum
902 4898 934 4959 in
966 4918 1005 4960 eo
1034 4911 1101 4960 erat
1131 4897 1360 4978 adjudicatum,
1392 4909 1427 4958 ut
1451 4897 1519 4979 ipse

258 5005 393 5066 eandem
420 5005 554 5066 domum
579 5019 736 5067 muratam
761 5023 834 5066 cum
853 5004 955 5066 londo
980 5017 1011 5065 et
1033 5002 1190 5066 hedificiis
1206 5003 1327 5066 nemini
1352 5003 1442 5065 alteri
1461 5003 1521 5064 nisi
