<?xml version="1.0" encoding="UTF-8"?>
<!DOCTYPE html PUBLIC "-//W3C//DTD XHTML 1.0 Transitional//EN"
    "http://www.w3.org/TR/xhtml1/DTD/xhtml1-transitional.dtd">
<html xmlns="http://www.w3.org/1999/xhtml" xml:lang="en" lang="en">
 <head>
  <title>
</title>
<meta http-equiv="Content-Type" content="text/html;charset=utf-8" />
  <meta name='ocr-system' content='tesseract 3.04.00' />
  <meta name='ocr-capabilities' content='ocr_page ocr_carea ocr_par ocr_line ocrx_word'/>
</head>
<body>
  <div class='ocr_page' id='page_1' title='image "./monumentahistor14laszgoog_0307.png"; bbox 0 0 3734 5796; ppageno 0'>
   <div class='ocr_carea' id='block_1_1' title="bbox 534 589 1451 678">
    <p class='ocr_par' dir='ltr' id='par_1_1' title="bbox 534 589 1451 678">
     <span class='ocr_line' id='line_1_1' title="bbox 534 589 1451 678; baseline 0.008 -29"><span class='ocrx_word' id='word_1_1' title='bbox 534 591 621 650; x_wconf 85' lang='lat' dir='ltr'>Anno</span> <span class='ocrx_word' id='word_1_2' title='bbox 644 589 735 670; x_wconf 75' lang='lat'><em>1436.</em></span> <span class='ocrx_word' id='word_1_3' title='bbox 762 627 802 638; x_wconf 95' lang='lat'>--</span> <span class='ocrx_word' id='word_1_4' title='bbox 827 605 876 670; x_wconf 77' lang='lat'>23.</span> <span class='ocrx_word' id='word_1_5' title='bbox 901 593 1070 655; x_wconf 83' lang='lat' dir='ltr'><em>novembris.</em></span> <span class='ocrx_word' id='word_1_6' title='bbox 1390 611 1451 678; x_wconf 83' lang='lat'>259</span> 
     </span>
    </p>
   </div>
   <div class='ocr_carea' id='block_1_2' title="bbox 178 798 1451 4924">
    <p class='ocr_par' dir='ltr' id='par_1_2' title="bbox 184 798 1451 1925">
     <span class='ocr_line' id='line_1_2' title="bbox 187 798 1450 885; baseline 0.009 -27"><span class='ocrx_word' id='word_1_7' title='bbox 187 798 307 860; x_wconf 89' lang='lat' dir='ltr'>amodo</span> <span class='ocrx_word' id='word_1_8' title='bbox 327 813 358 862; x_wconf 92' lang='lat' dir='ltr'>et</span> <span class='ocrx_word' id='word_1_9' title='bbox 374 799 526 883; x_wconf 87' lang='lat' dir='ltr'>deinceps</span> <span class='ocrx_word' id='word_1_10' title='bbox 550 817 704 884; x_wconf 92' lang='lat' dir='ltr'>perpetuo</span> <span class='ocrx_word' id='word_1_11' title='bbox 722 821 753 865; x_wconf 90' lang='lat' dir='ltr'>et</span> <span class='ocrx_word' id='word_1_12' title='bbox 769 804 1039 867; x_wconf 84' lang='lat' dir='ltr'>irretractabiliter</span> <span class='ocrx_word' id='word_1_13' title='bbox 1055 806 1302 885; x_wconf 88' lang='lat' dir='ltr'>observandum,</span> <span class='ocrx_word' id='word_1_14' title='bbox 1328 819 1362 868; x_wconf 93' lang='lat' dir='ltr'>ut</span> <span class='ocrx_word' id='word_1_15' title='bbox 1379 807 1450 869; x_wconf 91' lang='lat' dir='ltr'>uni-</span> 
     </span>
     <span class='ocr_line' id='line_1_3' title="bbox 186 904 1451 992; baseline 0.009 -29"><span class='ocrx_word' id='word_1_16' title='bbox 186 905 270 964; x_wconf 90' lang='lat' dir='ltr'>versi</span> <span class='ocrx_word' id='word_1_17' title='bbox 284 917 314 965; x_wconf 91' lang='lat' dir='ltr'>et</span> <span class='ocrx_word' id='word_1_18' title='bbox 327 905 443 986; x_wconf 82' lang='lat' dir='ltr'>singuli</span> <span class='ocrx_word' id='word_1_19' title='bbox 461 904 602 969; x_wconf 82' lang='lat' dir='ltr'>forenses</span> <span class='ocrx_word' id='word_1_20' title='bbox 615 908 763 971; x_wconf 88' lang='lat' dir='ltr'>homines</span> <span class='ocrx_word' id='word_1_21' title='bbox 775 911 848 972; x_wconf 90' lang='lat' dir='ltr'>vina</span> <span class='ocrx_word' id='word_1_22' title='bbox 869 925 900 972; x_wconf 92' lang='lat' dir='ltr'>et</span> <span class='ocrx_word' id='word_1_23' title='bbox 915 911 977 972; x_wconf 89' lang='lat' dir='ltr'>alia</span> <span class='ocrx_word' id='word_1_24' title='bbox 992 912 1104 992; x_wconf 89' lang='lat' dir='ltr'>quevis</span> <span class='ocrx_word' id='word_1_25' title='bbox 1121 931 1176 974; x_wconf 89' lang='lat' dir='ltr'>sua</span> <span class='ocrx_word' id='word_1_26' title='bbox 1191 913 1340 974; x_wconf 83' lang='lat' dir='ltr'>victualia</span> <span class='ocrx_word' id='word_1_27' title='bbox 1354 925 1385 974; x_wconf 93' lang='lat' dir='ltr'>et</span> <span class='ocrx_word' id='word_1_28' title='bbox 1402 933 1451 974; x_wconf 92' lang='lat' dir='ltr'>res</span> 
     </span>
     <span class='ocr_line' id='line_1_4' title="bbox 186 1009 1450 1097; baseline 0.007 -27"><span class='ocrx_word' id='word_1_29' title='bbox 186 1009 362 1088; x_wconf 89' lang='lat' dir='ltr'>universas,</span> <span class='ocrx_word' id='word_1_30' title='bbox 387 1031 449 1092; x_wconf 91' lang='lat' dir='ltr'>que</span> <span class='ocrx_word' id='word_1_31' title='bbox 468 1012 635 1074; x_wconf 86' lang='lat' dir='ltr'>utilitatem</span> <span class='ocrx_word' id='word_1_32' title='bbox 653 1029 684 1075; x_wconf 89' lang='lat' dir='ltr'>et</span> <span class='ocrx_word' id='word_1_33' title='bbox 704 1013 883 1097; x_wconf 84' lang='lat' dir='ltr'>profectum</span> <span class='ocrx_word' id='word_1_34' title='bbox 907 1017 1026 1078; x_wconf 90' lang='lat' dir='ltr'>civium</span> <span class='ocrx_word' id='word_1_35' title='bbox 1044 1031 1074 1078; x_wconf 94' lang='lat' dir='ltr'>et</span> <span class='ocrx_word' id='word_1_36' title='bbox 1091 1018 1331 1080; x_wconf 88' lang='lat' dir='ltr'>communitatis</span> <span class='ocrx_word' id='word_1_37' title='bbox 1346 1019 1450 1080; x_wconf 89' lang='lat' dir='ltr'>tocius</span> 
     </span>
     <span class='ocr_line' id='line_1_5' title="bbox 186 1115 1448 1205; baseline 0.008 -29"><span class='ocrx_word' id='word_1_38' title='bbox 186 1115 324 1177; x_wconf 89' lang='lat' dir='ltr'>civitatis</span> <span class='ocrx_word' id='word_1_39' title='bbox 345 1117 487 1198; x_wconf 87' lang='lat' dir='ltr'>predicte</span> <span class='ocrx_word' id='word_1_40' title='bbox 517 1119 700 1202; x_wconf 89' lang='lat' dir='ltr'>respiciunt,</span> <span class='ocrx_word' id='word_1_41' title='bbox 733 1122 877 1184; x_wconf 89' lang='lat' dir='ltr'>volentes</span> <span class='ocrx_word' id='word_1_42' title='bbox 908 1121 1063 1205; x_wconf 85' lang='lat' dir='ltr'>prefectui</span> <span class='ocrx_word' id='word_1_43' title='bbox 1089 1139 1119 1186; x_wconf 91' lang='lat' dir='ltr'>et</span> <span class='ocrx_word' id='word_1_44' title='bbox 1150 1123 1279 1185; x_wconf 90' lang='lat' dir='ltr'>utilitati</span> <span class='ocrx_word' id='word_1_45' title='bbox 1304 1124 1448 1186; x_wconf 90' lang='lat' dir='ltr'>eiusdem</span> 
     </span>
     <span class='ocr_line' id='line_1_6' title="bbox 186 1222 1451 1312; baseline 0.009 -30"><span class='ocrx_word' id='word_1_46' title='bbox 186 1222 324 1284; x_wconf 90' lang='lat' dir='ltr'>civitatis</span> <span class='ocrx_word' id='word_1_47' title='bbox 347 1225 527 1306; x_wconf 90' lang='lat' dir='ltr'>providere,</span> <span class='ocrx_word' id='word_1_48' title='bbox 551 1226 650 1287; x_wconf 90' lang='lat' dir='ltr'>libere</span> <span class='ocrx_word' id='word_1_49' title='bbox 676 1242 707 1288; x_wconf 91' lang='lat' dir='ltr'>et</span> <span class='ocrx_word' id='word_1_50' title='bbox 730 1248 839 1291; x_wconf 88' lang='lat' dir='ltr'>secure</span> <span class='ocrx_word' id='word_1_51' title='bbox 872 1249 1027 1310; x_wconf 86' lang='lat' dir='ltr'>reponere</span> <span class='ocrx_word' id='word_1_52' title='bbox 1052 1244 1083 1291; x_wconf 94' lang='lat' dir='ltr'>et</span> <span class='ocrx_word' id='word_1_53' title='bbox 1107 1231 1287 1312; x_wconf 84' lang='lat' dir='ltr'>expendere</span> <span class='ocrx_word' id='word_1_54' title='bbox 1312 1231 1451 1293; x_wconf 88' lang='lat' dir='ltr'>debeant</span> 
     </span>
     <span class='ocr_line' id='line_1_7' title="bbox 185 1329 1449 1420; baseline 0.009 -32"><span class='ocrx_word' id='word_1_55' title='bbox 185 1347 244 1409; x_wconf 94' lang='lat' dir='ltr'>pro</span> <span class='ocrx_word' id='word_1_56' title='bbox 269 1329 362 1391; x_wconf 90' lang='lat' dir='ltr'>libito</span> <span class='ocrx_word' id='word_1_57' title='bbox 388 1349 499 1392; x_wconf 88' lang='lat' dir='ltr'>eorum</span> <span class='ocrx_word' id='word_1_58' title='bbox 524 1333 699 1395; x_wconf 83' lang='lat' dir='ltr'>voluntatis</span> <span class='ocrx_word' id='word_1_59' title='bbox 719 1354 818 1416; x_wconf 89' lang='lat' dir='ltr'>penes</span> <span class='ocrx_word' id='word_1_60' title='bbox 842 1335 947 1418; x_wconf 90' lang='lat' dir='ltr'>legem</span> <span class='ocrx_word' id='word_1_61' title='bbox 965 1350 995 1398; x_wconf 94' lang='lat' dir='ltr'>et</span> <span class='ocrx_word' id='word_1_62' title='bbox 1020 1336 1201 1398; x_wconf 90' lang='lat' dir='ltr'>libertatem</span> <span class='ocrx_word' id='word_1_63' title='bbox 1226 1339 1362 1400; x_wconf 88' lang='lat' dir='ltr'>civitatis</span> <span class='ocrx_word' id='word_1_64' title='bbox 1379 1359 1449 1420; x_wconf 92' lang='lat' dir='ltr'>pre-</span> 
     </span>
     <span class='ocr_line' id='line_1_8' title="bbox 185 1438 1450 1525; baseline 0.009 -30"><span class='ocrx_word' id='word_1_65' title='bbox 185 1449 296 1497; x_wconf 88' lang='lat' dir='ltr'>notate</span> <span class='ocrx_word' id='word_1_66' title='bbox 321 1438 441 1518; x_wconf 87' lang='lat' dir='ltr'>absque</span> <span class='ocrx_word' id='word_1_67' title='bbox 467 1439 555 1500; x_wconf 94' lang='lat' dir='ltr'>omni</span> <span class='ocrx_word' id='word_1_68' title='bbox 580 1440 759 1521; x_wconf 87' lang='lat' dir='ltr'>preludicio</span> <span class='ocrx_word' id='word_1_69' title='bbox 782 1455 813 1504; x_wconf 93' lang='lat' dir='ltr'>et</span> <span class='ocrx_word' id='word_1_70' title='bbox 833 1455 1029 1504; x_wconf 89' lang='lat' dir='ltr'>nocumento</span> <span class='ocrx_word' id='word_1_71' title='bbox 1051 1443 1186 1504; x_wconf 88' lang='lat' dir='ltr'>civitatis</span> <span class='ocrx_word' id='word_1_72' title='bbox 1210 1442 1360 1525; x_wconf 81' lang='lat' dir='ltr'>sepefate,</span> <span class='ocrx_word' id='word_1_73' title='bbox 1385 1464 1450 1506; x_wconf 89' lang='lat' dir='ltr'>non</span> 
     </span>
     <span class='ocr_line' id='line_1_9' title="bbox 185 1543 1450 1628; baseline 0.007 -25"><span class='ocrx_word' id='word_1_74' title='bbox 185 1543 389 1605; x_wconf 87' lang='lat' dir='ltr'>obstantibus</span> <span class='ocrx_word' id='word_1_75' title='bbox 412 1545 579 1626; x_wconf 86' lang='lat' dir='ltr'>quibusvis</span> <span class='ocrx_word' id='word_1_76' title='bbox 602 1547 762 1628; x_wconf 88' lang='lat' dir='ltr'>prioribus</span> <span class='ocrx_word' id='word_1_77' title='bbox 787 1548 921 1610; x_wconf 85' lang='lat' dir='ltr'>decretis</span> <span class='ocrx_word' id='word_1_78' title='bbox 953 1563 983 1609; x_wconf 90' lang='lat' dir='ltr'>et</span> <span class='ocrx_word' id='word_1_79' title='bbox 1006 1549 1130 1610; x_wconf 90' lang='lat' dir='ltr'>statutis</span> <span class='ocrx_word' id='word_1_80' title='bbox 1165 1549 1281 1610; x_wconf 90' lang='lat' dir='ltr'>nostris</span> <span class='ocrx_word' id='word_1_81' title='bbox 1305 1569 1450 1612; x_wconf 87' lang='lat' dir='ltr'>commu·</span> 
     </span>
     <span class='ocr_line' id='line_1_10' title="bbox 185 1649 1446 1734; baseline 0.006 -24"><span class='ocrx_word' id='word_1_82' title='bbox 185 1649 281 1711; x_wconf 89' lang='lat' dir='ltr'>nibus</span> <span class='ocrx_word' id='word_1_83' title='bbox 308 1652 446 1732; x_wconf 91' lang='lat' dir='ltr'>presenti</span> <span class='ocrx_word' id='word_1_84' title='bbox 472 1665 581 1714; x_wconf 89' lang='lat' dir='ltr'>nostro</span> <span class='ocrx_word' id='word_1_85' title='bbox 599 1653 728 1714; x_wconf 87' lang='lat' dir='ltr'>decreto</span> <span class='ocrx_word' id='word_1_86' title='bbox 753 1668 784 1717; x_wconf 93' lang='lat' dir='ltr'>et</span> <span class='ocrx_word' id='word_1_87' title='bbox 800 1669 918 1717; x_wconf 91' lang='lat' dir='ltr'>statuto</span> <span class='ocrx_word' id='word_1_88' title='bbox 935 1655 1100 1716; x_wconf 90' lang='lat' dir='ltr'>communi</span> <span class='ocrx_word' id='word_1_89' title='bbox 1125 1655 1303 1734; x_wconf 89' lang='lat' dir='ltr'>contrariis,</span> <span class='ocrx_word' id='word_1_90' title='bbox 1320 1667 1446 1717; x_wconf 92' lang='lat' dir='ltr'>contra·</span> 
     </span>
     <span class='ocr_line' id='line_1_11' title="bbox 184 1755 1448 1843; baseline 0.006 -28"><span class='ocrx_word' id='word_1_91' title='bbox 184 1755 332 1817; x_wconf 92' lang='lat' dir='ltr'>diccione</span> <span class='ocrx_word' id='word_1_92' title='bbox 366 1757 465 1819; x_wconf 90' lang='lat' dir='ltr'>eciam</span> <span class='ocrx_word' id='word_1_93' title='bbox 500 1759 721 1840; x_wconf 90' lang='lat' dir='ltr'>quorumlibet</span> <span class='ocrx_word' id='word_1_94' title='bbox 752 1761 868 1842; x_wconf 90' lang='lat' dir='ltr'>quovis</span> <span class='ocrx_word' id='word_1_95' title='bbox 906 1775 1088 1843; x_wconf 87' lang='lat' dir='ltr'>temporum</span> <span class='ocrx_word' id='word_1_96' title='bbox 1128 1761 1160 1822; x_wconf 92' lang='lat' dir='ltr'>in</span> <span class='ocrx_word' id='word_1_97' title='bbox 1192 1781 1343 1842; x_wconf 88' lang='lat' dir='ltr'>processu</span> <span class='ocrx_word' id='word_1_98' title='bbox 1382 1781 1448 1822; x_wconf 92' lang='lat' dir='ltr'>non</span> 
     </span>
     <span class='ocr_line' id='line_1_12' title="bbox 185 1863 343 1925; baseline 0.019 -3"><span class='ocrx_word' id='word_1_99' title='bbox 185 1863 343 1925; x_wconf 90' lang='lat' dir='ltr'>obstante.</span> 
     </span>
    </p>

    <p class='ocr_par' dir='ltr' id='par_1_3' title="bbox 180 1969 1449 3650">
     <span class='ocr_line' id='line_1_13' title="bbox 291 1969 1449 2056; baseline 0.001 -25"><span class='ocrx_word' id='word_1_100' title='bbox 291 1969 369 2032; x_wconf 92' lang='lat' dir='ltr'>ltem</span> <span class='ocrx_word' id='word_1_101' title='bbox 395 1971 471 2052; x_wconf 93' lang='lat' dir='ltr'>quia</span> <span class='ocrx_word' id='word_1_102' title='bbox 495 1971 696 2036; x_wconf 90' lang='lat' dir='ltr'>honorabilis</span> <span class='ocrx_word' id='word_1_103' title='bbox 721 1975 768 2034; x_wconf 89' lang='lat' dir='ltr'>vir</span> <span class='ocrx_word' id='word_1_104' title='bbox 799 1973 952 2035; x_wconf 91' lang='lat' dir='ltr'>dominus</span> <span class='ocrx_word' id='word_1_105' title='bbox 984 1972 1165 2056; x_wconf 87' lang='lat' dir='ltr'>Stephanus</span> <span class='ocrx_word' id='word_1_106' title='bbox 1190 1971 1331 2034; x_wconf 88' lang='lat' dir='ltr'>Farkasii</span> <span class='ocrx_word' id='word_1_107' title='bbox 1355 1991 1449 2034; x_wconf 88' lang='lat' dir='ltr'>cano-</span> 
     </span>
     <span class='ocr_line' id='line_1_14' title="bbox 186 2075 1449 2160; baseline 0.005 -25"><span class='ocrx_word' id='word_1_108' title='bbox 186 2075 279 2137; x_wconf 88' lang='lat' dir='ltr'>nicus</span> <span class='ocrx_word' id='word_1_109' title='bbox 302 2077 436 2139; x_wconf 84' lang='lat' dir='ltr'>ecclesie</span> <span class='ocrx_word' id='word_1_110' title='bbox 459 2079 676 2160; x_wconf 88' lang='lat' dir='ltr'>zagrabiensis</span> <span class='ocrx_word' id='word_1_111' title='bbox 705 2081 736 2141; x_wconf 91' lang='lat' dir='ltr'>in</span> <span class='ocrx_word' id='word_1_112' title='bbox 762 2077 845 2142; x_wconf 88' lang='lat' dir='ltr'>facto</span> <span class='ocrx_word' id='word_1_113' title='bbox 876 2079 1042 2142; x_wconf 88' lang='lat' dir='ltr'>cuiusdam</span> <span class='ocrx_word' id='word_1_114' title='bbox 1075 2079 1150 2160; x_wconf 92' lang='lat' dir='ltr'>equi</span> <span class='ocrx_word' id='word_1_115' title='bbox 1175 2078 1309 2140; x_wconf 90' lang='lat' dir='ltr'>Fabiani</span> <span class='ocrx_word' id='word_1_116' title='bbox 1334 2078 1449 2141; x_wconf 92' lang='lat' dir='ltr'>literati</span> 
     </span>
     <span class='ocr_line' id='line_1_15' title="bbox 183 2182 1448 2268; baseline 0.002 -26"><span class='ocrx_word' id='word_1_117' title='bbox 183 2183 348 2244; x_wconf 86' lang='lat' dir='ltr'>servitoris</span> <span class='ocrx_word' id='word_1_118' title='bbox 371 2182 494 2246; x_wconf 90' lang='lat' dir='ltr'>domini</span> <span class='ocrx_word' id='word_1_119' title='bbox 511 2185 665 2246; x_wconf 87' lang='lat' dir='ltr'>lobannis</span> <span class='ocrx_word' id='word_1_120' title='bbox 682 2187 805 2248; x_wconf 87' lang='lat' dir='ltr'>abbatis</span> <span class='ocrx_word' id='word_1_121' title='bbox 822 2185 861 2248; x_wconf 92' lang='lat' dir='ltr'>de</span> <span class='ocrx_word' id='word_1_122' title='bbox 887 2185 1047 2268; x_wconf 87' lang='lat' dir='ltr'>Thoplica</span> <span class='ocrx_word' id='word_1_123' title='bbox 1068 2186 1100 2246; x_wconf 92' lang='lat' dir='ltr'>in</span> <span class='ocrx_word' id='word_1_124' title='bbox 1118 2183 1288 2247; x_wconf 84' lang='lat' dir='ltr'>manifesto</span> <span class='ocrx_word' id='word_1_125' title='bbox 1306 2183 1448 2266; x_wconf 90' lang='lat' dir='ltr'>periurio</span> 
     </span>
     <span class='ocr_line' id='line_1_16' title="bbox 185 2289 1448 2373; baseline 0.002 -23"><span class='ocrx_word' id='word_1_126' title='bbox 185 2289 261 2369; x_wconf 90' lang='lat' dir='ltr'>equi</span> <span class='ocrx_word' id='word_1_127' title='bbox 295 2289 439 2351; x_wconf 90' lang='lat' dir='ltr'>eiusdem</span> <span class='ocrx_word' id='word_1_128' title='bbox 473 2305 519 2352; x_wconf 91' lang='lat' dir='ltr'>est</span> <span class='ocrx_word' id='word_1_129' title='bbox 552 2306 717 2373; x_wconf 87' lang='lat' dir='ltr'>reppertus</span> <span class='ocrx_word' id='word_1_130' title='bbox 750 2311 787 2354; x_wconf 85' lang='lat' dir='ltr'>ex</span> <span class='ocrx_word' id='word_1_131' title='bbox 819 2305 924 2354; x_wconf 85' lang='lat' dir='ltr'>acesto</span> <span class='ocrx_word' id='word_1_132' title='bbox 957 2312 995 2354; x_wconf 88' lang='lat' dir='ltr'>ex</span> <span class='ocrx_word' id='word_1_133' title='bbox 1024 2311 1073 2370; x_wconf 92' lang='lat' dir='ltr'>e0,</span> <span class='ocrx_word' id='word_1_134' title='bbox 1105 2291 1180 2372; x_wconf 91' lang='lat' dir='ltr'>quia</span> <span class='ocrx_word' id='word_1_135' title='bbox 1205 2291 1272 2372; x_wconf 90' lang='lat' dir='ltr'>ipse</span> <span class='ocrx_word' id='word_1_136' title='bbox 1296 2289 1448 2352; x_wconf 87' lang='lat' dir='ltr'>dominus</span> 
     </span>
     <span class='ocr_line' id='line_1_17' title="bbox 185 2393 1448 2480; baseline 0.002 -25"><span class='ocrx_word' id='word_1_137' title='bbox 185 2393 369 2476; x_wconf 84' lang='lat' dir='ltr'>Stephanus</span> <span class='ocrx_word' id='word_1_138' title='bbox 401 2395 543 2458; x_wconf 86' lang='lat' dir='ltr'>Farkasii</span> <span class='ocrx_word' id='word_1_139' title='bbox 576 2417 614 2459; x_wconf 92' lang='lat' dir='ltr'>eo</span> <span class='ocrx_word' id='word_1_140' title='bbox 638 2413 782 2480; x_wconf 90' lang='lat' dir='ltr'>tempore</span> <span class='ocrx_word' id='word_1_141' title='bbox 813 2399 891 2460; x_wconf 90' lang='lat' dir='ltr'>dum</span> <span class='ocrx_word' id='word_1_142' title='bbox 923 2398 1028 2480; x_wconf 90' lang='lat' dir='ltr'>ipsum</span> <span class='ocrx_word' id='word_1_143' title='bbox 1060 2416 1180 2478; x_wconf 91' lang='lat' dir='ltr'>equum</span> <span class='ocrx_word' id='word_1_144' title='bbox 1213 2395 1288 2458; x_wconf 93' lang='lat' dir='ltr'>dicti</span> <span class='ocrx_word' id='word_1_145' title='bbox 1314 2395 1448 2458; x_wconf 87' lang='lat' dir='ltr'>Fabiani</span> 
     </span>
     <span class='ocr_line' id='line_1_18' title="bbox 186 2500 1449 2587; baseline 0.002 -26"><span class='ocrx_word' id='word_1_146' title='bbox 186 2500 304 2564; x_wconf 89' lang='lat' dir='ltr'>literati</span> <span class='ocrx_word' id='word_1_147' title='bbox 330 2502 408 2564; x_wconf 89' lang='lat' dir='ltr'>alias</span> <span class='ocrx_word' id='word_1_148' title='bbox 432 2522 540 2565; x_wconf 87' lang='lat' dir='ltr'>coram</span> <span class='ocrx_word' id='word_1_149' title='bbox 566 2505 660 2566; x_wconf 90' lang='lat' dir='ltr'>nobis</span> <span class='ocrx_word' id='word_1_150' title='bbox 689 2504 947 2587; x_wconf 88' lang='lat' dir='ltr'>recaptivaverat,</span> <span class='ocrx_word' id='word_1_151' title='bbox 978 2517 1054 2566; x_wconf 89' lang='lat' dir='ltr'>tunc</span> <span class='ocrx_word' id='word_1_152' title='bbox 1085 2502 1263 2564; x_wconf 91' lang='lat' dir='ltr'>secundum</span> <span class='ocrx_word' id='word_1_153' title='bbox 1286 2501 1449 2583; x_wconf 85' lang='lat' dir='ltr'>adjudica·</span> 
     </span>
     <span class='ocr_line' id='line_1_19' title="bbox 184 2608 1449 2694; baseline 0.002 -26"><span class='ocrx_word' id='word_1_154' title='bbox 184 2608 312 2670; x_wconf 91' lang='lat' dir='ltr'>cionem</span> <span class='ocrx_word' id='word_1_155' title='bbox 336 2622 478 2671; x_wconf 90' lang='lat' dir='ltr'>nostram</span> <span class='ocrx_word' id='word_1_156' title='bbox 502 2609 719 2692; x_wconf 91' lang='lat' dir='ltr'>juramentum</span> <span class='ocrx_word' id='word_1_157' title='bbox 742 2630 837 2694; x_wconf 89' lang='lat' dir='ltr'>super</span> <span class='ocrx_word' id='word_1_158' title='bbox 861 2629 1022 2672; x_wconf 88' lang='lat' dir='ltr'>cesaream</span> <span class='ocrx_word' id='word_1_159' title='bbox 1048 2609 1147 2692; x_wconf 93' lang='lat' dir='ltr'>ipsius</span> <span class='ocrx_word' id='word_1_160' title='bbox 1171 2609 1246 2690; x_wconf 92' lang='lat' dir='ltr'>equi</span> <span class='ocrx_word' id='word_1_161' title='bbox 1269 2608 1449 2690; x_wconf 86' lang='lat' dir='ltr'>prestiterat</span> 
     </span>
     <span class='ocr_line' id='line_1_20' title="bbox 184 2713 1447 2799; baseline -0.001 -24"><span class='ocrx_word' id='word_1_162' title='bbox 184 2727 215 2775; x_wconf 92' lang='lat' dir='ltr'>et</span> <span class='ocrx_word' id='word_1_163' title='bbox 239 2714 369 2776; x_wconf 90' lang='lat' dir='ltr'>tandem</span> <span class='ocrx_word' id='word_1_164' title='bbox 393 2715 626 2797; x_wconf 80' lang='lat' dir='ltr'>post‘multum</span> <span class='ocrx_word' id='word_1_165' title='bbox 651 2717 804 2798; x_wconf 89' lang='lat' dir='ltr'>temporis</span> <span class='ocrx_word' id='word_1_166' title='bbox 828 2717 895 2799; x_wconf 92' lang='lat' dir='ltr'>ipse</span> <span class='ocrx_word' id='word_1_167' title='bbox 922 2717 1084 2777; x_wconf 88' lang='lat' dir='ltr'>Fabianus</span> <span class='ocrx_word' id='word_1_168' title='bbox 1107 2714 1251 2778; x_wconf 90' lang='lat' dir='ltr'>literatus</span> <span class='ocrx_word' id='word_1_169' title='bbox 1274 2713 1447 2776; x_wconf 88' lang='lat' dir='ltr'>certissime</span> 
     </span>
     <span class='ocr_line' id='line_1_21' title="bbox 184 2821 1449 2906; baseline 0 -24"><span class='ocrx_word' id='word_1_170' title='bbox 184 2840 258 2882; x_wconf 90' lang='lat' dir='ltr'>cum</span> <span class='ocrx_word' id='word_1_171' title='bbox 283 2821 429 2904; x_wconf 90' lang='lat' dir='ltr'>pluribus</span> <span class='ocrx_word' id='word_1_172' title='bbox 446 2821 618 2904; x_wconf 89' lang='lat' dir='ltr'>fidedignis</span> <span class='ocrx_word' id='word_1_173' title='bbox 636 2837 667 2886; x_wconf 91' lang='lat' dir='ltr'>et</span> <span class='ocrx_word' id='word_1_174' title='bbox 682 2823 819 2906; x_wconf 89' lang='lat' dir='ltr'>ydoneis</span> <span class='ocrx_word' id='word_1_175' title='bbox 837 2823 912 2884; x_wconf 90' lang='lat' dir='ltr'>viris</span> <span class='ocrx_word' id='word_1_176' title='bbox 929 2824 1195 2905; x_wconf 85' lang='lat' dir='ltr'>comprobaverat</span> <span class='ocrx_word' id='word_1_177' title='bbox 1211 2835 1246 2884; x_wconf 90' lang='lat' dir='ltr'>ut</span> <span class='ocrx_word' id='word_1_178' title='bbox 1262 2821 1330 2904; x_wconf 92' lang='lat' dir='ltr'>ipse</span> <span class='ocrx_word' id='word_1_179' title='bbox 1347 2841 1449 2903; x_wconf 91' lang='lat' dir='ltr'>equus</span> 
     </span>
     <span class='ocr_line' id='line_1_22' title="bbox 184 2927 1448 3012; baseline 0 -25"><span class='ocrx_word' id='word_1_180' title='bbox 184 2928 339 2989; x_wconf 89' lang='lat' dir='ltr'>veraciter</span> <span class='ocrx_word' id='word_1_181' title='bbox 362 2948 438 2990; x_wconf 90' lang='lat' dir='ltr'>suus</span> <span class='ocrx_word' id='word_1_182' title='bbox 462 2927 557 2990; x_wconf 85' lang='lat' dir='ltr'>fuerit</span> <span class='ocrx_word' id='word_1_183' title='bbox 574 2943 604 2990; x_wconf 95' lang='lat' dir='ltr'>et</span> <span class='ocrx_word' id='word_1_184' title='bbox 627 2929 672 2991; x_wconf 90' lang='lat' dir='ltr'>sic</span> <span class='ocrx_word' id='word_1_185' title='bbox 696 2930 825 2991; x_wconf 89' lang='lat' dir='ltr'>tandem</span> <span class='ocrx_word' id='word_1_186' title='bbox 843 2931 910 3012; x_wconf 92' lang='lat' dir='ltr'>ipse</span> <span class='ocrx_word' id='word_1_187' title='bbox 932 2930 1084 2990; x_wconf 91' lang='lat' dir='ltr'>dominus</span> <span class='ocrx_word' id='word_1_188' title='bbox 1109 2927 1289 3010; x_wconf 88' lang='lat' dir='ltr'>Stephanus</span> <span class='ocrx_word' id='word_1_189' title='bbox 1306 2927 1448 2990; x_wconf 89' lang='lat' dir='ltr'>Farkasii</span> 
     </span>
     <span class='ocr_line' id='line_1_23' title="bbox 184 3033 1446 3118; baseline 0.002 -24"><span class='ocrx_word' id='word_1_190' title='bbox 184 3033 289 3114; x_wconf 90' lang='lat' dir='ltr'>ipsum</span> <span class='ocrx_word' id='word_1_191' title='bbox 315 3054 435 3116; x_wconf 90' lang='lat' dir='ltr'>equum</span> <span class='ocrx_word' id='word_1_192' title='bbox 453 3035 539 3097; x_wconf 89' lang='lat' dir='ltr'>dicto</span> <span class='ocrx_word' id='word_1_193' title='bbox 556 3035 701 3097; x_wconf 89' lang='lat' dir='ltr'>Fabiano</span> <span class='ocrx_word' id='word_1_194' title='bbox 718 3049 882 3118; x_wconf 88' lang='lat' dir='ltr'>tamquam</span> <span class='ocrx_word' id='word_1_195' title='bbox 901 3035 984 3116; x_wconf 82' lang='lat' dir='ltr'>justo</span> <span class='ocrx_word' id='word_1_196' title='bbox 1001 3035 1125 3098; x_wconf 91' lang='lat' dir='ltr'>homini</span> <span class='ocrx_word' id='word_1_197' title='bbox 1142 3034 1290 3114; x_wconf 90' lang='lat' dir='ltr'>restituit,</span> <span class='ocrx_word' id='word_1_198' title='bbox 1307 3035 1446 3116; x_wconf 95' lang='lat' dir='ltr'>ideoque</span> 
     </span>
     <span class='ocr_line' id='line_1_24' title="bbox 184 3139 1443 3224; baseline 0.001 -24"><span class='ocrx_word' id='word_1_199' title='bbox 184 3139 251 3221; x_wconf 91' lang='lat' dir='ltr'>ipse</span> <span class='ocrx_word' id='word_1_200' title='bbox 277 3139 429 3202; x_wconf 90' lang='lat' dir='ltr'>dominus</span> <span class='ocrx_word' id='word_1_201' title='bbox 454 3141 635 3224; x_wconf 86' lang='lat' dir='ltr'>Stephanus</span> <span class='ocrx_word' id='word_1_202' title='bbox 659 3141 800 3204; x_wconf 86' lang='lat' dir='ltr'>Farkasii</span> <span class='ocrx_word' id='word_1_203' title='bbox 825 3143 967 3204; x_wconf 90' lang='lat' dir='ltr'>concivis</span> <span class='ocrx_word' id='word_1_204' title='bbox 998 3155 1105 3204; x_wconf 90' lang='lat' dir='ltr'>noster</span> <span class='ocrx_word' id='word_1_205' title='bbox 1136 3141 1264 3203; x_wconf 92' lang='lat' dir='ltr'>racione</span> <span class='ocrx_word' id='word_1_206' title='bbox 1288 3141 1365 3202; x_wconf 89' lang='lat' dir='ltr'>dicti</span> <span class='ocrx_word' id='word_1_207' title='bbox 1389 3159 1443 3224; x_wconf 92' lang='lat' dir='ltr'>pe-</span> 
     </span>
     <span class='ocr_line' id='line_1_25' title="bbox 183 3247 1446 3331; baseline 0.001 -24"><span class='ocrx_word' id='word_1_208' title='bbox 183 3247 273 3308; x_wconf 92' lang='lat' dir='ltr'>riurii</span> <span class='ocrx_word' id='word_1_209' title='bbox 300 3247 333 3308; x_wconf 93' lang='lat' dir='ltr'>in</span> <span class='ocrx_word' id='word_1_210' title='bbox 358 3247 498 3328; x_wconf 88' lang='lat' dir='ltr'>birsagio</span> <span class='ocrx_word' id='word_1_211' title='bbox 522 3247 617 3310; x_wconf 91' lang='lat' dir='ltr'>solito</span> <span class='ocrx_word' id='word_1_212' title='bbox 635 3249 786 3310; x_wconf 90' lang='lat' dir='ltr'>remansit</span> <span class='ocrx_word' id='word_1_213' title='bbox 809 3269 907 3331; x_wconf 90' lang='lat' dir='ltr'>penes</span> <span class='ocrx_word' id='word_1_214' title='bbox 923 3250 1028 3330; x_wconf 88' lang='lat' dir='ltr'>legem</span> <span class='ocrx_word' id='word_1_215' title='bbox 1045 3262 1076 3310; x_wconf 93' lang='lat' dir='ltr'>et</span> <span class='ocrx_word' id='word_1_216' title='bbox 1100 3248 1279 3310; x_wconf 90' lang='lat' dir='ltr'>libertatem</span> <span class='ocrx_word' id='word_1_217' title='bbox 1303 3261 1446 3309; x_wconf 89' lang='lat' dir='ltr'>nostram</span> 
     </span>
     <span class='ocr_line' id='line_1_26' title="bbox 183 3353 1444 3437; baseline -0.001 -23"><span class='ocrx_word' id='word_1_218' title='bbox 183 3373 240 3414; x_wconf 89' lang='lat' dir='ltr'>seu</span> <span class='ocrx_word' id='word_1_219' title='bbox 266 3353 404 3416; x_wconf 89' lang='lat' dir='ltr'>civitatis</span> <span class='ocrx_word' id='word_1_220' title='bbox 427 3355 569 3437; x_wconf 85' lang='lat' dir='ltr'>predicte</span> <span class='ocrx_word' id='word_1_221' title='bbox 590 3367 621 3416; x_wconf 90' lang='lat' dir='ltr'>et</span> <span class='ocrx_word' id='word_1_222' title='bbox 644 3355 774 3437; x_wconf 89' lang='lat' dir='ltr'>insuper</span> <span class='ocrx_word' id='word_1_223' title='bbox 802 3369 1099 3436; x_wconf 89' lang='lat' dir='ltr'>quantumcumque</span> <span class='ocrx_word' id='word_1_224' title='bbox 1124 3355 1183 3437; x_wconf 92' lang='lat' dir='ltr'>ipsi</span> <span class='ocrx_word' id='word_1_225' title='bbox 1206 3354 1288 3436; x_wconf 90' lang='lat' dir='ltr'>parti</span> <span class='ocrx_word' id='word_1_226' title='bbox 1312 3354 1444 3416; x_wconf 89' lang='lat' dir='ltr'>adverse</span> 
     </span>
     <span class='ocr_line' id='line_1_27' title="bbox 182 3459 1444 3544; baseline 0.001 -23"><span class='ocrx_word' id='word_1_227' title='bbox 182 3460 336 3522; x_wconf 89' lang='lat' dir='ltr'>remansit</span> <span class='ocrx_word' id='word_1_228' title='bbox 358 3472 390 3523; x_wconf 92' lang='lat' dir='ltr'>et</span> <span class='ocrx_word' id='word_1_229' title='bbox 405 3459 558 3524; x_wconf 86' lang='lat' dir='ltr'>satisfecit</span> <span class='ocrx_word' id='word_1_230' title='bbox 581 3461 620 3522; x_wconf 92' lang='lat' dir='ltr'>de</span> <span class='ocrx_word' id='word_1_231' title='bbox 638 3482 695 3544; x_wconf 90' lang='lat' dir='ltr'>per</span> <span class='ocrx_word' id='word_1_232' title='bbox 718 3482 750 3524; x_wconf 90' lang='lat' dir='ltr'>se</span> <span class='ocrx_word' id='word_1_233' title='bbox 767 3475 891 3524; x_wconf 91' lang='lat' dir='ltr'>tantum</span> <span class='ocrx_word' id='word_1_234' title='bbox 909 3461 995 3523; x_wconf 90' lang='lat' dir='ltr'>idem</span> <span class='ocrx_word' id='word_1_235' title='bbox 1016 3461 1114 3543; x_wconf 87' lang='lat' dir='ltr'>judici</span> <span class='ocrx_word' id='word_1_236' title='bbox 1139 3475 1170 3522; x_wconf 92' lang='lat' dir='ltr'>et</span> <span class='ocrx_word' id='word_1_237' title='bbox 1193 3460 1304 3543; x_wconf 88' lang='lat' dir='ltr'>juratis</span> <span class='ocrx_word' id='word_1_238' title='bbox 1328 3460 1444 3522; x_wconf 89' lang='lat' dir='ltr'>nostris</span> 
     </span>
     <span class='ocr_line' id='line_1_28' title="bbox 180 3565 945 3650; baseline 0.004 -22"><span class='ocrx_word' id='word_1_239' title='bbox 180 3565 364 3628; x_wconf 87' lang='lat' dir='ltr'>satisfacere</span> <span class='ocrx_word' id='word_1_240' title='bbox 388 3565 484 3629; x_wconf 91' lang='lat' dir='ltr'>debet</span> <span class='ocrx_word' id='word_1_241' title='bbox 508 3567 620 3630; x_wconf 91' lang='lat' dir='ltr'>ordine</span> <span class='ocrx_word' id='word_1_242' title='bbox 645 3567 722 3649; x_wconf 81' lang='lat' dir='ltr'>juris</span> <span class='ocrx_word' id='word_1_243' title='bbox 746 3582 945 3650; x_wconf 86' lang='lat' dir='ltr'>exposcente.</span> 
     </span>
    </p>

    <p class='ocr_par' dir='ltr' id='par_1_4' title="bbox 179 3671 1447 4074">
     <span class='ocr_line' id='line_1_29' title="bbox 292 3671 1447 3757; baseline 0 -23"><span class='ocrx_word' id='word_1_244' title='bbox 292 3673 369 3736; x_wconf 91' lang='lat' dir='ltr'>ltem</span> <span class='ocrx_word' id='word_1_245' title='bbox 403 3693 530 3735; x_wconf 89' lang='lat' dir='ltr'>causam</span> <span class='ocrx_word' id='word_1_246' title='bbox 563 3674 645 3735; x_wconf 91' lang='lat' dir='ltr'>inter</span> <span class='ocrx_word' id='word_1_247' title='bbox 677 3673 852 3757; x_wconf 89' lang='lat' dir='ltr'>Symonem</span> <span class='ocrx_word' id='word_1_248' title='bbox 884 3673 986 3736; x_wconf 85' lang='lat' dir='ltr'>filium</span> <span class='ocrx_word' id='word_1_249' title='bbox 1017 3673 1144 3736; x_wconf 86' lang='lat' dir='ltr'>Thome</span> <span class='ocrx_word' id='word_1_250' title='bbox 1176 3671 1215 3733; x_wconf 91' lang='lat' dir='ltr'>de</span> <span class='ocrx_word' id='word_1_251' title='bbox 1240 3671 1378 3734; x_wconf 88' lang='lat' dir='ltr'>Chasma</span> <span class='ocrx_word' id='word_1_252' title='bbox 1413 3683 1447 3734; x_wconf 91' lang='lat' dir='ltr'>ut</span> 
     </span>
     <span class='ocr_line' id='line_1_30' title="bbox 179 3777 1443 3863; baseline -0.001 -23"><span class='ocrx_word' id='word_1_253' title='bbox 179 3793 323 3841; x_wconf 91' lang='lat' dir='ltr'>actorem</span> <span class='ocrx_word' id='word_1_254' title='bbox 353 3801 389 3841; x_wconf 89' lang='lat' dir='ltr'>ac</span> <span class='ocrx_word' id='word_1_255' title='bbox 421 3779 623 3862; x_wconf 87' lang='lat' dir='ltr'>Mychaelem</span> <span class='ocrx_word' id='word_1_256' title='bbox 655 3779 784 3842; x_wconf 86' lang='lat' dir='ltr'>fratrem</span> <span class='ocrx_word' id='word_1_257' title='bbox 816 3780 946 3863; x_wconf 90' lang='lat' dir='ltr'>Mathye</span> <span class='ocrx_word' id='word_1_258' title='bbox 978 3779 1017 3842; x_wconf 88' lang='lat' dir='ltr'>de</span> <span class='ocrx_word' id='word_1_259' title='bbox 1049 3780 1133 3860; x_wconf 84' lang='lat' dir='ltr'>Vgra</span> <span class='ocrx_word' id='word_1_260' title='bbox 1165 3777 1307 3840; x_wconf 90' lang='lat' dir='ltr'>habitam</span> <span class='ocrx_word' id='word_1_261' title='bbox 1339 3791 1374 3840; x_wconf 90' lang='lat' dir='ltr'>ut</span> <span class='ocrx_word' id='word_1_262' title='bbox 1410 3778 1443 3839; x_wconf 94' lang='lat' dir='ltr'>in</span> 
     </span>
     <span class='ocr_line' id='line_1_31' title="bbox 180 3881 1446 3970; baseline -0.004 -22"><span class='ocrx_word' id='word_1_263' title='bbox 180 3905 311 3948; x_wconf 88' lang='lat' dir='ltr'>causam</span> <span class='ocrx_word' id='word_1_264' title='bbox 336 3899 516 3966; x_wconf 91' lang='lat' dir='ltr'>attractum,</span> <span class='ocrx_word' id='word_1_265' title='bbox 540 3887 580 3948; x_wconf 91' lang='lat' dir='ltr'>ad</span> <span class='ocrx_word' id='word_1_266' title='bbox 605 3907 716 3970; x_wconf 92' lang='lat' dir='ltr'>pacem</span> <span class='ocrx_word' id='word_1_267' title='bbox 741 3907 797 3949; x_wconf 92' lang='lat' dir='ltr'>seu</span> <span class='ocrx_word' id='word_1_268' title='bbox 821 3907 879 3970; x_wconf 88' lang='lat' dir='ltr'>pto</span> <span class='ocrx_word' id='word_1_269' title='bbox 902 3886 1008 3948; x_wconf 89' lang='lat' dir='ltr'>fienda</span> <span class='ocrx_word' id='word_1_270' title='bbox 1033 3905 1110 3968; x_wconf 91' lang='lat' dir='ltr'>pace</span> <span class='ocrx_word' id='word_1_271' title='bbox 1134 3885 1173 3946; x_wconf 90' lang='lat' dir='ltr'>ad</span> <span class='ocrx_word' id='word_1_272' title='bbox 1198 3884 1338 3966; x_wconf 92' lang='lat' dir='ltr'>primum</span> <span class='ocrx_word' id='word_1_273' title='bbox 1362 3881 1446 3964; x_wconf 90' lang='lat' dir='ltr'>judi·</span> 
     </span>
     <span class='ocr_line' id='line_1_32' title="bbox 179 3992 1141 4074; baseline 0.001 -21"><span class='ocrx_word' id='word_1_274' title='bbox 179 3993 268 4054; x_wconf 89' lang='lat' dir='ltr'>cium</span> <span class='ocrx_word' id='word_1_275' title='bbox 294 3992 334 4054; x_wconf 94' lang='lat' dir='ltr'>de</span> <span class='ocrx_word' id='word_1_276' title='bbox 360 3993 503 4074; x_wconf 89' lang='lat' dir='ltr'>parcium</span> <span class='ocrx_word' id='word_1_277' title='bbox 529 3993 694 4056; x_wconf 89' lang='lat' dir='ltr'>voluntate</span> <span class='ocrx_word' id='word_1_278' title='bbox 720 3993 870 4054; x_wconf 83' lang='lat' dir='ltr'>duximus</span> <span class='ocrx_word' id='word_1_279' title='bbox 894 3992 1141 4074; x_wconf 88' lang='lat' dir='ltr'>prorogandam.</span> 
     </span>
    </p>

    <p class='ocr_par' dir='ltr' id='par_1_5' title="bbox 178 4095 1446 4924">
     <span class='ocr_line' id='line_1_33' title="bbox 289 4095 1445 4181; baseline -0.002 -21"><span class='ocrx_word' id='word_1_280' title='bbox 289 4099 368 4161; x_wconf 89' lang='lat' dir='ltr'>ltem</span> <span class='ocrx_word' id='word_1_281' title='bbox 393 4099 486 4181; x_wconf 88' lang='lat' dir='ltr'>jurati</span> <span class='ocrx_word' id='word_1_282' title='bbox 504 4099 767 4180; x_wconf 85' lang='lat' dir='ltr'>adjudicaverunt</span> <span class='ocrx_word' id='word_1_283' title='bbox 791 4100 823 4160; x_wconf 93' lang='lat' dir='ltr'>in</span> <span class='ocrx_word' id='word_1_284' title='bbox 840 4119 933 4160; x_wconf 89' lang='lat' dir='ltr'>causa</span> <span class='ocrx_word' id='word_1_285' title='bbox 950 4099 1078 4180; x_wconf 87' lang='lat' dir='ltr'>terragii</span> <span class='ocrx_word' id='word_1_286' title='bbox 1095 4111 1250 4160; x_wconf 91' lang='lat' dir='ltr'>terrarum</span> <span class='ocrx_word' id='word_1_287' title='bbox 1275 4095 1445 4158; x_wconf 90' lang='lat' dir='ltr'>arabilium</span> 
     </span>
     <span class='ocr_line' id='line_1_34' title="bbox 179 4202 1445 4289; baseline -0.004 -22"><span class='ocrx_word' id='word_1_288' title='bbox 179 4207 320 4268; x_wconf 87' lang='lat' dir='ltr'>condam</span> <span class='ocrx_word' id='word_1_289' title='bbox 332 4207 458 4268; x_wconf 89' lang='lat' dir='ltr'>Nicolai</span> <span class='ocrx_word' id='word_1_290' title='bbox 470 4207 642 4289; x_wconf 85' lang='lat' dir='ltr'>Lippowcz</span> <span class='ocrx_word' id='word_1_291' title='bbox 660 4221 691 4268; x_wconf 92' lang='lat' dir='ltr'>et</span> <span class='ocrx_word' id='word_1_292' title='bbox 707 4205 873 4268; x_wconf 91' lang='lat' dir='ltr'>cuiusdam</span> <span class='ocrx_word' id='word_1_293' title='bbox 887 4203 952 4267; x_wconf 88' lang='lat' dir='ltr'>feni</span> <span class='ocrx_word' id='word_1_294' title='bbox 969 4225 1004 4266; x_wconf 92' lang='lat' dir='ltr'>ac</span> <span class='ocrx_word' id='word_1_295' title='bbox 1022 4204 1138 4266; x_wconf 88' lang='lat' dir='ltr'>stabuli</span> <span class='ocrx_word' id='word_1_296' title='bbox 1157 4202 1315 4265; x_wconf 90' lang='lat' dir='ltr'>Leonardi</span> <span class='ocrx_word' id='word_1_297' title='bbox 1334 4202 1445 4280; x_wconf 90' lang='lat' dir='ltr'>Italici,</span> 
     </span>
     <span class='ocr_line' id='line_1_35' title="bbox 179 4309 1443 4395; baseline -0.003 -21"><span class='ocrx_word' id='word_1_298' title='bbox 179 4333 261 4395; x_wconf 87' lang='lat' dir='ltr'>quas</span> <span class='ocrx_word' id='word_1_299' title='bbox 284 4313 350 4394; x_wconf 89' lang='lat' dir='ltr'>ipse</span> <span class='ocrx_word' id='word_1_300' title='bbox 378 4312 564 4375; x_wconf 89' lang='lat' dir='ltr'>Leonardus</span> <span class='ocrx_word' id='word_1_301' title='bbox 581 4313 681 4374; x_wconf 92' lang='lat' dir='ltr'>nobili</span> <span class='ocrx_word' id='word_1_302' title='bbox 704 4313 834 4374; x_wconf 91' lang='lat' dir='ltr'>domine</span> <span class='ocrx_word' id='word_1_303' title='bbox 853 4312 1016 4374; x_wconf 88' lang='lat' dir='ltr'>Dorothea</span> <span class='ocrx_word' id='word_1_304' title='bbox 1040 4323 1151 4373; x_wconf 91' lang='lat' dir='ltr'>vocate</span> <span class='ocrx_word' id='word_1_305' title='bbox 1175 4310 1283 4372; x_wconf 91' lang='lat' dir='ltr'>relicte</span> <span class='ocrx_word' id='word_1_306' title='bbox 1301 4309 1443 4371; x_wconf 88' lang='lat' dir='ltr'>condam</span> 
     </span>
     <span class='ocr_line' id='line_1_36' title="bbox 180 4417 1445 4498; baseline -0.002 -18"><span class='ocrx_word' id='word_1_307' title='bbox 180 4419 323 4481; x_wconf 90' lang='lat' dir='ltr'>Ladislai</span> <span class='ocrx_word' id='word_1_308' title='bbox 348 4419 388 4481; x_wconf 92' lang='lat' dir='ltr'>de</span> <span class='ocrx_word' id='word_1_309' title='bbox 412 4420 551 4482; x_wconf 90' lang='lat' dir='ltr'>Prezeka</span> <span class='ocrx_word' id='word_1_310' title='bbox 576 4440 648 4482; x_wconf 91' lang='lat' dir='ltr'>cum</span> <span class='ocrx_word' id='word_1_311' title='bbox 673 4419 794 4481; x_wconf 92' lang='lat' dir='ltr'>cunctis</span> <span class='ocrx_word' id='word_1_312' title='bbox 818 4419 883 4480; x_wconf 89' lang='lat' dir='ltr'>suis</span> <span class='ocrx_word' id='word_1_313' title='bbox 912 4418 1102 4480; x_wconf 91' lang='lat' dir='ltr'>utilitatibus</span> <span class='ocrx_word' id='word_1_314' title='bbox 1126 4431 1157 4479; x_wconf 91' lang='lat' dir='ltr'>et</span> <span class='ocrx_word' id='word_1_315' title='bbox 1180 4417 1385 4498; x_wconf 92' lang='lat' dir='ltr'>pertinenciis</span> <span class='ocrx_word' id='word_1_316' title='bbox 1409 4436 1445 4478; x_wconf 92' lang='lat' dir='ltr'>ac</span> 
     </span>
     <span class='ocr_line' id='line_1_37' title="bbox 180 4521 1444 4609; baseline -0.004 -21"><span class='ocrx_word' id='word_1_317' title='bbox 180 4526 392 4609; x_wconf 89' lang='lat' dir='ltr'>proventibus</span> <span class='ocrx_word' id='word_1_318' title='bbox 415 4539 446 4588; x_wconf 89' lang='lat' dir='ltr'>et</span> <span class='ocrx_word' id='word_1_319' title='bbox 481 4527 625 4608; x_wconf 82' lang='lat' dir='ltr'>terragiis</span> <span class='ocrx_word' id='word_1_320' title='bbox 656 4525 854 4602; x_wconf 88' lang='lat' dir='ltr'>vendiderat,</span> <span class='ocrx_word' id='word_1_321' title='bbox 886 4539 982 4606; x_wconf 92' lang='lat' dir='ltr'>prout</span> <span class='ocrx_word' id='word_1_322' title='bbox 1013 4526 1053 4586; x_wconf 91' lang='lat' dir='ltr'>ab</span> <span class='ocrx_word' id='word_1_323' title='bbox 1078 4523 1191 4585; x_wconf 90' lang='lat' dir='ltr'>eadem</span> <span class='ocrx_word' id='word_1_324' title='bbox 1223 4522 1355 4584; x_wconf 90' lang='lat' dir='ltr'>domina</span> <span class='ocrx_word' id='word_1_325' title='bbox 1386 4521 1444 4583; x_wconf 91' lang='lat' dir='ltr'>sub</span> 
     </span>
     <span class='ocr_line' id='line_1_38' title="bbox 178 4628 1445 4717; baseline -0.006 -21"><span class='ocrx_word' id='word_1_326' title='bbox 178 4634 361 4717; x_wconf 86' lang='lat' dir='ltr'>juramento</span> <span class='ocrx_word' id='word_1_327' title='bbox 385 4653 493 4696; x_wconf 91' lang='lat' dir='ltr'>coram</span> <span class='ocrx_word' id='word_1_328' title='bbox 517 4634 610 4696; x_wconf 89' lang='lat' dir='ltr'>nobis</span> <span class='ocrx_word' id='word_1_329' title='bbox 634 4653 690 4716; x_wconf 93' lang='lat' dir='ltr'>per</span> <span class='ocrx_word' id='word_1_330' title='bbox 715 4653 773 4694; x_wconf 92' lang='lat' dir='ltr'>nos</span> <span class='ocrx_word' id='word_1_331' title='bbox 797 4633 990 4713; x_wconf 89' lang='lat' dir='ltr'>interrogata</span> <span class='ocrx_word' id='word_1_332' title='bbox 1008 4631 1125 4709; x_wconf 87' lang='lat' dir='ltr'>retulit,</span> <span class='ocrx_word' id='word_1_333' title='bbox 1151 4649 1215 4712; x_wconf 93' lang='lat' dir='ltr'>que</span> <span class='ocrx_word' id='word_1_334' title='bbox 1240 4648 1333 4690; x_wconf 91' lang='lat' dir='ltr'>causa</span> <span class='ocrx_word' id='word_1_335' title='bbox 1361 4628 1445 4690; x_wconf 93' lang='lat' dir='ltr'>inter</span> 
     </span>
     <span class='ocr_line' id='line_1_39' title="bbox 181 4735 1446 4822; baseline -0.005 -20"><span class='ocrx_word' id='word_1_336' title='bbox 181 4741 368 4822; x_wconf 87' lang='lat' dir='ltr'>magistrum</span> <span class='ocrx_word' id='word_1_337' title='bbox 402 4741 557 4802; x_wconf 91' lang='lat' dir='ltr'>lacobum</span> <span class='ocrx_word' id='word_1_338' title='bbox 589 4740 768 4820; x_wconf 88' lang='lat' dir='ltr'>cirologum</span> <span class='ocrx_word' id='word_1_339' title='bbox 812 4753 1051 4820; x_wconf 88' lang='lat' dir='ltr'>procuratorem</span> <span class='ocrx_word' id='word_1_340' title='bbox 1085 4737 1184 4818; x_wconf 90' lang='lat' dir='ltr'>ipsius</span> <span class='ocrx_word' id='word_1_341' title='bbox 1218 4735 1378 4797; x_wconf 90' lang='lat' dir='ltr'>Leonardi</span> <span class='ocrx_word' id='word_1_342' title='bbox 1411 4749 1446 4797; x_wconf 91' lang='lat' dir='ltr'>ut</span> 
     </span>
     <span class='ocr_line' id='line_1_40' title="bbox 183 4841 1446 4924; baseline -0.003 -16"><span class='ocrx_word' id='word_1_343' title='bbox 183 4861 323 4910; x_wconf 88' lang='lat' dir='ltr'>actorem</span> <span class='ocrx_word' id='word_1_344' title='bbox 350 4859 380 4908; x_wconf 90' lang='lat' dir='ltr'>et</span> <span class='ocrx_word' id='word_1_345' title='bbox 404 4846 485 4908; x_wconf 91' lang='lat' dir='ltr'>inter</span> <span class='ocrx_word' id='word_1_346' title='bbox 511 4845 717 4908; x_wconf 90' lang='lat' dir='ltr'>Valentinum</span> <span class='ocrx_word' id='word_1_347' title='bbox 743 4845 881 4924; x_wconf 88' lang='lat' dir='ltr'>juratum</span> <span class='ocrx_word' id='word_1_348' title='bbox 912 4843 1014 4905; x_wconf 91' lang='lat' dir='ltr'>filium</span> <span class='ocrx_word' id='word_1_349' title='bbox 1040 4842 1206 4904; x_wconf 87' lang='lat' dir='ltr'>Michaelis</span> <span class='ocrx_word' id='word_1_350' title='bbox 1231 4841 1385 4904; x_wconf 89' lang='lat' dir='ltr'>Saronich</span> <span class='ocrx_word' id='word_1_351' title='bbox 1411 4855 1446 4904; x_wconf 92' lang='lat' dir='ltr'>ut</span> 
     </span>
    </p>
   </div>
   <div class='ocr_carea' id='block_1_3' title="bbox 180 4947 1444 5031">
    <p class='ocr_par' dir='ltr' id='par_1_6' title="bbox 180 4947 1444 5031">
     <span class='ocr_line' id='line_1_41' title="bbox 180 4947 1444 5031; baseline -0.006 -17"><span class='ocrx_word' id='word_1_352' title='bbox 180 4953 212 5014; x_wconf 90' lang='lat' dir='ltr'>in</span> <span class='ocrx_word' id='word_1_353' title='bbox 237 4973 366 5016; x_wconf 89' lang='lat' dir='ltr'>causam</span> <span class='ocrx_word' id='word_1_354' title='bbox 389 4965 557 5015; x_wconf 90' lang='lat' dir='ltr'>attractum</span> <span class='ocrx_word' id='word_1_355' title='bbox 583 4971 690 5013; x_wconf 90' lang='lat' dir='ltr'>coram</span> <span class='ocrx_word' id='word_1_356' title='bbox 717 4951 809 5013; x_wconf 91' lang='lat' dir='ltr'>nobis</span> <span class='ocrx_word' id='word_1_357' title='bbox 833 4952 1024 5028; x_wconf 89' lang='lat' dir='ltr'>vertebatur,</span> <span class='ocrx_word' id='word_1_358' title='bbox 1050 4963 1084 5010; x_wconf 95' lang='lat' dir='ltr'>ut</span> <span class='ocrx_word' id='word_1_359' title='bbox 1109 4949 1175 5031; x_wconf 90' lang='lat' dir='ltr'>ipse</span> <span class='ocrx_word' id='word_1_360' title='bbox 1193 4949 1381 5009; x_wconf 91' lang='lat' dir='ltr'>Valentinus</span> <span class='ocrx_word' id='word_1_361' title='bbox 1397 4947 1444 5030; x_wconf 91' lang='lat' dir='ltr'>ju·</span> 
     </span>
    </p>
   </div>
   <div class='ocr_carea' id='block_1_4' title="bbox 181 5053 1443 5184">
    <p class='ocr_par' dir='ltr' id='par_1_7' title="bbox 181 5053 1443 5184">
     <span class='ocr_line' id='line_1_42' title="bbox 181 5053 1443 5142; baseline -0.007 -20"><span class='ocrx_word' id='word_1_362' title='bbox 181 5073 268 5122; x_wconf 88' lang='lat' dir='ltr'>ratus</span> <span class='ocrx_word' id='word_1_363' title='bbox 294 5059 441 5121; x_wconf 89' lang='lat' dir='ltr'>similiter</span> <span class='ocrx_word' id='word_1_364' title='bbox 456 5057 588 5142; x_wconf 91' lang='lat' dir='ltr'>pacifice</span> <span class='ocrx_word' id='word_1_365' title='bbox 605 5059 704 5119; x_wconf 91' lang='lat' dir='ltr'>dictas</span> <span class='ocrx_word' id='word_1_366' title='bbox 721 5071 819 5119; x_wconf 88' lang='lat' dir='ltr'>terras</span> <span class='ocrx_word' id='word_1_367' title='bbox 836 5057 972 5118; x_wconf 90' lang='lat' dir='ltr'>arabiles</span> <span class='ocrx_word' id='word_1_368' title='bbox 989 5069 1019 5117; x_wconf 92' lang='lat' dir='ltr'>et</span> <span class='ocrx_word' id='word_1_369' title='bbox 1036 5055 1169 5118; x_wconf 90' lang='lat' dir='ltr'>domum</span> <span class='ocrx_word' id='word_1_370' title='bbox 1187 5055 1286 5137; x_wconf 90' lang='lat' dir='ltr'>ipsius</span> <span class='ocrx_word' id='word_1_371' title='bbox 1307 5053 1443 5114; x_wconf 88' lang='lat' dir='ltr'>condam</span> 
     </span>
     <span class='ocr_line' id='line_1_43' title="bbox 1326 5156 1340 5184; baseline 0 0"><span class='ocrx_word' id='word_1_372' title='bbox 1326 5156 1340 5184; x_wconf 61' lang='lat' dir='ltr'>U</span> 
     </span>
    </p>
   </div>
   <div class='ocr_carea' id='block_1_5' title="bbox 0 0 1872 5796">
    <p class='ocr_par' dir='ltr' id='par_1_8' title="bbox 0 0 1872 5796">
     <span class='ocr_line' id='line_1_44' title="bbox 0 0 1872 5796; baseline 0 2"><span class='ocrx_word' id='word_1_373' title='bbox 0 0 1872 5796; x_wconf 95' lang='lat' dir='ltr'> </span> 
     </span>
    </p>
   </div>
  </div>
 </body>
</html>
