<?xml version="1.0" encoding="UTF-8"?>
<!DOCTYPE html PUBLIC "-//W3C//DTD XHTML 1.0 Transitional//EN"
    "http://www.w3.org/TR/xhtml1/DTD/xhtml1-transitional.dtd">
<html xmlns="http://www.w3.org/1999/xhtml" xml:lang="en" lang="en">
 <head>
  <title>
</title>
<meta http-equiv="Content-Type" content="text/html;charset=utf-8" />
  <meta name='ocr-system' content='tesseract 3.04.00' />
  <meta name='ocr-capabilities' content='ocr_page ocr_carea ocr_par ocr_line ocrx_word'/>
</head>
<body>
  <div class='ocr_page' id='page_1' title='image "./monumentahistor14laszgoog_0248.png"; bbox 0 0 3678 5800; ppageno 0'>
   <div class='ocr_carea' id='block_1_1' title="bbox 442 588 1329 668">
    <p class='ocr_par' dir='ltr' id='par_1_1' title="bbox 442 588 1329 668">
     <span class='ocr_line' id='line_1_1' title="bbox 442 588 1329 668; baseline 0.002 -19"><span class='ocrx_word' id='word_1_1' title='bbox 442 607 504 650; x_wconf 90' lang='lat'><strong>200</strong></span> <span class='ocrx_word' id='word_1_2' title='bbox 805 593 893 650; x_wconf 83' lang='lat' dir='ltr'><strong>Anno</strong></span> <span class='ocrx_word' id='word_1_3' title='bbox 913 606 1003 668; x_wconf 74' lang='grc'><em>1433·</em></span> <span class='ocrx_word' id='word_1_4' title='bbox 1029 625 1070 634; x_wconf 93' lang='lat'><em>-</em></span> <span class='ocrx_word' id='word_1_5' title='bbox 1095 588 1146 652; x_wconf 84' lang='lat'><strong>18.</strong></span> <span class='ocrx_word' id='word_1_6' title='bbox 1169 593 1329 651; x_wconf 73' lang='lat' dir='ltr'><em>decembris,</em></span> 
     </span>
    </p>
   </div>
   <div class='ocr_carea' id='block_1_2' title="bbox 441 801 1694 991">
    <p class='ocr_par' dir='ltr' id='par_1_2' title="bbox 441 801 1694 991">
     <span class='ocr_line' id='line_1_2' title="bbox 445 801 1694 885; baseline 0.001 -22"><span class='ocrx_word' id='word_1_7' title='bbox 445 803 540 864; x_wconf 91' lang='lat' dir='ltr'><strong>nobis</strong></span> <span class='ocrx_word' id='word_1_8' title='bbox 564 801 742 885; x_wconf 89' lang='lat' dir='ltr'><strong>producere</strong></span> <span class='ocrx_word' id='word_1_9' title='bbox 768 821 972 884; x_wconf 88' lang='lat' dir='ltr'><strong>quecumque</strong></span> <span class='ocrx_word' id='word_1_10' title='bbox 996 803 1065 882; x_wconf 89' lang='lat' dir='ltr'><strong>jura</strong></span> <span class='ocrx_word' id='word_1_11' title='bbox 1082 802 1246 880; x_wconf 89' lang='lat' dir='ltr'><strong>habuerit;</strong></span> <span class='ocrx_word' id='word_1_12' title='bbox 1271 803 1382 884; x_wconf 82' lang='lat' dir='ltr'><strong>qussi</strong></span> <span class='ocrx_word' id='word_1_13' title='bbox 1407 803 1606 885; x_wconf 86' lang='lat' dir='ltr'><strong>produxerit,</strong></span> <span class='ocrx_word' id='word_1_14' title='bbox 1623 804 1694 864; x_wconf 88' lang='lat' dir='ltr'><strong>bene</strong></span> 
     </span>
     <span class='ocr_line' id='line_1_3' title="bbox 441 907 1693 991; baseline -0.001 -21"><span class='ocrx_word' id='word_1_15' title='bbox 441 907 585 991; x_wconf 90' lang='lat' dir='ltr'><strong>quidem,</strong></span> <span class='ocrx_word' id='word_1_16' title='bbox 609 909 755 991; x_wconf 87' lang='lat' dir='ltr'><strong>alioquin</strong></span> <span class='ocrx_word' id='word_1_17' title='bbox 774 923 892 970; x_wconf 91' lang='lat' dir='ltr'><strong>eotunc</strong></span> <span class='ocrx_word' id='word_1_18' title='bbox 907 909 986 990; x_wconf 92' lang='lat' dir='ltr'><strong>quid</strong></span> <span class='ocrx_word' id='word_1_19' title='bbox 1004 907 1122 971; x_wconf 86' lang='lat' dir='ltr'><strong>lactum</strong></span> <span class='ocrx_word' id='word_1_20' title='bbox 1140 907 1235 970; x_wconf 88' lang='lat' dir='ltr'><strong>luerit</strong></span> <span class='ocrx_word' id='word_1_21' title='bbox 1251 927 1307 991; x_wconf 91' lang='lat' dir='ltr'><strong>per</strong></span> <span class='ocrx_word' id='word_1_22' title='bbox 1322 908 1442 990; x_wconf 88' lang='lat' dir='ltr'><strong>juratos</strong></span> <span class='ocrx_word' id='word_1_23' title='bbox 1463 907 1693 989; x_wconf 83' lang='lat' dir='ltr'><strong>dijudicabitur.</strong></span> 
     </span>
    </p>
   </div>
   <div class='ocr_carea' id='block_1_3' title="bbox 439 1031 1696 2179">
    <p class='ocr_par' dir='ltr' id='par_1_3' title="bbox 439 1031 1696 2179">
     <span class='ocr_line' id='line_1_4' title="bbox 547 1031 1696 1114; baseline -0.002 -20"><span class='ocrx_word' id='word_1_24' title='bbox 547 1033 626 1094; x_wconf 90' lang='lat' dir='ltr'><strong>ltem</strong></span> <span class='ocrx_word' id='word_1_25' title='bbox 650 1033 726 1114; x_wconf 89' lang='lat' dir='ltr'><strong>quia</strong></span> <span class='ocrx_word' id='word_1_26' title='bbox 750 1037 860 1114; x_wconf 79' lang='lat' dir='ltr'><strong>Agnes</strong></span> <span class='ocrx_word' id='word_1_27' title='bbox 893 1033 1020 1112; x_wconf 90' lang='lat' dir='ltr'><strong>mulier,</strong></span> <span class='ocrx_word' id='word_1_28' title='bbox 1050 1033 1158 1095; x_wconf 86' lang='lat' dir='ltr'><strong>relicta</strong></span> <span class='ocrx_word' id='word_1_29' title='bbox 1190 1033 1328 1095; x_wconf 90' lang='lat' dir='ltr'><strong>condam</strong></span> <span class='ocrx_word' id='word_1_30' title='bbox 1353 1032 1480 1095; x_wconf 89' lang='lat' dir='ltr'><strong>Nicolai</strong></span> <span class='ocrx_word' id='word_1_31' title='bbox 1512 1033 1640 1112; x_wconf 90' lang='lat' dir='ltr'><strong>sutoris,</strong></span> <span class='ocrx_word' id='word_1_32' title='bbox 1669 1031 1696 1093; x_wconf 87' lang='lat' dir='ltr'><strong>id</strong></span> 
     </span>
     <span class='ocr_line' id='line_1_5' title="bbox 441 1137 1695 1220; baseline -0.002 -19"><span class='ocrx_word' id='word_1_33' title='bbox 441 1159 515 1201; x_wconf 91' lang='lat' dir='ltr'><strong>cum</strong></span> <span class='ocrx_word' id='word_1_34' title='bbox 540 1137 710 1200; x_wconf 80' lang='lat' dir='ltr'><strong>sufficienti</strong></span> <span class='ocrx_word' id='word_1_35' title='bbox 736 1152 767 1200; x_wconf 93' lang='lat' dir='ltr'><strong>et</strong></span> <span class='ocrx_word' id='word_1_36' title='bbox 782 1137 948 1220; x_wconf 90' lang='lat' dir='ltr'><strong>fidedigno</strong></span> <span class='ocrx_word' id='word_1_37' title='bbox 972 1152 1156 1202; x_wconf 90' lang='lat' dir='ltr'><strong>nostrorum</strong></span> <span class='ocrx_word' id='word_1_38' title='bbox 1173 1139 1356 1201; x_wconf 85' lang='lat' dir='ltr'><strong>concivium</strong></span> <span class='ocrx_word' id='word_1_39' title='bbox 1372 1139 1558 1201; x_wconf 88' lang='lat' dir='ltr'><strong>testimonio</strong></span> <span class='ocrx_word' id='word_1_40' title='bbox 1578 1137 1695 1200; x_wconf 90' lang='lat' dir='ltr'><strong>insede</strong></span> 
     </span>
     <span class='ocr_line' id='line_1_6' title="bbox 441 1242 1695 1328; baseline -0.002 -21"><span class='ocrx_word' id='word_1_41' title='bbox 441 1260 549 1308; x_wconf 83' lang='lat' dir='ltr'><strong>nostra</strong></span> <span class='ocrx_word' id='word_1_42' title='bbox 573 1245 740 1327; x_wconf 88' lang='lat' dir='ltr'><strong>judiciaria</strong></span> <span class='ocrx_word' id='word_1_43' title='bbox 765 1245 849 1307; x_wconf 88' lang='lat' dir='ltr'><strong>clare</strong></span> <span class='ocrx_word' id='word_1_44' title='bbox 873 1245 1096 1328; x_wconf 78' lang='lat' dir='ltr'><strong>comprobavit</strong></span> <span class='ocrx_word' id='word_1_45' title='bbox 1127 1265 1236 1307; x_wconf 87' lang='lat' dir='ltr'><strong>coram</strong></span> <span class='ocrx_word' id='word_1_46' title='bbox 1268 1245 1371 1324; x_wconf 91' lang='lat' dir='ltr'><strong>nobis,</strong></span> <span class='ocrx_word' id='word_1_47' title='bbox 1404 1259 1439 1307; x_wconf 92' lang='lat' dir='ltr'><strong>ut</strong></span> <span class='ocrx_word' id='word_1_48' title='bbox 1461 1244 1539 1306; x_wconf 89' lang='lat' dir='ltr'><strong>dum</strong></span> <span class='ocrx_word' id='word_1_49' title='bbox 1562 1242 1695 1327; x_wconf 90' lang='lat' dir='ltr'><strong>prelatus</strong></span> 
     </span>
     <span class='ocr_line' id='line_1_7' title="bbox 443 1351 1694 1434; baseline -0.002 -21"><span class='ocrx_word' id='word_1_50' title='bbox 443 1352 597 1414; x_wconf 89' lang='lat' dir='ltr'><strong>Nicolaus</strong></span> <span class='ocrx_word' id='word_1_51' title='bbox 621 1364 710 1413; x_wconf 86' lang='lat' dir='ltr'><strong>sutor</strong></span> <span class='ocrx_word' id='word_1_52' title='bbox 734 1352 765 1413; x_wconf 93' lang='lat' dir='ltr'><strong>in</strong></span> <span class='ocrx_word' id='word_1_53' title='bbox 791 1353 940 1414; x_wconf 78' lang='lat' dir='ltr'><strong>extremis</strong></span> <span class='ocrx_word' id='word_1_54' title='bbox 963 1351 1027 1413; x_wconf 91' lang='lat' dir='ltr'><strong>vite</strong></span> <span class='ocrx_word' id='word_1_55' title='bbox 1049 1371 1105 1413; x_wconf 88' lang='lat' dir='ltr'><strong>sue</strong></span> <span class='ocrx_word' id='word_1_56' title='bbox 1121 1351 1307 1434; x_wconf 88' lang='lat' dir='ltr'><strong>temporalis</strong></span> <span class='ocrx_word' id='word_1_57' title='bbox 1326 1351 1510 1431; x_wconf 83' lang='lat' dir='ltr'><strong>laborasset,</strong></span> <span class='ocrx_word' id='word_1_58' title='bbox 1534 1363 1612 1413; x_wconf 88' lang='lat' dir='ltr'><strong>tunc</strong></span> <span class='ocrx_word' id='word_1_59' title='bbox 1635 1351 1694 1432; x_wconf 89' lang='lat' dir='ltr'><strong>ipse</strong></span> 
     </span>
     <span class='ocr_line' id='line_1_8' title="bbox 443 1456 1695 1540; baseline -0.003 -20"><span class='ocrx_word' id='word_1_60' title='bbox 443 1459 606 1540; x_wconf 88' lang='lat' dir='ltr'><strong>quandam</strong></span> <span class='ocrx_word' id='word_1_61' title='bbox 631 1458 765 1519; x_wconf 89' lang='lat' dir='ltr'><strong>domum</strong></span> <span class='ocrx_word' id='word_1_62' title='bbox 797 1477 888 1520; x_wconf 86' lang='lat' dir='ltr'><strong>suam</strong></span> <span class='ocrx_word' id='word_1_63' title='bbox 920 1477 993 1520; x_wconf 91' lang='lat' dir='ltr'><strong>cum</strong></span> <span class='ocrx_word' id='word_1_64' title='bbox 1025 1457 1126 1520; x_wconf 86' lang='lat' dir='ltr'><strong>fundo</strong></span> <span class='ocrx_word' id='word_1_65' title='bbox 1158 1471 1190 1520; x_wconf 89' lang='lat' dir='ltr'><strong>et</strong></span> <span class='ocrx_word' id='word_1_66' title='bbox 1220 1457 1394 1536; x_wconf 88' lang='lat' dir='ltr'><strong>hedificiis,</strong></span> <span class='ocrx_word' id='word_1_67' title='bbox 1426 1477 1523 1518; x_wconf 89' lang='lat' dir='ltr'><strong>unam</strong></span> <span class='ocrx_word' id='word_1_68' title='bbox 1554 1456 1695 1518; x_wconf 87' lang='lat' dir='ltr'><strong>videlicet</strong></span> 
     </span>
     <span class='ocr_line' id='line_1_9' title="bbox 441 1563 1694 1647; baseline -0.002 -21"><span class='ocrx_word' id='word_1_69' title='bbox 441 1576 591 1645; x_wconf 86' lang='lat' dir='ltr'><strong>quartam</strong></span> <span class='ocrx_word' id='word_1_70' title='bbox 616 1563 703 1626; x_wconf 91' lang='lat' dir='ltr'><strong>curie</strong></span> <span class='ocrx_word' id='word_1_71' title='bbox 728 1565 760 1625; x_wconf 92' lang='lat' dir='ltr'><strong>in</strong></span> <span class='ocrx_word' id='word_1_72' title='bbox 784 1583 817 1625; x_wconf 89' lang='lat' dir='ltr'><strong>se</strong></span> <span class='ocrx_word' id='word_1_73' title='bbox 841 1564 1044 1642; x_wconf 86' lang='lat' dir='ltr'><strong>retinentem,</strong></span> <span class='ocrx_word' id='word_1_74' title='bbox 1069 1583 1142 1626; x_wconf 92' lang='lat' dir='ltr'><strong>cum</strong></span> <span class='ocrx_word' id='word_1_75' title='bbox 1167 1563 1233 1626; x_wconf 89' lang='lat' dir='ltr'><strong>suis</strong></span> <span class='ocrx_word' id='word_1_76' title='bbox 1256 1564 1378 1626; x_wconf 91' lang='lat' dir='ltr'><strong>cunctis</strong></span> <span class='ocrx_word' id='word_1_77' title='bbox 1406 1563 1611 1647; x_wconf 87' lang='lat' dir='ltr'><strong>pertinenciis</strong></span> <span class='ocrx_word' id='word_1_78' title='bbox 1633 1581 1694 1645; x_wconf 91' lang='lat' dir='ltr'><strong>pre·</strong></span> 
     </span>
     <span class='ocr_line' id='line_1_10' title="bbox 440 1668 1693 1754; baseline -0.002 -23"><span class='ocrx_word' id='word_1_79' title='bbox 440 1669 503 1732; x_wconf 88' lang='lat' dir='ltr'><strong>iate</strong></span> <span class='ocrx_word' id='word_1_80' title='bbox 530 1670 647 1751; x_wconf 81' lang='lat' dir='ltr'><strong>Agneti</strong></span> <span class='ocrx_word' id='word_1_81' title='bbox 682 1671 774 1732; x_wconf 86' lang='lat' dir='ltr'><strong>uxori</strong></span> <span class='ocrx_word' id='word_1_82' title='bbox 807 1683 838 1732; x_wconf 89' lang='lat' dir='ltr'><strong>et</strong></span> <span class='ocrx_word' id='word_1_83' title='bbox 871 1669 1009 1732; x_wconf 78' lang='lat' dir='ltr'><strong>Barbare</strong></span> <span class='ocrx_word' id='word_1_84' title='bbox 1042 1669 1117 1750; x_wconf 89' lang='lat' dir='ltr'><strong>filie,</strong></span> <span class='ocrx_word' id='word_1_85' title='bbox 1149 1671 1224 1750; x_wconf 84' lang='lat' dir='ltr'><strong>suis,</strong></span> <span class='ocrx_word' id='word_1_86' title='bbox 1250 1671 1386 1752; x_wconf 85' lang='lat' dir='ltr'><strong>legasset</strong></span> <span class='ocrx_word' id='word_1_87' title='bbox 1415 1671 1484 1754; x_wconf 89' lang='lat' dir='ltr'><strong>jure</strong></span> <span class='ocrx_word' id='word_1_88' title='bbox 1513 1668 1693 1752; x_wconf 86' lang='lat' dir='ltr'><strong>perhennali</strong></span> 
     </span>
     <span class='ocr_line' id='line_1_11' title="bbox 441 1773 1694 1859; baseline -0.003 -21"><span class='ocrx_word' id='word_1_89' title='bbox 441 1775 684 1859; x_wconf 86' lang='lat' dir='ltr'><strong>possidendam,</strong></span> <span class='ocrx_word' id='word_1_90' title='bbox 707 1777 846 1858; x_wconf 89' lang='lat' dir='ltr'><strong>ideoque</strong></span> <span class='ocrx_word' id='word_1_91' title='bbox 871 1796 930 1839; x_wconf 88' lang='lat' dir='ltr'><strong>nos</strong></span> <span class='ocrx_word' id='word_1_92' title='bbox 954 1777 1089 1838; x_wconf 90' lang='lat' dir='ltr'><strong>eandem</strong></span> <span class='ocrx_word' id='word_1_93' title='bbox 1113 1777 1245 1839; x_wconf 88' lang='lat' dir='ltr'><strong>domum</strong></span> <span class='ocrx_word' id='word_1_94' title='bbox 1263 1777 1358 1839; x_wconf 89' lang='lat' dir='ltr'><strong>unius</strong></span> <span class='ocrx_word' id='word_1_95' title='bbox 1381 1791 1493 1859; x_wconf 87' lang='lat' dir='ltr'><strong>quarte</strong></span> <span class='ocrx_word' id='word_1_96' title='bbox 1510 1795 1584 1838; x_wconf 90' lang='lat' dir='ltr'><strong>cum</strong></span> <span class='ocrx_word' id='word_1_97' title='bbox 1601 1773 1694 1836; x_wconf 87' lang='lat' dir='ltr'><strong>fundo</strong></span> 
     </span>
     <span class='ocr_line' id='line_1_12' title="bbox 444 1883 1694 1968; baseline -0.002 -24"><span class='ocrx_word' id='word_1_98' title='bbox 444 1884 624 1965; x_wconf 89' lang='lat' dir='ltr'><strong>ceterisque</strong></span> <span class='ocrx_word' id='word_1_99' title='bbox 650 1884 772 1944; x_wconf 91' lang='lat' dir='ltr'><strong>cunctis</strong></span> <span class='ocrx_word' id='word_1_100' title='bbox 787 1884 852 1944; x_wconf 87' lang='lat' dir='ltr'><strong>suis</strong></span> <span class='ocrx_word' id='word_1_101' title='bbox 875 1883 1082 1967; x_wconf 88' lang='lat' dir='ltr'><strong>pertinenciis</strong></span> <span class='ocrx_word' id='word_1_102' title='bbox 1098 1884 1218 1946; x_wconf 90' lang='lat' dir='ltr'><strong>eisdem</strong></span> <span class='ocrx_word' id='word_1_103' title='bbox 1235 1884 1353 1968; x_wconf 81' lang='lat' dir='ltr'><strong>Agneti</strong></span> <span class='ocrx_word' id='word_1_104' title='bbox 1378 1899 1409 1946; x_wconf 89' lang='lat' dir='ltr'><strong>et</strong></span> <span class='ocrx_word' id='word_1_105' title='bbox 1432 1883 1572 1945; x_wconf 82' lang='lat' dir='ltr'><strong>Barbare</strong></span> <span class='ocrx_word' id='word_1_106' title='bbox 1596 1902 1632 1944; x_wconf 92' lang='lat' dir='ltr'><strong>ac</strong></span> <span class='ocrx_word' id='word_1_107' title='bbox 1647 1901 1694 1964; x_wconf 94' lang='lat' dir='ltr'><strong>per</strong></span> 
     </span>
     <span class='ocr_line' id='line_1_13' title="bbox 439 1989 1692 2073; baseline -0.002 -21"><span class='ocrx_word' id='word_1_108' title='bbox 439 2009 492 2052; x_wconf 87' lang='lat' dir='ltr'><strong>eas</strong></span> <span class='ocrx_word' id='word_1_109' title='bbox 517 1991 657 2072; x_wconf 89' lang='lat' dir='ltr'><strong>ipsarum</strong></span> <span class='ocrx_word' id='word_1_110' title='bbox 682 1989 855 2052; x_wconf 87' lang='lat' dir='ltr'><strong>heredibus</strong></span> <span class='ocrx_word' id='word_1_111' title='bbox 871 1990 1041 2052; x_wconf 85' lang='lat' dir='ltr'><strong>statuimus</strong></span> <span class='ocrx_word' id='word_1_112' title='bbox 1054 2004 1210 2073; x_wconf 90' lang='lat' dir='ltr'><strong>perpetuo</strong></span> <span class='ocrx_word' id='word_1_113' title='bbox 1228 1989 1455 2073; x_wconf 88' lang='lat' dir='ltr'><strong>possidendam</strong></span> <span class='ocrx_word' id='word_1_114' title='bbox 1473 2003 1505 2051; x_wconf 90' lang='lat' dir='ltr'><strong>et</strong></span> <span class='ocrx_word' id='word_1_115' title='bbox 1520 1989 1692 2071; x_wconf 91' lang='lat' dir='ltr'><strong>quomodo·</strong></span> 
     </span>
     <span class='ocr_line' id='line_1_14' title="bbox 439 2097 1036 2179; baseline 0.002 -21"><span class='ocrx_word' id='word_1_116' title='bbox 439 2115 578 2178; x_wconf 90' lang='lat' dir='ltr'><strong>cumque</strong></span> <span class='ocrx_word' id='word_1_117' title='bbox 602 2097 765 2159; x_wconf 90' lang='lat' dir='ltr'><strong>voluerint</strong></span> <span class='ocrx_word' id='word_1_118' title='bbox 790 2097 1036 2179; x_wconf 89' lang='lat' dir='ltr'><strong>disponendam.</strong></span> 
     </span>
    </p>
   </div>
   <div class='ocr_carea' id='block_1_4' title="bbox 437 2219 1691 2410">
    <p class='ocr_par' dir='ltr' id='par_1_4' title="bbox 437 2219 1691 2410">
     <span class='ocr_line' id='line_1_15' title="bbox 542 2219 1691 2303; baseline -0.002 -22"><span class='ocrx_word' id='word_1_119' title='bbox 542 2219 620 2282; x_wconf 91' lang='lat' dir='ltr'><strong>ltem</strong></span> <span class='ocrx_word' id='word_1_120' title='bbox 637 2219 799 2282; x_wconf 87' lang='lat' dir='ltr'><strong>Anthonis</strong></span> <span class='ocrx_word' id='word_1_121' title='bbox 812 2219 1009 2283; x_wconf 87' lang='lat' dir='ltr'><strong>Gornichich</strong></span> <span class='ocrx_word' id='word_1_122' title='bbox 1026 2233 1135 2283; x_wconf 85' lang='lat' dir='ltr'><strong>contra</strong></span> <span class='ocrx_word' id='word_1_123' title='bbox 1150 2219 1327 2301; x_wconf 85' lang='lat' dir='ltr'><strong>Georgium</strong></span> <span class='ocrx_word' id='word_1_124' title='bbox 1344 2219 1579 2303; x_wconf 87' lang='lat' dir='ltr'><strong>carpentarium</strong></span> <span class='ocrx_word' id='word_1_125' title='bbox 1597 2219 1691 2302; x_wconf 89' lang='lat' dir='ltr'><strong>primo</strong></span> 
     </span>
     <span class='ocr_line' id='line_1_16' title="bbox 437 2326 856 2410; baseline 0.002 -22"><span class='ocrx_word' id='word_1_126' title='bbox 437 2326 550 2389; x_wconf 89' lang='lat' dir='ltr'><strong>citatus</strong></span> <span class='ocrx_word' id='word_1_127' title='bbox 575 2346 640 2389; x_wconf 92' lang='lat' dir='ltr'><strong>non</strong></span> <span class='ocrx_word' id='word_1_128' title='bbox 666 2328 856 2410; x_wconf 90' lang='lat' dir='ltr'><strong>comparuit.</strong></span> 
     </span>
    </p>
   </div>
   <div class='ocr_carea' id='block_1_5' title="bbox 514 2561 1634 2815">
    <p class='ocr_par' dir='ltr' id='par_1_5' title="bbox 514 2561 1634 2815">
     <span class='ocr_line' id='line_1_17' title="bbox 514 2561 1634 2655; baseline -0.002 -17"><span class='ocrx_word' id='word_1_129' title='bbox 514 2561 610 2638; x_wconf 80' lang='lat' dir='ltr'><strong>Faria</strong></span> <span class='ocrx_word' id='word_1_130' title='bbox 639 2573 738 2638; x_wconf 85' lang='lat' dir='ltr'><strong>sexta</strong></span> <span class='ocrx_word' id='word_1_131' title='bbox 766 2567 922 2655; x_wconf 83' lang='lat' dir='ltr'><strong>proxima</strong></span> <span class='ocrx_word' id='word_1_132' title='bbox 949 2572 1027 2638; x_wconf 83' lang='lat' dir='ltr'><strong>ante</strong></span> <span class='ocrx_word' id='word_1_133' title='bbox 1055 2567 1178 2638; x_wconf 78' lang='lat' dir='ltr'><strong>festum</strong></span> <span class='ocrx_word' id='word_1_134' title='bbox 1205 2565 1295 2638; x_wconf 83' lang='lat' dir='ltr'><strong>beati</strong></span> <span class='ocrx_word' id='word_1_135' title='bbox 1324 2565 1449 2638; x_wconf 82' lang='lat' dir='ltr'><strong>Thone</strong></span> <span class='ocrx_word' id='word_1_136' title='bbox 1478 2566 1634 2655; x_wconf 82' lang='lat' dir='ltr'><strong>apostoli.</strong></span> 
     </span>
     <span class='ocr_line' id='line_1_18' title="bbox 933 2721 1249 2815; baseline 0.006 -20"><span class='ocrx_word' id='word_1_137' title='bbox 933 2733 996 2815; x_wconf 79' lang='lat'><strong>(18.</strong></span> <span class='ocrx_word' id='word_1_138' title='bbox 1021 2737 1193 2804; x_wconf 64' lang='lat' dir='ltr'><strong>secernens).</strong></span> <span class='ocrx_word' id='word_1_139' title='bbox 1247 2721 1249 2724; x_wconf 81' lang='grc'><strong>’</strong></span> 
     </span>
    </p>
   </div>
   <div class='ocr_carea' id='block_1_6' title="bbox 434 2893 1688 3298">
    <p class='ocr_par' dir='ltr' id='par_1_6' title="bbox 434 2893 1688 3298">
     <span class='ocr_line' id='line_1_19' title="bbox 543 2893 1687 2978; baseline -0.001 -23"><span class='ocrx_word' id='word_1_140' title='bbox 543 2893 623 2956; x_wconf 89' lang='lat' dir='ltr'><strong>ltem</strong></span> <span class='ocrx_word' id='word_1_141' title='bbox 647 2913 741 2957; x_wconf 90' lang='lat' dir='ltr'><strong>causa</strong></span> <span class='ocrx_word' id='word_1_142' title='bbox 766 2895 933 2958; x_wconf 88' lang='lat' dir='ltr'><strong>Michaelis</strong></span> <span class='ocrx_word' id='word_1_143' title='bbox 956 2894 1013 2957; x_wconf 89' lang='lat' dir='ltr'><strong>filii</strong></span> <span class='ocrx_word' id='word_1_144' title='bbox 1038 2895 1167 2958; x_wconf 84' lang='lat' dir='ltr'><strong>Andree</strong></span> <span class='ocrx_word' id='word_1_145' title='bbox 1190 2896 1230 2958; x_wconf 91' lang='lat' dir='ltr'><strong>de</strong></span> <span class='ocrx_word' id='word_1_146' title='bbox 1254 2895 1401 2978; x_wconf 89' lang='lat' dir='ltr'><strong>Brusuyk</strong></span> <span class='ocrx_word' id='word_1_147' title='bbox 1425 2895 1458 2957; x_wconf 93' lang='lat' dir='ltr'><strong>in</strong></span> <span class='ocrx_word' id='word_1_148' title='bbox 1483 2893 1567 2958; x_wconf 87' lang='lat' dir='ltr'><strong>facto</strong></span> <span class='ocrx_word' id='word_1_149' title='bbox 1592 2895 1687 2956; x_wconf 87' lang='lat' dir='ltr'><strong>cuius·</strong></span> 
     </span>
     <span class='ocr_line' id='line_1_20' title="bbox 436 3001 1688 3085; baseline -0.002 -23"><span class='ocrx_word' id='word_1_150' title='bbox 436 3001 511 3064; x_wconf 89' lang='lat' dir='ltr'><strong>dam</strong></span> <span class='ocrx_word' id='word_1_151' title='bbox 538 3001 613 3083; x_wconf 89' lang='lat' dir='ltr'><strong>equi</strong></span> <span class='ocrx_word' id='word_1_152' title='bbox 637 3002 719 3064; x_wconf 90' lang='lat' dir='ltr'><strong>inter</strong></span> <span class='ocrx_word' id='word_1_153' title='bbox 744 3003 848 3085; x_wconf 89' lang='lat' dir='ltr'><strong>ipsum</strong></span> <span class='ocrx_word' id='word_1_154' title='bbox 874 3016 906 3066; x_wconf 92' lang='lat' dir='ltr'><strong>et</strong></span> <span class='ocrx_word' id='word_1_155' title='bbox 929 3003 1058 3064; x_wconf 91' lang='lat' dir='ltr'><strong>Petrum</strong></span> <span class='ocrx_word' id='word_1_156' title='bbox 1082 3002 1220 3084; x_wconf 86' lang='lat' dir='ltr'><strong>juratum</strong></span> <span class='ocrx_word' id='word_1_157' title='bbox 1245 3001 1347 3064; x_wconf 86' lang='lat' dir='ltr'><strong>filium</strong></span> <span class='ocrx_word' id='word_1_158' title='bbox 1365 3001 1449 3064; x_wconf 84' lang='lat' dir='ltr'><strong>Petri</strong></span> <span class='ocrx_word' id='word_1_159' title='bbox 1475 3002 1550 3064; x_wconf 91' lang='lat' dir='ltr'><strong>dicti</strong></span> <span class='ocrx_word' id='word_1_160' title='bbox 1577 3001 1688 3083; x_wconf 88' lang='lat' dir='ltr'><strong>Saphar</strong></span> 
     </span>
     <span class='ocr_line' id='line_1_21' title="bbox 435 3108 1687 3192; baseline -0.002 -22"><span class='ocrx_word' id='word_1_161' title='bbox 435 3127 545 3170; x_wconf 89' lang='lat' dir='ltr'><strong>coram</strong></span> <span class='ocrx_word' id='word_1_162' title='bbox 569 3108 664 3170; x_wconf 88' lang='lat' dir='ltr'><strong>nobis</strong></span> <span class='ocrx_word' id='word_1_163' title='bbox 689 3122 787 3187; x_wconf 86' lang='lat' dir='ltr'><strong>mota,</strong></span> <span class='ocrx_word' id='word_1_164' title='bbox 811 3109 919 3171; x_wconf 92' lang='lat' dir='ltr'><strong>habita</strong></span> <span class='ocrx_word' id='word_1_165' title='bbox 944 3123 974 3170; x_wconf 88' lang='lat' dir='ltr'><strong>et</strong></span> <span class='ocrx_word' id='word_1_166' title='bbox 998 3122 1141 3172; x_wconf 88' lang='lat' dir='ltr'><strong>vertente</strong></span> <span class='ocrx_word' id='word_1_167' title='bbox 1158 3128 1214 3191; x_wconf 92' lang='lat' dir='ltr'><strong>per</strong></span> <span class='ocrx_word' id='word_1_168' title='bbox 1237 3110 1356 3192; x_wconf 90' lang='lat' dir='ltr'><strong>probos</strong></span> <span class='ocrx_word' id='word_1_169' title='bbox 1380 3109 1466 3170; x_wconf 91' lang='lat' dir='ltr'><strong>viros</strong></span> <span class='ocrx_word' id='word_1_170' title='bbox 1490 3108 1532 3170; x_wconf 88' lang='lat' dir='ltr'><strong>ad</strong></span> <span class='ocrx_word' id='word_1_171' title='bbox 1556 3109 1687 3191; x_wconf 88' lang='lat' dir='ltr'><strong>primum</strong></span> 
     </span>
     <span class='ocr_line' id='line_1_22' title="bbox 434 3214 1072 3298; baseline 0 -22"><span class='ocrx_word' id='word_1_172' title='bbox 434 3214 591 3297; x_wconf 88' lang='lat' dir='ltr'><strong>judicium</strong></span> <span class='ocrx_word' id='word_1_173' title='bbox 616 3214 656 3276; x_wconf 93' lang='lat' dir='ltr'><strong>ad</strong></span> <span class='ocrx_word' id='word_1_174' title='bbox 680 3235 792 3296; x_wconf 90' lang='lat' dir='ltr'><strong>pacem</strong></span> <span class='ocrx_word' id='word_1_175' title='bbox 817 3230 864 3277; x_wconf 91' lang='lat' dir='ltr'><strong>est</strong></span> <span class='ocrx_word' id='word_1_176' title='bbox 890 3229 1072 3298; x_wconf 89' lang='lat' dir='ltr'><strong>prorogata.</strong></span> 
     </span>
    </p>
   </div>
   <div class='ocr_carea' id='block_1_7' title="bbox 430 3337 1686 5124">
    <p class='ocr_par' dir='ltr' id='par_1_7' title="bbox 430 3337 1686 5124">
     <span class='ocr_line' id='line_1_23' title="bbox 543 3337 1681 3422; baseline -0.002 -22"><span class='ocrx_word' id='word_1_177' title='bbox 543 3339 621 3401; x_wconf 89' lang='lat' dir='ltr'><strong>ltem</strong></span> <span class='ocrx_word' id='word_1_178' title='bbox 638 3339 715 3420; x_wconf 85' lang='lat' dir='ltr'><strong>quia</strong></span> <span class='ocrx_word' id='word_1_179' title='bbox 738 3339 798 3401; x_wconf 88' lang='lat' dir='ltr'><strong>viri</strong></span> <span class='ocrx_word' id='word_1_180' title='bbox 823 3339 950 3422; x_wconf 88' lang='lat' dir='ltr'><strong>providi</strong></span> <span class='ocrx_word' id='word_1_181' title='bbox 973 3339 1154 3422; x_wconf 84' lang='lat' dir='ltr'><strong>Stephanus</strong></span> <span class='ocrx_word' id='word_1_182' title='bbox 1184 3352 1216 3401; x_wconf 90' lang='lat' dir='ltr'><strong>et</strong></span> <span class='ocrx_word' id='word_1_183' title='bbox 1240 3339 1400 3401; x_wconf 82' lang='lat' dir='ltr'><strong>Barnabas</strong></span> <span class='ocrx_word' id='word_1_184' title='bbox 1424 3337 1481 3400; x_wconf 93' lang='lat' dir='ltr'><strong>filii</strong></span> <span class='ocrx_word' id='word_1_185' title='bbox 1507 3339 1589 3400; x_wconf 90' lang='lat' dir='ltr'><strong>Petri</strong></span> <span class='ocrx_word' id='word_1_186' title='bbox 1613 3337 1681 3399; x_wconf 87' lang='lat' dir='ltr'><strong>dicti</strong></span> 
     </span>
     <span class='ocr_line' id='line_1_24' title="bbox 438 3444 1684 3526; baseline -0.003 -18"><span class='ocrx_word' id='word_1_187' title='bbox 438 3444 572 3524; x_wconf 88' lang='lat' dir='ltr'><strong>Oczeth,</strong></span> <span class='ocrx_word' id='word_1_188' title='bbox 597 3446 746 3508; x_wconf 88' lang='lat' dir='ltr'><strong>concives</strong></span> <span class='ocrx_word' id='word_1_189' title='bbox 769 3446 880 3526; x_wconf 89' lang='lat' dir='ltr'><strong>nostri,</strong></span> <span class='ocrx_word' id='word_1_190' title='bbox 904 3447 937 3508; x_wconf 94' lang='lat' dir='ltr'><strong>id</strong></span> <span class='ocrx_word' id='word_1_191' title='bbox 969 3465 1041 3508; x_wconf 89' lang='lat' dir='ltr'><strong>cum</strong></span> <span class='ocrx_word' id='word_1_192' title='bbox 1065 3444 1237 3508; x_wconf 84' lang='lat' dir='ltr'><strong>sufficienti</strong></span> <span class='ocrx_word' id='word_1_193' title='bbox 1268 3458 1299 3508; x_wconf 91' lang='lat' dir='ltr'><strong>et</strong></span> <span class='ocrx_word' id='word_1_194' title='bbox 1323 3444 1487 3526; x_wconf 87' lang='lat' dir='ltr'><strong>fidediguo</strong></span> <span class='ocrx_word' id='word_1_195' title='bbox 1513 3459 1684 3507; x_wconf 88' lang='lat' dir='ltr'><strong>nostrorum</strong></span> 
     </span>
     <span class='ocr_line' id='line_1_25' title="bbox 439 3551 1686 3634; baseline -0.002 -22"><span class='ocrx_word' id='word_1_196' title='bbox 439 3551 622 3614; x_wconf 87' lang='lat' dir='ltr'><strong>concivium</strong></span> <span class='ocrx_word' id='word_1_197' title='bbox 647 3552 832 3614; x_wconf 88' lang='lat' dir='ltr'><strong>testimonio</strong></span> <span class='ocrx_word' id='word_1_198' title='bbox 851 3553 882 3613; x_wconf 92' lang='lat' dir='ltr'><strong>in</strong></span> <span class='ocrx_word' id='word_1_199' title='bbox 906 3552 982 3615; x_wconf 88' lang='lat' dir='ltr'><strong>sede</strong></span> <span class='ocrx_word' id='word_1_200' title='bbox 1006 3566 1112 3615; x_wconf 88' lang='lat' dir='ltr'><strong>nostra</strong></span> <span class='ocrx_word' id='word_1_201' title='bbox 1130 3551 1294 3634; x_wconf 87' lang='lat' dir='ltr'><strong>judiciaria</strong></span> <span class='ocrx_word' id='word_1_202' title='bbox 1312 3551 1395 3613; x_wconf 89' lang='lat' dir='ltr'><strong>clare</strong></span> <span class='ocrx_word' id='word_1_203' title='bbox 1421 3564 1453 3614; x_wconf 90' lang='lat' dir='ltr'><strong>et</strong></span> <span class='ocrx_word' id='word_1_204' title='bbox 1477 3552 1594 3614; x_wconf 89' lang='lat' dir='ltr'><strong>seriose</strong></span> <span class='ocrx_word' id='word_1_205' title='bbox 1609 3569 1686 3612; x_wconf 91' lang='lat' dir='ltr'><strong>com·</strong></span> 
     </span>
     <span class='ocr_line' id='line_1_26' title="bbox 433 3655 1685 3742; baseline -0.002 -23"><span class='ocrx_word' id='word_1_206' title='bbox 433 3659 612 3740; x_wconf 89' lang='lat' dir='ltr'><strong>probarunt</strong></span> <span class='ocrx_word' id='word_1_207' title='bbox 635 3678 742 3721; x_wconf 85' lang='lat' dir='ltr'><strong>corum</strong></span> <span class='ocrx_word' id='word_1_208' title='bbox 767 3659 870 3738; x_wconf 90' lang='lat' dir='ltr'><strong>nobis,</strong></span> <span class='ocrx_word' id='word_1_209' title='bbox 896 3673 930 3722; x_wconf 94' lang='lat' dir='ltr'><strong>ut</strong></span> <span class='ocrx_word' id='word_1_210' title='bbox 954 3658 1030 3720; x_wconf 90' lang='lat' dir='ltr'><strong>dum</strong></span> <span class='ocrx_word' id='word_1_211' title='bbox 1059 3657 1199 3742; x_wconf 88' lang='lat' dir='ltr'><strong>prelatus</strong></span> <span class='ocrx_word' id='word_1_212' title='bbox 1232 3672 1320 3741; x_wconf 89' lang='lat' dir='ltr'><strong>pater</strong></span> <span class='ocrx_word' id='word_1_213' title='bbox 1351 3677 1463 3720; x_wconf 88' lang='lat' dir='ltr'><strong>eorum</strong></span> <span class='ocrx_word' id='word_1_214' title='bbox 1489 3659 1521 3720; x_wconf 93' lang='lat' dir='ltr'><strong>in</strong></span> <span class='ocrx_word' id='word_1_215' title='bbox 1547 3655 1685 3720; x_wconf 83' lang='lat' dir='ltr'><strong>extremis</strong></span> 
     </span>
     <span class='ocr_line' id='line_1_27' title="bbox 434 3763 1684 3847; baseline -0.002 -23"><span class='ocrx_word' id='word_1_216' title='bbox 434 3763 499 3825; x_wconf 91' lang='lat' dir='ltr'><strong>vite</strong></span> <span class='ocrx_word' id='word_1_217' title='bbox 524 3783 580 3824; x_wconf 89' lang='lat' dir='ltr'><strong>aue</strong></span> <span class='ocrx_word' id='word_1_218' title='bbox 601 3765 789 3846; x_wconf 88' lang='lat' dir='ltr'><strong>temporalis</strong></span> <span class='ocrx_word' id='word_1_219' title='bbox 819 3765 1004 3843; x_wconf 91' lang='lat' dir='ltr'><strong>laborasset,</strong></span> <span class='ocrx_word' id='word_1_220' title='bbox 1035 3778 1111 3826; x_wconf 89' lang='lat' dir='ltr'><strong>tunc</strong></span> <span class='ocrx_word' id='word_1_221' title='bbox 1146 3765 1214 3847; x_wconf 87' lang='lat' dir='ltr'><strong>ipse</strong></span> <span class='ocrx_word' id='word_1_222' title='bbox 1246 3763 1409 3846; x_wconf 87' lang='lat' dir='ltr'><strong>quandam</strong></span> <span class='ocrx_word' id='word_1_223' title='bbox 1441 3763 1575 3826; x_wconf 90' lang='lat' dir='ltr'><strong>domum</strong></span> <span class='ocrx_word' id='word_1_224' title='bbox 1603 3780 1684 3823; x_wconf 86' lang='lat' dir='ltr'><strong>suam</strong></span> 
     </span>
     <span class='ocr_line' id='line_1_28' title="bbox 434 3868 1684 3953; baseline 0 -23"><span class='ocrx_word' id='word_1_225' title='bbox 434 3868 531 3930; x_wconf 89' lang='lat' dir='ltr'><strong>simul</strong></span> <span class='ocrx_word' id='word_1_226' title='bbox 556 3889 628 3931; x_wconf 91' lang='lat' dir='ltr'><strong>curn</strong></span> <span class='ocrx_word' id='word_1_227' title='bbox 654 3869 757 3932; x_wconf 86' lang='lat' dir='ltr'><strong>fundo</strong></span> <span class='ocrx_word' id='word_1_228' title='bbox 781 3885 812 3933; x_wconf 88' lang='lat' dir='ltr'><strong>et</strong></span> <span class='ocrx_word' id='word_1_229' title='bbox 843 3870 1000 3934; x_wconf 87' lang='lat' dir='ltr'><strong>hedificiis</strong></span> <span class='ocrx_word' id='word_1_230' title='bbox 1032 3872 1064 3932; x_wconf 88' lang='lat' dir='ltr'><strong>in</strong></span> <span class='ocrx_word' id='word_1_231' title='bbox 1096 3872 1223 3933; x_wconf 88' lang='lat' dir='ltr'><strong>civitate</strong></span> <span class='ocrx_word' id='word_1_232' title='bbox 1254 3869 1375 3953; x_wconf 87' lang='lat' dir='ltr'><strong>prefata</strong></span> <span class='ocrx_word' id='word_1_233' title='bbox 1407 3869 1562 3950; x_wconf 88' lang='lat' dir='ltr'><strong>habitam,</strong></span> <span class='ocrx_word' id='word_1_234' title='bbox 1592 3870 1684 3952; x_wconf 90' lang='lat' dir='ltr'><strong>ipsum</strong></span> 
     </span>
     <span class='ocr_line' id='line_1_29' title="bbox 432 3975 1684 4060; baseline 0 -24"><span class='ocrx_word' id='word_1_235' title='bbox 432 3975 607 4038; x_wconf 90' lang='lat' dir='ltr'><strong>literatorie</strong></span> <span class='ocrx_word' id='word_1_236' title='bbox 631 3991 890 4057; x_wconf 90' lang='lat' dir='ltr'><strong>concernentem,</strong></span> <span class='ocrx_word' id='word_1_237' title='bbox 915 3997 987 4039; x_wconf 87' lang='lat' dir='ltr'><strong>curu</strong></span> <span class='ocrx_word' id='word_1_238' title='bbox 1012 3978 1076 4039; x_wconf 90' lang='lat' dir='ltr'><strong>suis</strong></span> <span class='ocrx_word' id='word_1_239' title='bbox 1101 3978 1222 4040; x_wconf 90' lang='lat' dir='ltr'><strong>cunctis</strong></span> <span class='ocrx_word' id='word_1_240' title='bbox 1246 3977 1451 4060; x_wconf 89' lang='lat' dir='ltr'><strong>pertinenciis</strong></span> <span class='ocrx_word' id='word_1_241' title='bbox 1475 3977 1604 4059; x_wconf 88' lang='lat' dir='ltr'><strong>provide</strong></span> <span class='ocrx_word' id='word_1_242' title='bbox 1621 3994 1684 4036; x_wconf 90' lang='lat' dir='ltr'><strong>mu·</strong></span> 
     </span>
     <span class='ocr_line' id='line_1_30' title="bbox 434 4081 1683 4165; baseline -0.002 -23"><span class='ocrx_word' id='word_1_243' title='bbox 434 4081 506 4142; x_wconf 92' lang='lat' dir='ltr'><strong>lieri</strong></span> <span class='ocrx_word' id='word_1_244' title='bbox 531 4081 710 4164; x_wconf 84' lang='lat' dir='ltr'><strong>Elyzabeth</strong></span> <span class='ocrx_word' id='word_1_245' title='bbox 735 4083 845 4145; x_wconf 90' lang='lat' dir='ltr'><strong>relicte</strong></span> <span class='ocrx_word' id='word_1_246' title='bbox 869 4097 899 4146; x_wconf 91' lang='lat' dir='ltr'><strong>et</strong></span> <span class='ocrx_word' id='word_1_247' title='bbox 923 4083 1073 4164; x_wconf 87' lang='lat' dir='ltr'><strong>predictis</strong></span> <span class='ocrx_word' id='word_1_248' title='bbox 1105 4082 1178 4145; x_wconf 89' lang='lat' dir='ltr'><strong>liliis</strong></span> <span class='ocrx_word' id='word_1_249' title='bbox 1201 4084 1266 4146; x_wconf 90' lang='lat' dir='ltr'><strong>suis</strong></span> <span class='ocrx_word' id='word_1_250' title='bbox 1298 4083 1434 4164; x_wconf 85' lang='lat' dir='ltr'><strong>legasset</strong></span> <span class='ocrx_word' id='word_1_251' title='bbox 1458 4082 1683 4165; x_wconf 88' lang='lat' dir='ltr'><strong>perbennaliter</strong></span> 
     </span>
     <span class='ocr_line' id='line_1_31' title="bbox 431 4186 1683 4272; baseline 0.001 -25"><span class='ocrx_word' id='word_1_252' title='bbox 431 4186 679 4268; x_wconf 80' lang='lat' dir='ltr'><strong>possidendam3</strong></span> <span class='ocrx_word' id='word_1_253' title='bbox 704 4190 845 4270; x_wconf 89' lang='lat' dir='ltr'><strong>predicta</strong></span> <span class='ocrx_word' id='word_1_254' title='bbox 870 4204 977 4250; x_wconf 89' lang='lat' dir='ltr'><strong>autern</strong></span> <span class='ocrx_word' id='word_1_255' title='bbox 1004 4189 1179 4272; x_wconf 87' lang='lat' dir='ltr'><strong>Elyzabeth</strong></span> <span class='ocrx_word' id='word_1_256' title='bbox 1199 4189 1315 4250; x_wconf 88' lang='lat' dir='ltr'><strong>mulier</strong></span> <span class='ocrx_word' id='word_1_257' title='bbox 1341 4203 1443 4251; x_wconf 87' lang='lat' dir='ltr'><strong>mater</strong></span> <span class='ocrx_word' id='word_1_258' title='bbox 1467 4190 1605 4272; x_wconf 88' lang='lat' dir='ltr'><strong>ipsorum</strong></span> <span class='ocrx_word' id='word_1_259' title='bbox 1623 4187 1683 4248; x_wconf 87' lang='lat' dir='ltr'><strong>Ste-</strong></span> 
     </span>
     <span class='ocr_line' id='line_1_32' title="bbox 433 4292 1682 4378; baseline -0.002 -24"><span class='ocrx_word' id='word_1_260' title='bbox 433 4292 533 4376; x_wconf 86' lang='lat' dir='ltr'><strong>phani</strong></span> <span class='ocrx_word' id='word_1_261' title='bbox 557 4308 589 4357; x_wconf 90' lang='lat' dir='ltr'><strong>et</strong></span> <span class='ocrx_word' id='word_1_262' title='bbox 613 4296 758 4357; x_wconf 89' lang='lat' dir='ltr'><strong>Barnabe</strong></span> <span class='ocrx_word' id='word_1_263' title='bbox 783 4296 860 4358; x_wconf 90' lang='lat' dir='ltr'><strong>dum</strong></span> <span class='ocrx_word' id='word_1_264' title='bbox 886 4295 1034 4358; x_wconf 89' lang='lat' dir='ltr'><strong>similiter</strong></span> <span class='ocrx_word' id='word_1_265' title='bbox 1057 4296 1088 4356; x_wconf 94' lang='lat' dir='ltr'><strong>in</strong></span> <span class='ocrx_word' id='word_1_266' title='bbox 1114 4295 1263 4358; x_wconf 85' lang='lat' dir='ltr'><strong>extremis</strong></span> <span class='ocrx_word' id='word_1_267' title='bbox 1280 4297 1343 4358; x_wconf 91' lang='lat' dir='ltr'><strong>vite</strong></span> <span class='ocrx_word' id='word_1_268' title='bbox 1368 4315 1424 4358; x_wconf 90' lang='lat' dir='ltr'><strong>sue</strong></span> <span class='ocrx_word' id='word_1_269' title='bbox 1449 4294 1629 4378; x_wconf 88' lang='lat' dir='ltr'><strong>temporalis</strong></span> <span class='ocrx_word' id='word_1_270' title='bbox 1644 4293 1682 4353; x_wconf 87' lang='lat' dir='ltr'><strong>la·</strong></span> 
     </span>
     <span class='ocr_line' id='line_1_33' title="bbox 433 4397 1681 4485; baseline -0.001 -25"><span class='ocrx_word' id='word_1_271' title='bbox 433 4401 587 4478; x_wconf 89' lang='lat' dir='ltr'><strong>borasset,</strong></span> <span class='ocrx_word' id='word_1_272' title='bbox 619 4414 694 4463; x_wconf 93' lang='lat' dir='ltr'><strong>tunc</strong></span> <span class='ocrx_word' id='word_1_273' title='bbox 726 4402 859 4464; x_wconf 90' lang='lat' dir='ltr'><strong>totalem</strong></span> <span class='ocrx_word' id='word_1_274' title='bbox 892 4421 982 4463; x_wconf 86' lang='lat' dir='ltr'><strong>suam</strong></span> <span class='ocrx_word' id='word_1_275' title='bbox 1014 4403 1200 4484; x_wconf 88' lang='lat' dir='ltr'><strong>porcionem</strong></span> <span class='ocrx_word' id='word_1_276' title='bbox 1228 4402 1371 4485; x_wconf 90' lang='lat' dir='ltr'><strong>predicte</strong></span> <span class='ocrx_word' id='word_1_277' title='bbox 1402 4401 1520 4464; x_wconf 91' lang='lat' dir='ltr'><strong>domus</strong></span> <span class='ocrx_word' id='word_1_278' title='bbox 1552 4415 1579 4463; x_wconf 87' lang='lat' dir='ltr'><strong>et</strong></span> <span class='ocrx_word' id='word_1_279' title='bbox 1601 4397 1681 4460; x_wconf 87' lang='lat' dir='ltr'><strong>fundi</strong></span> 
     </span>
     <span class='ocr_line' id='line_1_34' title="bbox 432 4504 1681 4591; baseline -0.001 -26"><span class='ocrx_word' id='word_1_280' title='bbox 432 4504 535 4586; x_wconf 89' lang='lat' dir='ltr'><strong>ipsam</strong></span> <span class='ocrx_word' id='word_1_281' title='bbox 561 4526 598 4566; x_wconf 89' lang='lat' dir='ltr'><strong>ex</strong></span> <span class='ocrx_word' id='word_1_282' title='bbox 621 4507 784 4587; x_wconf 89' lang='lat' dir='ltr'><strong>premissis</strong></span> <span class='ocrx_word' id='word_1_283' title='bbox 808 4521 1054 4570; x_wconf 80' lang='lat' dir='ltr'><strong>conternantem</strong></span> <span class='ocrx_word' id='word_1_284' title='bbox 1080 4508 1223 4591; x_wconf 91' lang='lat' dir='ltr'><strong>predicto</strong></span> <span class='ocrx_word' id='word_1_285' title='bbox 1255 4509 1400 4570; x_wconf 89' lang='lat' dir='ltr'><strong>Barnabe</strong></span> <span class='ocrx_word' id='word_1_286' title='bbox 1432 4506 1500 4570; x_wconf 90' lang='lat' dir='ltr'><strong>filio</strong></span> <span class='ocrx_word' id='word_1_287' title='bbox 1529 4527 1583 4570; x_wconf 91' lang='lat' dir='ltr'><strong>suo</strong></span> <span class='ocrx_word' id='word_1_288' title='bbox 1606 4504 1681 4586; x_wconf 88' lang='lat' dir='ltr'><strong>lega·</strong></span> 
     </span>
     <span class='ocr_line' id='line_1_35' title="bbox 434 4612 1677 4697; baseline -0.001 -25"><span class='ocrx_word' id='word_1_289' title='bbox 434 4612 529 4674; x_wconf 91' lang='lat' dir='ltr'><strong>visset</strong></span> <span class='ocrx_word' id='word_1_290' title='bbox 553 4613 699 4674; x_wconf 90' lang='lat' dir='ltr'><strong>similiter</strong></span> <span class='ocrx_word' id='word_1_291' title='bbox 724 4629 879 4696; x_wconf 92' lang='lat' dir='ltr'><strong>perpetuo</strong></span> <span class='ocrx_word' id='word_1_292' title='bbox 897 4615 1137 4696; x_wconf 88' lang='lat' dir='ltr'><strong>possidendam,</strong></span> <span class='ocrx_word' id='word_1_293' title='bbox 1158 4614 1296 4697; x_wconf 92' lang='lat' dir='ltr'><strong>ideoque</strong></span> <span class='ocrx_word' id='word_1_294' title='bbox 1314 4633 1373 4676; x_wconf 91' lang='lat' dir='ltr'><strong>nos</strong></span> <span class='ocrx_word' id='word_1_295' title='bbox 1397 4614 1534 4678; x_wconf 85' lang='lat' dir='ltr'><strong>eundern</strong></span> <span class='ocrx_word' id='word_1_296' title='bbox 1558 4613 1677 4675; x_wconf 90' lang='lat' dir='ltr'><strong>domum</strong></span> 
     </span>
     <span class='ocr_line' id='line_1_36' title="bbox 432 4716 1678 4802; baseline -0.003 -22"><span class='ocrx_word' id='word_1_297' title='bbox 432 4731 463 4780; x_wconf 87' lang='lat' dir='ltr'><strong>et</strong></span> <span class='ocrx_word' id='word_1_298' title='bbox 489 4716 626 4780; x_wconf 86' lang='lat' dir='ltr'><strong>fundum</strong></span> <span class='ocrx_word' id='word_1_299' title='bbox 651 4720 785 4802; x_wconf 90' lang='lat' dir='ltr'><strong>predicti</strong></span> <span class='ocrx_word' id='word_1_300' title='bbox 818 4721 901 4783; x_wconf 87' lang='lat' dir='ltr'><strong>Petri</strong></span> <span class='ocrx_word' id='word_1_301' title='bbox 927 4719 1049 4782; x_wconf 89' lang='lat' dir='ltr'><strong>Oczeth</strong></span> <span class='ocrx_word' id='word_1_302' title='bbox 1081 4739 1153 4782; x_wconf 89' lang='lat' dir='ltr'><strong>cum</strong></span> <span class='ocrx_word' id='word_1_303' title='bbox 1178 4720 1340 4801; x_wconf 88' lang='lat' dir='ltr'><strong>premissis</strong></span> <span class='ocrx_word' id='word_1_304' title='bbox 1371 4721 1494 4783; x_wconf 90' lang='lat' dir='ltr'><strong>cunctis</strong></span> <span class='ocrx_word' id='word_1_305' title='bbox 1517 4721 1578 4782; x_wconf 89' lang='lat' dir='ltr'><strong>suis</strong></span> <span class='ocrx_word' id='word_1_306' title='bbox 1601 4716 1678 4779; x_wconf 90' lang='lat' dir='ltr'><strong>utili·</strong></span> 
     </span>
     <span class='ocr_line' id='line_1_37' title="bbox 430 4823 1678 4909; baseline -0.003 -24"><span class='ocrx_word' id='word_1_307' title='bbox 430 4825 548 4886; x_wconf 83' lang='lat' dir='ltr'><strong>tatibus</strong></span> <span class='ocrx_word' id='word_1_308' title='bbox 572 4837 603 4887; x_wconf 90' lang='lat' dir='ltr'><strong>et</strong></span> <span class='ocrx_word' id='word_1_309' title='bbox 627 4826 833 4908; x_wconf 91' lang='lat' dir='ltr'><strong>pertinenciis</strong></span> <span class='ocrx_word' id='word_1_310' title='bbox 858 4826 1014 4889; x_wconf 87' lang='lat' dir='ltr'><strong>universis</strong></span> <span class='ocrx_word' id='word_1_311' title='bbox 1039 4826 1182 4909; x_wconf 89' lang='lat' dir='ltr'><strong>predicto</strong></span> <span class='ocrx_word' id='word_1_312' title='bbox 1203 4826 1350 4888; x_wconf 85' lang='lat' dir='ltr'><strong>Barnabe</strong></span> <span class='ocrx_word' id='word_1_313' title='bbox 1375 4841 1532 4908; x_wconf 89' lang='lat' dir='ltr'><strong>quantum</strong></span> <span class='ocrx_word' id='word_1_314' title='bbox 1555 4823 1678 4887; x_wconf 89' lang='lat' dir='ltr'><strong>adduas</strong></span> 
     </span>
     <span class='ocr_line' id='line_1_38' title="bbox 431 4928 1678 5013; baseline -0.004 -22"><span class='ocrx_word' id='word_1_315' title='bbox 431 4930 599 5012; x_wconf 90' lang='lat' dir='ltr'><strong>porciones</strong></span> <span class='ocrx_word' id='word_1_316' title='bbox 635 4931 779 4994; x_wconf 88' lang='lat' dir='ltr'><strong>eiusdem</strong></span> <span class='ocrx_word' id='word_1_317' title='bbox 813 4931 929 4994; x_wconf 89' lang='lat' dir='ltr'><strong>domus</strong></span> <span class='ocrx_word' id='word_1_318' title='bbox 960 4947 991 4995; x_wconf 87' lang='lat' dir='ltr'><strong>et</strong></span> <span class='ocrx_word' id='word_1_319' title='bbox 1023 4932 1133 5010; x_wconf 85' lang='lat' dir='ltr'><strong>fundi,</strong></span> <span class='ocrx_word' id='word_1_320' title='bbox 1165 4945 1322 5013; x_wconf 83' lang='lat' dir='ltr'><strong>quantum</strong></span> <span class='ocrx_word' id='word_1_321' title='bbox 1353 4945 1460 4994; x_wconf 88' lang='lat' dir='ltr'><strong>autem</strong></span> <span class='ocrx_word' id='word_1_322' title='bbox 1492 4932 1532 4994; x_wconf 86' lang='lat' dir='ltr'><strong>ad</strong></span> <span class='ocrx_word' id='word_1_323' title='bbox 1562 4928 1678 4992; x_wconf 90' lang='lat' dir='ltr'><strong>terciam</strong></span> 
     </span>
     <span class='ocr_line' id='line_1_39' title="bbox 430 5037 1678 5124; baseline -0.003 -27"><span class='ocrx_word' id='word_1_324' title='bbox 430 5049 550 5119; x_wconf 89' lang='lat' dir='ltr'><strong>partem</strong></span> <span class='ocrx_word' id='word_1_325' title='bbox 577 5037 676 5121; x_wconf 87' lang='lat' dir='ltr'><strong>ipsius</strong></span> <span class='ocrx_word' id='word_1_326' title='bbox 707 5039 823 5104; x_wconf 85' lang='lat' dir='ltr'><strong>domus</strong></span> <span class='ocrx_word' id='word_1_327' title='bbox 855 5053 885 5102; x_wconf 91' lang='lat' dir='ltr'><strong>et</strong></span> <span class='ocrx_word' id='word_1_328' title='bbox 911 5037 1001 5102; x_wconf 90' lang='lat' dir='ltr'><strong>lundi</strong></span> <span class='ocrx_word' id='word_1_329' title='bbox 1033 5037 1156 5123; x_wconf 83' lang='lat' dir='ltr'><strong>prefato</strong></span> <span class='ocrx_word' id='word_1_330' title='bbox 1186 5038 1349 5124; x_wconf 91' lang='lat' dir='ltr'><strong>Stephano</strong></span> <span class='ocrx_word' id='word_1_331' title='bbox 1374 5037 1461 5102; x_wconf 82' lang='lat' dir='ltr'><strong>fratri</strong></span> <span class='ocrx_word' id='word_1_332' title='bbox 1493 5057 1551 5100; x_wconf 92' lang='lat' dir='ltr'><strong>suo</strong></span> <span class='ocrx_word' id='word_1_333' title='bbox 1574 5053 1607 5096; x_wconf 83' lang='lat' dir='ltr'><strong>ec</strong></span> <span class='ocrx_word' id='word_1_334' title='bbox 1628 5051 1678 5116; x_wconf 93' lang='lat' dir='ltr'><strong>per</strong></span> 
     </span>
    </p>
   </div>
   <div class='ocr_carea' id='block_1_8' title="bbox 0 0 1844 5800">
    <p class='ocr_par' dir='ltr' id='par_1_8' title="bbox 0 0 1844 5800">
     <span class='ocr_line' id='line_1_40' title="bbox 0 0 1844 5800; baseline 0 0"><span class='ocrx_word' id='word_1_335' title='bbox 0 0 1844 5800; x_wconf 95' lang='lat' dir='ltr'><strong> </strong></span> 
     </span>
    </p>
   </div>
  </div>
 </body>
</html>
