3876 5798
334 809 412 872 ltem
436 810 511 891 quia
535 809 575 871 ad
607 811 722 872 trinam
755 807 914 872 forensem
948 824 979 873 et
1001 812 1163 894 publicam
1196 814 1490 896 proclamacionem

231 936 287 999 per
311 936 370 977 nos
393 915 564 998 superinde
595 915 662 978 fieri
695 918 900 979 commissam
932 931 963 980 et
995 916 1120 998 factam,
1152 938 1248 981 nemo
1272 920 1486 984 contradictor

226 1023 374 1106 apparuit
397 1022 430 1084 in
455 1041 505 1102 eo,
528 1021 616 1104 quod
642 1022 794 1084 Nicolaus
818 1022 921 1085 dictus
938 1022 1074 1086 Chehko
1098 1044 1260 1087 successor
1285 1025 1422 1089 condam
1439 1046 1485 1090 re·

225 1129 300 1190 licre
326 1129 435 1190 Prawz
459 1141 532 1209 post
555 1141 692 1190 mortem
718 1127 862 1190 eiusdem
893 1130 1002 1192 relicte
1026 1129 1137 1192 Prawz
1161 1143 1192 1193 et
1215 1131 1323 1193 uxoria
1354 1132 1490 1196 tandem

226 1235 325 1317 ipsius
346 1234 472 1296 Nicolai
489 1233 625 1297 Chehko
642 1234 800 1316 usquead
818 1248 953 1298 mortem
976 1235 1119 1297 eiusdem
1144 1237 1269 1299 Nicolai
1297 1236 1432 1300 Chehko
1457 1239 1489 1300 in

228 1339 359 1425 pacifica
385 1355 415 1402 et
439 1340 547 1422 quieta
572 1341 772 1422 possessione
797 1341 962 1403 cuiusdam
992 1354 1074 1403 terre
1099 1342 1227 1404 arabilis
1244 1342 1364 1425 prefate
1381 1344 1490 1407 relicte

226 1448 325 1530 ipsius
354 1446 509 1508 lobannis
537 1447 647 1510 Prawz
674 1465 800 1530 semper
827 1447 1002 1529 permansit
1018 1447 1147 1509 nemine
1172 1449 1299 1530 penitus
1330 1449 1488 1512 contradi·

226 1566 327 1633 cente,
352 1567 383 1614 et
407 1553 482 1634 quia
510 1551 558 1614 vir
581 1552 736 1635 providus
759 1552 913 1614 Nicolaus
935 1553 1078 1615 literatus
1101 1551 1187 1614 filius
1211 1554 1320 1616 Jacobi
1352 1555 1489 1617 eandem

225 1674 340 1722 terram
371 1658 524 1720 arabilem
549 1677 621 1720 cum
646 1658 712 1720 suis
735 1659 939 1740 pertinenciis
962 1659 1092 1743 Mathye
1116 1660 1219 1742 jurato
1243 1659 1310 1722 filio
1336 1661 1488 1744 Stephani

225 1786 345 1852 genero
371 1765 502 1848 Georgii
524 1764 664 1828 Puchich
688 1785 747 1848 pro
766 1779 850 1828 certa
867 1766 1076 1849 pecuniarum
1094 1766 1270 1848 quantitate
1294 1767 1489 1830 vendidisset

224 1886 380 1957 perpetuo
404 1871 645 1954 possidendam,
668 1871 742 1934 ideo
766 1892 825 1934 nos
848 1871 983 1934 eandem
1008 1885 1125 1935 terram
1148 1872 1302 1936 arabilem
1326 1893 1400 1936 cum
1424 1874 1489 1936 suis

225 1979 430 2062 pertinenciis
462 1977 586 2061 prelato
611 1977 740 2061 Mathye
764 1977 868 2060 jurato
899 1998 934 2040 ac
958 1999 1016 2062 per
1032 1997 1107 2042 eum
1130 1979 1195 2040 suis
1222 1977 1395 2042 heredibus
1418 1999 1487 2063 pre·

227 2085 322 2148 missa
340 2085 507 2168 empcione
533 2085 593 2146 sibi
616 2085 821 2147 incumbente
844 2103 881 2146 ex
906 2104 1063 2148 consensu
1086 2085 1267 2148 vicinorum
1292 2086 1487 2168 predictorm

224 2191 393 2254 statuimus
416 2203 571 2275 perpetuo
595 2189 823 2274 possidendam
847 2203 877 2253 et
893 2190 1202 2274 quomodocumque
1218 2191 1356 2255 voluerit
1379 2191 1487 2276 dispo·

225 2297 376 2362 nendam.

331 2405 408 2466 ltem
432 2403 578 2488 Mathyas
608 2403 728 2483 juratus
758 2403 842 2465 filius
873 2403 1003 2466 Andree
1037 2423 1137 2486 gener
1167 2403 1305 2467 condam
1343 2404 1486 2487 magistri

226 2511 378 2594 Stephani
403 2511 518 2573 literati
543 2510 618 2572 dicti
644 2508 822 2593 Rakarych,
846 2509 886 2571 ad
914 2510 1086 2573 instantem
1110 2523 1141 2574 et
1164 2509 1382 2574 humillimam
1405 2511 1485 2593 peti·

226 2619 352 2682 cionem
369 2618 582 2706 plurimorum
601 2616 761 2678 nobilium
785 2629 816 2680 et
832 2615 1041 2679 honestorum
1063 2637 1100 2680 ac
1117 2617 1319 2700 ydoneornm
1344 2619 1486 2680 virorum

225 2744 283 2807 pro
308 2724 467 2805 Gregorio
488 2722 556 2786 lilio
581 2724 708 2784 Andree
726 2722 878 2786 Zwechar
894 2743 968 2805 erga
993 2723 1134 2786 eundem
1160 2723 1322 2807 Mathyam
1347 2723 1485 2804 juratum

226 2830 352 2910 factam,
377 2830 462 2892 idem
488 2829 647 2912 Gregorio
678 2827 746 2890 filio
778 2829 878 2911 ipsius
909 2827 1038 2890 Andree
1063 2829 1103 2892 de
1133 2830 1224 2892 totali
1249 2829 1389 2912 birsagio
1422 2831 1486 2893 vivi

224 2937 392 3021 (h)omagii
418 2937 450 2998 in
483 2956 548 3019 quo
581 2948 692 2998 contra
724 2936 829 3018 ipsum
861 2935 1025 3018 Mathyam
1058 2935 1196 3017 juratum
1229 2935 1288 3000 luit
1311 2937 1486 3016 convictus,

225 3045 298 3107 lecit
320 3045 458 3127 graciam
483 3058 512 3106 er
537 3042 791 3106 misericordiam
820 3061 914 3105 causa
947 3041 1107 3104 dictorum
1138 3044 1314 3125 proborum
1340 3056 1371 3105 et
1395 3042 1486 3105 nobi-

224 3151 305 3213 lium
332 3150 485 3214 virorum.

226 3351 321 3427 Feria
336 3359 434 3425 sexta
449 3352 603 3442 proxima
622 3358 699 3442 post
713 3351 835 3424 festum
855 3349 1089 3423 eonverstonis
1108 3351 1198 3424 beatl
1213 3350 1309 3424 Pauli
1330 3351 1486 3443 apostoli.

726 3501 792 3582 (28.
813 3503 978 3582 januan'r).

331 3647 407 3710 ltem
434 3646 509 3728 quia
534 3645 717 3708 Anthonius
741 3643 829 3707 faber
849 3663 912 3706 una
936 3661 1010 3704 cum
1029 3643 1129 3706 Elena
1155 3663 1253 3708 uxore
1269 3664 1324 3706 aua
1350 3643 1486 3727 quilibet

224 3774 336 3816 eorum
360 3753 459 3815 tercio
482 3773 514 3814 se
540 3752 684 3834 personis
707 3751 804 3814 hodie
828 3749 1045 3831 juramentum
1068 3752 1128 3814 sibi
1153 3752 1256 3835 pridie
1281 3772 1337 3834 per
1362 3751 1485 3832 juratos

225 3859 444 3942 adjudicatum
461 3873 570 3922 contra
590 3858 822 3940 Margaretham
841 3858 1020 3936 mulierem,
1038 3858 1182 3920 relictam
1198 3859 1336 3921 condam
1355 3859 1485 3944 Mathye

228 3969 336 4049 Supan
361 3967 578 4048 adjudicatum
597 3987 636 4028 eo
660 3965 759 4028 modo
776 3964 981 4046 prestiterunt
1002 3978 1033 4028 et
1057 3966 1285 4048 deposuerunt,
1311 3979 1345 4028 ut
1361 3967 1420 4048 ipsi
1446 3966 1485 4028 de

224 4074 300 4137 cista
325 4088 357 4137 et
379 4073 419 4136 de
443 4074 560 4136 scrinio
585 4073 684 4156 ipsius
709 4071 909 4154 Margarethe
934 4071 1078 4134 mulieris
1101 4093 1206 4154 neque
1224 4093 1277 4134 sex
1302 4093 1415 4156 pensas
1431 4072 1486 4134 de·

227 4181 390 4242 nariorum
409 4199 513 4262 neque
531 4180 673 4262 aliquam
690 4179 860 4262 pecuniam
873 4179 1112 4258 subtraxissent,
1125 4179 1181 4241 sed
1198 4179 1231 4240 in
1247 4178 1337 4240 totali
1355 4178 1486 4241 accione

226 4287 370 4350 eiusdem
397 4286 597 4367 Margarethe
620 4285 764 4348 mulieris
781 4285 967 4346 innocentes
991 4297 1097 4347 essent
1120 4299 1150 4346 et
1167 4285 1332 4360 inmunes3
1357 4297 1388 4346 et
1411 4284 1486 4366 quia

225 4377 339 4455 eadem
364 4391 485 4476 prefata
511 4391 711 4474 Margaretha
734 4390 861 4470 mulier,
886 4391 1099 4473 juramentum
1133 4390 1273 4473 predicte
1298 4389 1399 4452 Eleae
1424 4409 1486 4452 ser·

223 4499 324 4561 vitrici
358 4499 502 4581 ipsorum
534 4497 689 4560 Anthonii
720 4496 800 4558 labri
831 4509 862 4558 et
893 4495 994 4558 Elene
1018 4515 1073 4558 aue
1105 4479 1263 4559 consortis
1285 4515 1340 4578 per
1364 4496 1486 4576 juratos

223 4605 325 4686 pridie
350 4603 580 4686 adjudicatum,
604 4603 709 4665 eidem
734 4602 835 4664 Elene
859 4601 1014 4664 servitrici
1032 4602 1153 4664 dimisit
1177 4616 1207 4664 et
1230 4601 1392 4680 relaxavit,
1411 4601 1485 4664 ideo

223 4710 352 4773 eosdem
370 4710 541 4774 videlicet:
570 4708 772 4771 Anthonium
789 4707 914 4770 labrum
940 4721 970 4769 et
988 4707 1122 4770 Elenam
1140 4726 1272 4769 uxorem
1297 4727 1334 4770 ac
1351 4707 1486 4768 Elenam

223 4816 419 4879 servitricem
444 4815 684 4898 adeposicione
706 4815 805 4896 ipsius
821 4813 990 4894 juramenti
1015 4827 1046 4876 et
1062 4815 1102 4876 ab
1120 4813 1262 4876 ulteriori
1288 4812 1486 4895 inpeticione

225 4924 324 5006 ipsius
349 4923 548 5006 Margarethe
574 4922 717 4984 mulieris
741 4940 834 4982 causa
858 4921 890 4981 in
916 4920 1068 5002 premissa
1093 4919 1295 4982 reddidimus
1319 4918 1489 4999 expeditos

226 5044 392 5112 tamquam
416 5028 516 5112 justos
540 5042 570 5091 et
594 5028 743 5090 innoxios
766 5026 923 5088 homines.

753 5191 963 5211 —ruossw—
