3740 5810
444 593 501 635 roa
862 577 948 634 Anno
971 591 1060 654 1421.
1088 611 1127 621 -
1152 591 1182 640 2.
1205 579 1285 636 maii.

438 787 506 870 ipsa
530 807 589 850 nec
612 806 669 869 per
693 807 725 848 ae
751 807 808 851 nec
832 807 907 849 suos
930 803 986 852 aut
1016 788 1098 850 alios
1130 806 1353 870 quoscumque
1376 807 1478 850 unum
1511 787 1615 869 ipsius
1638 791 1701 848 An·

439 891 542 956 thonri
567 893 652 976 apud
678 894 779 977 ipsam
802 913 937 976 porcum
954 893 1187 976 deperdidisset
1218 892 1270 956 vel
1294 911 1367 956 cum
1390 893 1479 955 malo
1510 893 1702 976 inplevisset.

544 999 622 1061 item
646 999 787 1061 Brumen
810 1013 925 1062 octavo
949 999 1001 1062 die
1026 1000 1179 1082 prestabit
1195 999 1411 1081 juramentum
1436 1013 1547 1062 contra
1574 997 1702 1080 Mathey

439 1105 585 1168 Busuech
610 1107 846 1187 quantum'sue
870 1125 963 1189 capre
981 1106 1135 1185 valerent,
1160 1127 1240 1188 quas
1257 1105 1344 1168 idem
1368 1105 1498 1190 Mathey
1530 1103 1703 1168 interficere

438 1210 573 1292 fecisset,
597 1232 678 1295 quas
701 1212 788 1274 idem
812 1211 943 1296 Mathey
966 1213 1097 1274 tandem
1118 1213 1280 1276 tenebitur
1302 1213 1435 1275 solvere.

597 1450 694 1524 Faria
721 1461 820 1524 serta
848 1451 1005 1526 videlicet
1032 1459 1152 1526 octavo
1181 1451 1233 1524 dte
1261 1451 1338 1524 iestl
1368 1448 1546 1524 Ambrosii.

966 1623 1029 1704 (11.
1053 1621 1186 1705 aprilis).

546 1781 625 1844 item
650 1780 788 1843 Michael
813 1781 938 1863 pridem
962 1781 1058 1863 judea
1082 1797 1192 1844 contra
1220 1781 1431 1844 Benedictum
1454 1779 1583 1842 fratrem
1607 1801 1702 1842 suum

440 1889 547 1972 primo
570 1888 685 1950 citatus
708 1907 774 1949 non
807 1889 997 1971 comparuit.

547 1993 625 2056 Item
650 1991 827 2075 Gregorius
844 1993 969 2076 pridem
992 1993 1114 2076 juratus
1131 2007 1242 2056 contra
1260 1994 1388 2056 Petrum
1412 1991 1537 2076 pridem
1562 1993 1702 2074 juratum

440 2099 584 2163 secundo
617 2100 731 2162 citatus
762 2120 828 2162 non
852 2102 1042 2186 comparuit.

547 2207 624 2268 item
649 2205 795 2268 Andreas
819 2205 859 2268 de
877 2207 1057 2270 Modrussia
1075 2220 1184 2269 contra
1203 2206 1381 2288 Georgium
1398 2205 1580 2269 carnificem
1597 2207 1703 2289 primo

441 2314 555 2376 citatus
579 2332 645 2374 non
673 2312 862 2394 comparuit.

546 2419 625 2480 item
649 2419 759 2480 relicta
775 2417 1101 2492 Andreeflemchich
1125 2431 1235 2481 contra
1253 2417 1417 2482 Thomam
1434 2415 1538 2480 filiunt
1561 2417 1705 2479 eiusdem

441 2524 572 2588 Andree
595 2525 739 2587 racundo
765 2525 859 2588 citata
883 2545 949 2588 non
974 2525 1164 2608 comparuit.

548 2631 627 2694 Item
652 2630 833 2714 Stephanus
856 2644 958 2694 sartor
988 2630 1134 2694 Pundich
1162 2643 1274 2693 contra
1297 2629 1426 2693 Keneht
1455 2631 1562 2714 primo
1589 2629 1703 2692 citatus

442 2757 509 2800 non
533 2737 723 2820 comparuit.

548 2843 627 2908 item
653 2842 813 2925 Georgius
829 2843 970 2908 carnifex
987 2857 1096 2908 contra
1110 2843 1303 2908 Michaelem
1320 2841 1452 2926 Caprini
1469 2841 1606 2926 prestitit
1621 2840 1703 2922 jura-

441 2962 597 3028 mentum,
622 2948 711 3032 quod
735 2950 768 3012 in
793 2951 883 3012 totali
907 2951 1037 3014 accione
1062 2951 1162 3034 ipsius
1190 2950 1356 3013 Michaelis
1380 2950 1535 3011 innocens
1558 2961 1615 3011 est.

547 3055 623 3118 Item
651 3057 808 3118 Martinus
831 3057 948 3139 longus
970 3053 1082 3119 ¹contra
1100 3053 1284 3119 Emericutn
1308 3075 1444 3139 parvum
1468 3056 1572 3138 primo
1589 3055 1704 3116 citatus

443 3179 509 3224 non
537 3162 727 3244 comparuit.

547 3267 625 3332 Item
660 3267 869 3350 Draghchech
901 3283 1011 3332 contra
1047 3269 1189 3331 Blaaium
1222 3267 1420 3351 freniparum
1456 3267 1562 3349 primo
1595 3265 1708 3328 citatus

443 3391 509 3435 non
534 3374 724 3457 comparuit.

550 3481 629 3543 Item
654 3481 763 3543 Baltor
786 3482 915 3565 sellipar
939 3495 1049 3544 contra
1074 3483 1232 3545 Jacobum
1260 3482 1366 3566 primo
1391 3482 1505 3543 citatus
1529 3501 1594 3543 non
1620 3499 1707 3542 com-

444 3587 559 3670 paruit.

549 3693 627 3756 item
652 3694 771 3757 Paulus
795 3695 919 3778 pridem
944 3695 1066 3777 juratus
1094 3695 1289 3759 Sidouchich
1321 3695 1464 3758 secundo
1495 3695 1609 3758 citatus
1640 3714 1705 3756 non

445 3799 634 3884 comparuit.

549 3906 627 3969 Item
659 3906 752 3990 jurati
784 3907 1018 3990 adjudicarunt,
1054 3908 1142 3993 quod
1174 3907 1330 3971 Martinus
1361 3907 1486 3990 sagipar
1518 3905 1600 3969 inira
1633 3919 1705 3969 octo

442 4013 511 4077 dies
534 4014 696 4077 tenebitur
719 4015 879 4078 dedomo
903 4035 959 4078 sua
984 4015 1166 4097 disponere,
1190 4029 1225 4078 ut
1242 4015 1355 4077 vicinis
1378 4033 1443 4076 non
1468 4028 1608 4092 noceret,
1625 4013 1704 4075 alio·

443 4122 522 4203 quin
548 4120 643 4203 judex
668 4123 805 4203 emptori
831 4123 930 4204 ipsius
954 4122 1072 4185 domus
1096 4123 1222 4185 literam
1246 4121 1321 4184 dare
1338 4121 1443 4184 valeat
1466 4135 1561 4203 atque
1586 4119 1705 4203 possit;

443 4227 483 4289 de
508 4245 573 4310 quo
596 4225 682 4289 idem
708 4228 863 4291 Martinus
888 4247 953 4290 non
977 4242 1146 4292 contentus
1169 4229 1263 4291 traxit
1286 4227 1326 4290 ad
1350 4227 1503 4290 seniores.

523 4459 619 4534 Feria
648 4471 746 4535 sexta
775 4465 927 4554 proxima
957 4471 1033 4554 post
1061 4465 1183 4536 festum
1211 4465 1387 4535 beatorum
1416 4463 1560 4553 Philippi
1590 4469 1623 4534 ct

832 4603 834 4606 ·
876 4588 995 4678 Jacobi
1032 4589 1271 4678 apostolorum.

996 4764 1038 4837 (2.
1062 4759 1160 4836 mar'r').

554 4917 630 4978 item
658 4915 840 4999 Stephanus
864 4931 965 4980 sartor
989 4916 1134 4980 Pundich
1152 4931 1261 4982 contra
1286 4917 1486 5002 Stephanum
1511 4917 1640 4982 Keneht
1663 4938 1709 4982 se·

447 5021 555 5084 cundo
579 5023 692 5084 citatus
716 5041 781 5084 non
806 5022 995 5108 comparuit.
