<?xml version="1.0" encoding="UTF-8"?>
<!DOCTYPE html PUBLIC "-//W3C//DTD XHTML 1.0 Transitional//EN"
    "http://www.w3.org/TR/xhtml1/DTD/xhtml1-transitional.dtd">
<html xmlns="http://www.w3.org/1999/xhtml" xml:lang="en" lang="en">
 <head>
  <title>
</title>
<meta http-equiv="Content-Type" content="text/html;charset=utf-8" />
  <meta name='ocr-system' content='tesseract 3.04.00' />
  <meta name='ocr-capabilities' content='ocr_page ocr_carea ocr_par ocr_line ocrx_word'/>
</head>
<body>
  <div class='ocr_page' id='page_1' title='image "./monumentahistor14laszgoog_0461.png"; bbox 0 0 3876 5798; ppageno 0'>
   <div class='ocr_carea' id='block_1_1' title="bbox 655 591 1536 673">
    <p class='ocr_par' dir='ltr' id='par_1_1' title="bbox 655 591 1536 673">
     <span class='ocr_line' id='line_1_1' title="bbox 655 591 1536 673; baseline 0.002 -21"><span class='ocrx_word' id='word_1_1' title='bbox 655 596 857 672; x_wconf 78' lang='lat' dir='ltr'><strong>Ann01445.</strong></span> <span class='ocrx_word' id='word_1_2' title='bbox 880 627 923 638; x_wconf 94' lang='lat'><em>-</em></span> <span class='ocrx_word' id='word_1_3' title='bbox 947 591 979 654; x_wconf 83' lang='lat'><strong>8.</strong></span> <span class='ocrx_word' id='word_1_4' title='bbox 995 596 1146 671; x_wconf 65' lang='lat' dir='ltr'><strong>junuarii.</strong></span> <span class='ocrx_word' id='word_1_5' title='bbox 1475 612 1536 673; x_wconf 85' lang='lat'><strong>4¹1</strong></span> 
     </span>
    </p>
   </div>
   <div class='ocr_carea' id='block_1_2' title="bbox 275 805 1543 2694">
    <p class='ocr_par' dir='ltr' id='par_1_2' title="bbox 275 805 1541 1100">
     <span class='ocr_line' id='line_1_2' title="bbox 276 805 1541 888; baseline 0 -20"><span class='ocrx_word' id='word_1_6' title='bbox 276 807 461 868; x_wconf 88' lang='lat' dir='ltr'><strong>earumdem</strong></span> <span class='ocrx_word' id='word_1_7' title='bbox 495 806 636 888; x_wconf 90' lang='lat' dir='ltr'><strong>parcium</strong></span> <span class='ocrx_word' id='word_1_8' title='bbox 680 805 781 888; x_wconf 83' lang='lat' dir='ltr'>ipsam</span> <span class='ocrx_word' id='word_1_9' title='bbox 813 825 903 866; x_wconf 89' lang='lat' dir='ltr'><strong>suam</strong></span> <span class='ocrx_word' id='word_1_10' title='bbox 935 819 1054 867; x_wconf 90' lang='lat' dir='ltr'><strong>rectam</strong></span> <span class='ocrx_word' id='word_1_11' title='bbox 1087 818 1118 866; x_wconf 93' lang='lat' dir='ltr'><strong>et</strong></span> <span class='ocrx_word' id='word_1_12' title='bbox 1149 805 1297 886; x_wconf 86' lang='lat' dir='ltr'><strong>equalem</strong></span> <span class='ocrx_word' id='word_1_13' title='bbox 1331 822 1453 888; x_wconf 90' lang='lat' dir='ltr'><strong>partem</strong></span> <span class='ocrx_word' id='word_1_14' title='bbox 1485 826 1541 868; x_wconf 87' lang='lat' dir='ltr'><strong>seu</strong></span> 
     </span>
     <span class='ocr_line' id='line_1_3' title="bbox 277 911 1541 995; baseline 0 -21"><span class='ocrx_word' id='word_1_15' title='bbox 277 913 482 974; x_wconf 91' lang='lat' dir='ltr'><strong>medietatem</strong></span> <span class='ocrx_word' id='word_1_16' title='bbox 507 911 694 974; x_wconf 88' lang='lat' dir='ltr'><strong>earumdem</strong></span> <span class='ocrx_word' id='word_1_17' title='bbox 711 912 948 993; x_wconf 90' lang='lat' dir='ltr'><strong>possessionum</strong></span> <span class='ocrx_word' id='word_1_18' title='bbox 966 926 996 972; x_wconf 94' lang='lat' dir='ltr'><strong>et</strong></span> <span class='ocrx_word' id='word_1_19' title='bbox 1019 911 1210 993; x_wconf 90' lang='lat' dir='ltr'><strong>porcionum</strong></span> <span class='ocrx_word' id='word_1_20' title='bbox 1229 931 1340 973; x_wconf 90' lang='lat' dir='ltr'><strong>eorum</strong></span> <span class='ocrx_word' id='word_1_21' title='bbox 1369 913 1541 995; x_wconf 88' lang='lat' dir='ltr'><strong>possessio·</strong></span> 
     </span>
     <span class='ocr_line' id='line_1_4' title="bbox 275 1016 1067 1100; baseline 0.001 -22"><span class='ocrx_word' id='word_1_22' title='bbox 275 1017 437 1080; x_wconf 86' lang='lat' dir='ltr'><strong>uariarum</strong></span> <span class='ocrx_word' id='word_1_23' title='bbox 461 1017 608 1079; x_wconf 90' lang='lat' dir='ltr'><strong>omnium</strong></span> <span class='ocrx_word' id='word_1_24' title='bbox 633 1016 795 1079; x_wconf 92' lang='lat' dir='ltr'><strong>voluerint</strong></span> <span class='ocrx_word' id='word_1_25' title='bbox 822 1017 1067 1100; x_wconf 83' lang='lat' dir='ltr'><strong>disponendam.</strong></span> 
     </span>
    </p>

    <p class='ocr_par' dir='ltr' id='par_1_3' title="bbox 277 1121 1543 2694">
     <span class='ocr_line' id='line_1_5' title="bbox 382 1121 1537 1205; baseline 0 -19"><span class='ocrx_word' id='word_1_26' title='bbox 382 1123 460 1186; x_wconf 89' lang='lat' dir='ltr'><strong>Item</strong></span> <span class='ocrx_word' id='word_1_27' title='bbox 486 1123 562 1205; x_wconf 90' lang='lat' dir='ltr'><strong>quia</strong></span> <span class='ocrx_word' id='word_1_28' title='bbox 586 1123 677 1204; x_wconf 92' lang='lat' dir='ltr'><strong>probi</strong></span> <span class='ocrx_word' id='word_1_29' title='bbox 703 1121 835 1203; x_wconf 89' lang='lat' dir='ltr'><strong>juvenes</strong></span> <span class='ocrx_word' id='word_1_30' title='bbox 863 1122 1038 1205; x_wconf 82' lang='lat' dir='ltr'><strong>Gregorius</strong></span> <span class='ocrx_word' id='word_1_31' title='bbox 1069 1137 1100 1184; x_wconf 90' lang='lat' dir='ltr'><strong>et</strong></span> <span class='ocrx_word' id='word_1_32' title='bbox 1125 1122 1284 1204; x_wconf 81' lang='lat' dir='ltr'><strong>Georgius</strong></span> <span class='ocrx_word' id='word_1_33' title='bbox 1318 1123 1374 1186; x_wconf 87' lang='lat' dir='ltr'><strong>lilii</strong></span> <span class='ocrx_word' id='word_1_34' title='bbox 1398 1123 1537 1186; x_wconf 90' lang='lat' dir='ltr'><strong>condam</strong></span> 
     </span>
     <span class='ocr_line' id='line_1_6' title="bbox 277 1229 1542 1312; baseline 0.002 -22"><span class='ocrx_word' id='word_1_35' title='bbox 277 1230 367 1292; x_wconf 89' lang='lat' dir='ltr'><strong>Pauli</strong></span> <span class='ocrx_word' id='word_1_36' title='bbox 392 1229 546 1312; x_wconf 90' lang='lat' dir='ltr'><strong>sagiparis</strong></span> <span class='ocrx_word' id='word_1_37' title='bbox 569 1230 658 1312; x_wconf 92' lang='lat' dir='ltr'><strong>olym</strong></span> <span class='ocrx_word' id='word_1_38' title='bbox 686 1229 829 1292; x_wconf 87' lang='lat' dir='ltr'><strong>concivis</strong></span> <span class='ocrx_word' id='word_1_39' title='bbox 846 1230 955 1309; x_wconf 84' lang='lat' dir='ltr'><strong>nostri,</strong></span> <span class='ocrx_word' id='word_1_40' title='bbox 973 1231 1005 1292; x_wconf 90' lang='lat' dir='ltr'><strong>in</strong></span> <span class='ocrx_word' id='word_1_41' title='bbox 1024 1231 1132 1293; x_wconf 88' lang='lat' dir='ltr'><strong>studio</strong></span> <span class='ocrx_word' id='word_1_42' title='bbox 1150 1231 1312 1292; x_wconf 91' lang='lat' dir='ltr'><strong>literatum</strong></span> <span class='ocrx_word' id='word_1_43' title='bbox 1332 1230 1417 1293; x_wconf 91' lang='lat' dir='ltr'><strong>scole</strong></span> <span class='ocrx_word' id='word_1_44' title='bbox 1436 1245 1542 1294; x_wconf 92' lang='lat' dir='ltr'><strong>nostre</strong></span> 
     </span>
     <span class='ocr_line' id='line_1_7' title="bbox 278 1335 1541 1418; baseline 0 -20"><span class='ocrx_word' id='word_1_45' title='bbox 278 1336 518 1398; x_wconf 84' lang='lat' dir='ltr'><strong>communitatis</strong></span> <span class='ocrx_word' id='word_1_46' title='bbox 542 1336 573 1397; x_wconf 93' lang='lat' dir='ltr'><strong>in</strong></span> <span class='ocrx_word' id='word_1_47' title='bbox 599 1335 726 1397; x_wconf 91' lang='lat' dir='ltr'><strong>civitate</strong></span> <span class='ocrx_word' id='word_1_48' title='bbox 750 1335 892 1417; x_wconf 88' lang='lat' dir='ltr'><strong>predicta</strong></span> <span class='ocrx_word' id='word_1_49' title='bbox 916 1335 1024 1398; x_wconf 91' lang='lat' dir='ltr'><strong>habite</strong></span> <span class='ocrx_word' id='word_1_50' title='bbox 1041 1351 1290 1414; x_wconf 84' lang='lat' dir='ltr'><strong>commorantes,</strong></span> <span class='ocrx_word' id='word_1_51' title='bbox 1316 1336 1347 1398; x_wconf 93' lang='lat' dir='ltr'><strong>id</strong></span> <span class='ocrx_word' id='word_1_52' title='bbox 1371 1336 1464 1398; x_wconf 90' lang='lat' dir='ltr'><strong>nobis</strong></span> <span class='ocrx_word' id='word_1_53' title='bbox 1481 1335 1541 1418; x_wconf 89' lang='lat' dir='ltr'><strong>sig·</strong></span> 
     </span>
     <span class='ocr_line' id='line_1_8' title="bbox 278 1440 1540 1525; baseline 0.002 -22"><span class='ocrx_word' id='word_1_54' title='bbox 278 1440 407 1504; x_wconf 87' lang='lat' dir='ltr'><strong>nificare</strong></span> <span class='ocrx_word' id='word_1_55' title='bbox 440 1455 648 1521; x_wconf 90' lang='lat' dir='ltr'><strong>curaverunt,</strong></span> <span class='ocrx_word' id='word_1_56' title='bbox 680 1441 847 1523; x_wconf 91' lang='lat' dir='ltr'><strong>quomodo</strong></span> <span class='ocrx_word' id='word_1_57' title='bbox 879 1442 969 1505; x_wconf 91' lang='lat' dir='ltr'><strong>litere</strong></span> <span class='ocrx_word' id='word_1_58' title='bbox 1005 1455 1113 1504; x_wconf 89' lang='lat' dir='ltr'><strong>nostre</strong></span> <span class='ocrx_word' id='word_1_59' title='bbox 1144 1462 1201 1503; x_wconf 90' lang='lat' dir='ltr'><strong>seu</strong></span> <span class='ocrx_word' id='word_1_60' title='bbox 1234 1442 1369 1504; x_wconf 85' lang='lat' dir='ltr'><strong>civitatis</strong></span> <span class='ocrx_word' id='word_1_61' title='bbox 1401 1442 1540 1525; x_wconf 89' lang='lat' dir='ltr'><strong>predicte</strong></span> 
     </span>
     <span class='ocr_line' id='line_1_9' title="bbox 277 1547 1542 1632; baseline 0 -22"><span class='ocrx_word' id='word_1_62' title='bbox 277 1549 494 1631; x_wconf 90' lang='lat' dir='ltr'><strong>privilegiales</strong></span> <span class='ocrx_word' id='word_1_63' title='bbox 524 1567 582 1631; x_wconf 93' lang='lat' dir='ltr'><strong>pro</strong></span> <span class='ocrx_word' id='word_1_64' title='bbox 614 1561 702 1630; x_wconf 91' lang='lat' dir='ltr'><strong>parte</strong></span> <span class='ocrx_word' id='word_1_65' title='bbox 731 1547 845 1630; x_wconf 87' lang='lat' dir='ltr'><strong>prelati</strong></span> <span class='ocrx_word' id='word_1_66' title='bbox 878 1549 967 1610; x_wconf 90' lang='lat' dir='ltr'><strong>Pauli</strong></span> <span class='ocrx_word' id='word_1_67' title='bbox 1000 1549 1154 1630; x_wconf 88' lang='lat' dir='ltr'><strong>sagiparis</strong></span> <span class='ocrx_word' id='word_1_68' title='bbox 1178 1549 1275 1632; x_wconf 91' lang='lat' dir='ltr'><strong>patris</strong></span> <span class='ocrx_word' id='word_1_69' title='bbox 1310 1568 1422 1612; x_wconf 90' lang='lat' dir='ltr'><strong>eorum</strong></span> <span class='ocrx_word' id='word_1_70' title='bbox 1447 1567 1542 1632; x_wconf 88' lang='lat' dir='ltr'><strong>super</strong></span> 
     </span>
     <span class='ocr_line' id='line_1_10' title="bbox 277 1653 1539 1737; baseline 0 -21"><span class='ocrx_word' id='word_1_71' title='bbox 277 1655 418 1736; x_wconf 91' lang='lat' dir='ltr'><strong>quadam</strong></span> <span class='ocrx_word' id='word_1_72' title='bbox 442 1655 540 1716; x_wconf 94' lang='lat' dir='ltr'><strong>domo</strong></span> <span class='ocrx_word' id='word_1_73' title='bbox 565 1667 595 1716; x_wconf 90' lang='lat' dir='ltr'><strong>et</strong></span> <span class='ocrx_word' id='word_1_74' title='bbox 620 1653 722 1715; x_wconf 82' lang='lat' dir='ltr'><strong>fundo</strong></span> <span class='ocrx_word' id='word_1_75' title='bbox 747 1654 890 1716; x_wconf 89' lang='lat' dir='ltr'><strong>eiusdem</strong></span> <span class='ocrx_word' id='word_1_76' title='bbox 915 1654 1006 1716; x_wconf 89' lang='lat' dir='ltr'><strong>Pauli</strong></span> <span class='ocrx_word' id='word_1_77' title='bbox 1031 1655 1184 1737; x_wconf 87' lang='lat' dir='ltr'><strong>sagiparis</strong></span> <span class='ocrx_word' id='word_1_78' title='bbox 1220 1655 1317 1737; x_wconf 87' lang='lat' dir='ltr'><strong>patris</strong></span> <span class='ocrx_word' id='word_1_79' title='bbox 1341 1655 1483 1737; x_wconf 90' lang='lat' dir='ltr'><strong>ipsorum</strong></span> <span class='ocrx_word' id='word_1_80' title='bbox 1508 1654 1539 1716; x_wconf 91' lang='lat' dir='ltr'><strong>in</strong></span> 
     </span>
     <span class='ocr_line' id='line_1_11' title="bbox 278 1760 1536 1844; baseline 0.001 -23"><span class='ocrx_word' id='word_1_81' title='bbox 278 1761 433 1822; x_wconf 88' lang='lat' dir='ltr'><strong>suburbio</strong></span> <span class='ocrx_word' id='word_1_82' title='bbox 458 1761 593 1822; x_wconf 90' lang='lat' dir='ltr'><strong>civitatis</strong></span> <span class='ocrx_word' id='word_1_83' title='bbox 617 1761 650 1822; x_wconf 90' lang='lat' dir='ltr'><strong>in</strong></span> <span class='ocrx_word' id='word_1_84' title='bbox 666 1760 771 1844; x_wconf 90' lang='lat' dir='ltr'><strong>platea</strong></span> <span class='ocrx_word' id='word_1_85' title='bbox 788 1775 933 1823; x_wconf 88' lang='lat' dir='ltr'><strong>autorum</strong></span> <span class='ocrx_word' id='word_1_86' title='bbox 950 1760 1068 1839; x_wconf 89' lang='lat' dir='ltr'><strong>habita,</strong></span> <span class='ocrx_word' id='word_1_87' title='bbox 1093 1761 1178 1842; x_wconf 88' lang='lat' dir='ltr'><strong>ipsos</strong></span> <span class='ocrx_word' id='word_1_88' title='bbox 1194 1760 1319 1823; x_wconf 91' lang='lat' dir='ltr'><strong>scilicet</strong></span> <span class='ocrx_word' id='word_1_89' title='bbox 1344 1760 1536 1843; x_wconf 89' lang='lat' dir='ltr'><strong>Gregorium</strong></span> 
     </span>
     <span class='ocr_line' id='line_1_12' title="bbox 277 1865 1538 1949; baseline 0.001 -21"><span class='ocrx_word' id='word_1_90' title='bbox 277 1882 308 1928; x_wconf 89' lang='lat' dir='ltr'><strong>et</strong></span> <span class='ocrx_word' id='word_1_91' title='bbox 332 1865 509 1949; x_wconf 81' lang='lat' dir='ltr'><strong>Georgium</strong></span> <span class='ocrx_word' id='word_1_92' title='bbox 534 1867 677 1929; x_wconf 86' lang='lat' dir='ltr'><strong>literatos</strong></span> <span class='ocrx_word' id='word_1_93' title='bbox 701 1867 768 1948; x_wconf 80' lang='lat' dir='ltr'><strong>jure</strong></span> <span class='ocrx_word' id='word_1_94' title='bbox 790 1865 982 1928; x_wconf 90' lang='lat' dir='ltr'><strong>hereditario</strong></span> <span class='ocrx_word' id='word_1_95' title='bbox 1006 1866 1134 1948; x_wconf 87' lang='lat' dir='ltr'><strong>abipso</strong></span> <span class='ocrx_word' id='word_1_96' title='bbox 1158 1880 1246 1948; x_wconf 91' lang='lat' dir='ltr'><strong>patre</strong></span> <span class='ocrx_word' id='word_1_97' title='bbox 1271 1885 1384 1928; x_wconf 89' lang='lat' dir='ltr'><strong>eorum</strong></span> <span class='ocrx_word' id='word_1_98' title='bbox 1408 1887 1538 1929; x_wconf 90' lang='lat' dir='ltr'><strong>concer-</strong></span> 
     </span>
     <span class='ocr_line' id='line_1_13' title="bbox 278 1971 1542 2055; baseline -0.001 -21"><span class='ocrx_word' id='word_1_99' title='bbox 278 1987 417 2054; x_wconf 89' lang='lat' dir='ltr'><strong>nentem‚</strong></span> <span class='ocrx_word' id='word_1_100' title='bbox 442 1987 586 2055; x_wconf 91' lang='lat' dir='ltr'><strong>tempore</strong></span> <span class='ocrx_word' id='word_1_101' title='bbox 610 1973 861 2055; x_wconf 89' lang='lat' dir='ltr'><strong>expugnacionis</strong></span> <span class='ocrx_word' id='word_1_102' title='bbox 885 1972 1021 2034; x_wconf 88' lang='lat' dir='ltr'><strong>civitatis</strong></span> <span class='ocrx_word' id='word_1_103' title='bbox 1049 1971 1191 2054; x_wconf 90' lang='lat' dir='ltr'><strong>predicte</strong></span> <span class='ocrx_word' id='word_1_104' title='bbox 1216 1973 1352 2034; x_wconf 92' lang='lat' dir='ltr'><strong>omnino</strong></span> <span class='ocrx_word' id='word_1_105' title='bbox 1377 1971 1542 2055; x_wconf 91' lang='lat' dir='ltr'><strong>deperdite</strong></span> 
     </span>
     <span class='ocr_line' id='line_1_14' title="bbox 279 2077 1542 2161; baseline -0.001 -21"><span class='ocrx_word' id='word_1_106' title='bbox 279 2079 456 2141; x_wconf 87' lang='lat' dir='ltr'><strong>extitissent</strong></span> <span class='ocrx_word' id='word_1_107' title='bbox 479 2093 510 2140; x_wconf 92' lang='lat' dir='ltr'><strong>et</strong></span> <span class='ocrx_word' id='word_1_108' title='bbox 526 2079 565 2140; x_wconf 92' lang='lat' dir='ltr'><strong>ad</strong></span> <span class='ocrx_word' id='word_1_109' title='bbox 583 2079 699 2140; x_wconf 91' lang='lat' dir='ltr'><strong>trinam</strong></span> <span class='ocrx_word' id='word_1_110' title='bbox 716 2077 876 2141; x_wconf 81' lang='lat' dir='ltr'><strong>forensem</strong></span> <span class='ocrx_word' id='word_1_111' title='bbox 894 2092 925 2140; x_wconf 93' lang='lat' dir='ltr'><strong>et</strong></span> <span class='ocrx_word' id='word_1_112' title='bbox 941 2079 1104 2161; x_wconf 87' lang='lat' dir='ltr'><strong>publicam</strong></span> <span class='ocrx_word' id='word_1_113' title='bbox 1121 2078 1415 2161; x_wconf 83' lang='lat' dir='ltr'><strong>proclamacionem</strong></span> <span class='ocrx_word' id='word_1_114' title='bbox 1434 2097 1542 2161; x_wconf 91' lang='lat' dir='ltr'><strong>super·</strong></span> 
     </span>
     <span class='ocr_line' id='line_1_15' title="bbox 281 2183 1542 2268; baseline 0 -22"><span class='ocrx_word' id='word_1_115' title='bbox 281 2185 356 2246; x_wconf 88' lang='lat' dir='ltr'><strong>inde</strong></span> <span class='ocrx_word' id='word_1_116' title='bbox 381 2205 437 2268; x_wconf 91' lang='lat' dir='ltr'><strong>per</strong></span> <span class='ocrx_word' id='word_1_117' title='bbox 461 2205 520 2247; x_wconf 89' lang='lat' dir='ltr'><strong>nos</strong></span> <span class='ocrx_word' id='word_1_118' title='bbox 543 2183 609 2247; x_wconf 92' lang='lat' dir='ltr'><strong>fieri</strong></span> <span class='ocrx_word' id='word_1_119' title='bbox 635 2185 850 2264; x_wconf 88' lang='lat' dir='ltr'><strong>commissam,</strong></span> <span class='ocrx_word' id='word_1_120' title='bbox 875 2184 987 2247; x_wconf 90' lang='lat' dir='ltr'><strong>eedem</strong></span> <span class='ocrx_word' id='word_1_121' title='bbox 1005 2185 1094 2247; x_wconf 91' lang='lat' dir='ltr'><strong>litere</strong></span> <span class='ocrx_word' id='word_1_122' title='bbox 1116 2184 1332 2268; x_wconf 89' lang='lat' dir='ltr'><strong>privilegiales</strong></span> <span class='ocrx_word' id='word_1_123' title='bbox 1358 2183 1477 2246; x_wconf 93' lang='lat' dir='ltr'><strong>nullibi</strong></span> <span class='ocrx_word' id='word_1_124' title='bbox 1496 2185 1542 2246; x_wconf 93' lang='lat' dir='ltr'><strong>in-</strong></span> 
     </span>
     <span class='ocr_line' id='line_1_16' title="bbox 283 2290 1543 2375; baseline 0.001 -22"><span class='ocrx_word' id='word_1_125' title='bbox 283 2292 384 2353; x_wconf 92' lang='lat' dir='ltr'><strong>veniri</strong></span> <span class='ocrx_word' id='word_1_126' title='bbox 409 2304 593 2374; x_wconf 90' lang='lat' dir='ltr'><strong>potuerunt,</strong></span> <span class='ocrx_word' id='word_1_127' title='bbox 618 2291 756 2373; x_wconf 89' lang='lat' dir='ltr'><strong>ideoque</strong></span> <span class='ocrx_word' id='word_1_128' title='bbox 782 2311 841 2353; x_wconf 93' lang='lat' dir='ltr'><strong>nos</strong></span> <span class='ocrx_word' id='word_1_129' title='bbox 864 2291 1040 2374; x_wconf 88' lang='lat' dir='ltr'><strong>predictam</strong></span> <span class='ocrx_word' id='word_1_130' title='bbox 1069 2291 1203 2353; x_wconf 91' lang='lat' dir='ltr'><strong>domum</strong></span> <span class='ocrx_word' id='word_1_131' title='bbox 1228 2306 1259 2354; x_wconf 93' lang='lat' dir='ltr'><strong>et</strong></span> <span class='ocrx_word' id='word_1_132' title='bbox 1283 2290 1418 2354; x_wconf 90' lang='lat' dir='ltr'><strong>lundum</strong></span> <span class='ocrx_word' id='word_1_133' title='bbox 1445 2291 1543 2375; x_wconf 86' lang='lat' dir='ltr'><strong>ipsius</strong></span> 
     </span>
     <span class='ocr_line' id='line_1_17' title="bbox 282 2397 1542 2482; baseline -0.001 -21"><span class='ocrx_word' id='word_1_134' title='bbox 282 2399 373 2461; x_wconf 94' lang='lat' dir='ltr'><strong>Pauli</strong></span> <span class='ocrx_word' id='word_1_135' title='bbox 398 2399 553 2482; x_wconf 87' lang='lat' dir='ltr'><strong>sagiparis</strong></span> <span class='ocrx_word' id='word_1_136' title='bbox 577 2419 650 2460; x_wconf 90' lang='lat' dir='ltr'><strong>cum</strong></span> <span class='ocrx_word' id='word_1_137' title='bbox 674 2399 739 2460; x_wconf 89' lang='lat' dir='ltr'><strong>suis</strong></span> <span class='ocrx_word' id='word_1_138' title='bbox 769 2398 960 2460; x_wconf 87' lang='lat' dir='ltr'><strong>utilitatibus</strong></span> <span class='ocrx_word' id='word_1_139' title='bbox 986 2411 1016 2460; x_wconf 93' lang='lat' dir='ltr'><strong>et</strong></span> <span class='ocrx_word' id='word_1_140' title='bbox 1050 2397 1254 2481; x_wconf 86' lang='lat' dir='ltr'><strong>pertinenciis</strong></span> <span class='ocrx_word' id='word_1_141' title='bbox 1286 2398 1442 2460; x_wconf 87' lang='lat' dir='ltr'><strong>universis</strong></span> <span class='ocrx_word' id='word_1_142' title='bbox 1473 2417 1542 2481; x_wconf 93' lang='lat' dir='ltr'><strong>pre-</strong></span> 
     </span>
     <span class='ocr_line' id='line_1_18' title="bbox 281 2503 1543 2588; baseline 0 -22"><span class='ocrx_word' id='word_1_143' title='bbox 281 2504 352 2568; x_wconf 88' lang='lat' dir='ltr'><strong>latis</strong></span> <span class='ocrx_word' id='word_1_144' title='bbox 376 2505 591 2587; x_wconf 88' lang='lat' dir='ltr'><strong>Gregorio·et</strong></span> <span class='ocrx_word' id='word_1_145' title='bbox 614 2504 756 2586; x_wconf 88' lang='lat' dir='ltr'><strong>Georgio</strong></span> <span class='ocrx_word' id='word_1_146' title='bbox 780 2505 924 2584; x_wconf 89' lang='lat' dir='ltr'><strong>literatis,</strong></span> <span class='ocrx_word' id='word_1_147' title='bbox 947 2503 1021 2568; x_wconf 90' lang='lat' dir='ltr'><strong>filiis</strong></span> <span class='ocrx_word' id='word_1_148' title='bbox 1043 2505 1142 2587; x_wconf 88' lang='lat' dir='ltr'><strong>ipsius</strong></span> <span class='ocrx_word' id='word_1_149' title='bbox 1155 2504 1245 2566; x_wconf 89' lang='lat' dir='ltr'><strong>Pauli</strong></span> <span class='ocrx_word' id='word_1_150' title='bbox 1271 2505 1440 2588; x_wconf 89' lang='lat' dir='ltr'><strong>sagiparis,</strong></span> <span class='ocrx_word' id='word_1_151' title='bbox 1463 2517 1543 2567; x_wconf 91' lang='lat' dir='ltr'><strong>tam·</strong></span> 
     </span>
     <span class='ocr_line' id='line_1_19' title="bbox 279 2611 1539 2694; baseline -0.002 -20"><span class='ocrx_word' id='word_1_152' title='bbox 279 2631 376 2694; x_wconf 90' lang='lat' dir='ltr'><strong>quam</strong></span> <span class='ocrx_word' id='word_1_153' title='bbox 401 2612 502 2674; x_wconf 89' lang='lat' dir='ltr'><strong>unicis</strong></span> <span class='ocrx_word' id='word_1_154' title='bbox 525 2611 697 2674; x_wconf 90' lang='lat' dir='ltr'><strong>heredibus</strong></span> <span class='ocrx_word' id='word_1_155' title='bbox 720 2611 784 2673; x_wconf 88' lang='lat' dir='ltr'><strong>suia</strong></span> <span class='ocrx_word' id='word_1_156' title='bbox 808 2612 900 2674; x_wconf 91' lang='lat' dir='ltr'><strong>novis</strong></span> <span class='ocrx_word' id='word_1_157' title='bbox 932 2611 1048 2673; x_wconf 89' lang='lat' dir='ltr'><strong>nostris</strong></span> <span class='ocrx_word' id='word_1_158' title='bbox 1072 2611 1172 2672; x_wconf 90' lang='lat' dir='ltr'><strong>literis</strong></span> <span class='ocrx_word' id='word_1_159' title='bbox 1196 2611 1453 2693; x_wconf 90' lang='lat' dir='ltr'><strong>privilegialibus</strong></span> <span class='ocrx_word' id='word_1_160' title='bbox 1477 2623 1539 2672; x_wconf 90' lang='lat' dir='ltr'><strong>sta·</strong></span> 
     </span>
    </p>
   </div>
   <div class='ocr_carea' id='block_1_3' title="bbox 182 2716 1542 2806">
    <p class='ocr_par' dir='ltr' id='par_1_4' title="bbox 182 2716 1542 2806">
     <span class='ocr_line' id='line_1_20' title="bbox 182 2716 1542 2806; baseline -0.001 -24"><span class='ocrx_word' id='word_1_161' title='bbox 182 2801 184 2806; x_wconf 23' lang='grc' dir='ltr'>Ι</span> <span class='ocrx_word' id='word_1_162' title='bbox 280 2720 401 2782; x_wconf 89' lang='lat' dir='ltr'><strong>tuimus</strong></span> <span class='ocrx_word' id='word_1_163' title='bbox 424 2733 579 2803; x_wconf 90' lang='lat' dir='ltr'><strong>perpetuo</strong></span> <span class='ocrx_word' id='word_1_164' title='bbox 603 2718 830 2801; x_wconf 88' lang='lat' dir='ltr'><strong>possidendam</strong></span> <span class='ocrx_word' id='word_1_165' title='bbox 854 2731 885 2780; x_wconf 92' lang='lat' dir='ltr'><strong>et</strong></span> <span class='ocrx_word' id='word_1_166' title='bbox 909 2718 1216 2800; x_wconf 91' lang='lat' dir='ltr'><strong>quomodocumque</strong></span> <span class='ocrx_word' id='word_1_167' title='bbox 1246 2716 1410 2780; x_wconf 93' lang='lat' dir='ltr'><strong>voluerint</strong></span> <span class='ocrx_word' id='word_1_168' title='bbox 1434 2716 1542 2799; x_wconf 87' lang='lat' dir='ltr'><strong>diapo-</strong></span> 
     </span>
    </p>
   </div>
   <div class='ocr_carea' id='block_1_4' title="bbox 279 2823 1545 5145">
    <p class='ocr_par' dir='ltr' id='par_1_5' title="bbox 281 2823 1539 3016">
     <span class='ocr_line' id='line_1_21' title="bbox 281 2823 1539 2908; baseline -0.001 -21"><span class='ocrx_word' id='word_1_169' title='bbox 281 2825 420 2888; x_wconf 90' lang='lat' dir='ltr'><strong>nendam</strong></span> <span class='ocrx_word' id='word_1_170' title='bbox 438 2825 524 2907; x_wconf 88' lang='lat' dir='ltr'><strong>juxta</strong></span> <span class='ocrx_word' id='word_1_171' title='bbox 542 2825 766 2887; x_wconf 90' lang='lat' dir='ltr'><strong>condicionem</strong></span> <span class='ocrx_word' id='word_1_172' title='bbox 784 2825 920 2888; x_wconf 90' lang='lat' dir='ltr'><strong>civitatis</strong></span> <span class='ocrx_word' id='word_1_173' title='bbox 932 2837 1097 2908; x_wconf 88' lang='lat' dir='ltr'><strong>prenotate</strong></span> <span class='ocrx_word' id='word_1_174' title='bbox 1114 2825 1153 2886; x_wconf 92' lang='lat' dir='ltr'><strong>ab</strong></span> <span class='ocrx_word' id='word_1_175' title='bbox 1170 2824 1304 2906; x_wconf 88' lang='lat' dir='ltr'><strong>antiquo</strong></span> <span class='ocrx_word' id='word_1_176' title='bbox 1329 2823 1539 2907; x_wconf 86' lang='lat' dir='ltr'><strong>approbatam</strong></span> 
     </span>
     <span class='ocr_line' id='line_1_22' title="bbox 283 2930 836 3016; baseline -0.002 -22"><span class='ocrx_word' id='word_1_177' title='bbox 283 2933 412 2996; x_wconf 89' lang='lat' dir='ltr'><strong>nemine</strong></span> <span class='ocrx_word' id='word_1_178' title='bbox 436 2933 564 3016; x_wconf 91' lang='lat' dir='ltr'><strong>penitus</strong></span> <span class='ocrx_word' id='word_1_179' title='bbox 588 2930 836 2995; x_wconf 83' lang='lat' dir='ltr'><strong>contradicente.</strong></span> 
     </span>
    </p>

    <p class='ocr_par' dir='ltr' id='par_1_6' title="bbox 279 3035 1545 5145">
     <span class='ocr_line' id='line_1_23' title="bbox 386 3035 1537 3120; baseline -0.003 -19"><span class='ocrx_word' id='word_1_180' title='bbox 386 3039 464 3102; x_wconf 91' lang='lat' dir='ltr'><strong>ltem</strong></span> <span class='ocrx_word' id='word_1_181' title='bbox 482 3059 553 3101; x_wconf 92' lang='lat' dir='ltr'><strong>cum</strong></span> <span class='ocrx_word' id='word_1_182' title='bbox 579 3039 611 3100; x_wconf 92' lang='lat' dir='ltr'><strong>in</strong></span> <span class='ocrx_word' id='word_1_183' title='bbox 636 3050 734 3102; x_wconf 90' lang='lat' dir='ltr'><strong>estate</strong></span> <span class='ocrx_word' id='word_1_184' title='bbox 754 3037 898 3120; x_wconf 84' lang='lat' dir='ltr'><strong>proxime</strong></span> <span class='ocrx_word' id='word_1_185' title='bbox 922 3037 1071 3120; x_wconf 90' lang='lat' dir='ltr'><strong>preterita</strong></span> <span class='ocrx_word' id='word_1_186' title='bbox 1094 3035 1170 3098; x_wconf 85' lang='lat' dir='ltr'><strong>feria</strong></span> <span class='ocrx_word' id='word_1_187' title='bbox 1187 3049 1273 3100; x_wconf 83' lang='lat' dir='ltr'><strong>sexta</strong></span> <span class='ocrx_word' id='word_1_188' title='bbox 1298 3036 1442 3119; x_wconf 86' lang='lat' dir='ltr'><strong>proxima</strong></span> <span class='ocrx_word' id='word_1_189' title='bbox 1465 3049 1537 3120; x_wconf 91' lang='lat' dir='ltr'><strong>post</strong></span> 
     </span>
     <span class='ocr_line' id='line_1_24' title="bbox 280 3143 1532 3228; baseline -0.003 -20"><span class='ocrx_word' id='word_1_190' title='bbox 280 3146 395 3210; x_wconf 87' lang='lat' dir='ltr'><strong>lestum</strong></span> <span class='ocrx_word' id='word_1_191' title='bbox 421 3147 595 3209; x_wconf 88' lang='lat' dir='ltr'><strong>Divisionis</strong></span> <span class='ocrx_word' id='word_1_192' title='bbox 611 3146 831 3228; x_wconf 88' lang='lat' dir='ltr'><strong>apostolorum</strong></span> <span class='ocrx_word' id='word_1_193' title='bbox 855 3145 1056 3226; x_wconf 91' lang='lat' dir='ltr'><strong>aliquamdiu</strong></span> <span class='ocrx_word' id='word_1_194' title='bbox 1072 3144 1258 3227; x_wconf 90' lang='lat' dir='ltr'><strong>preteritum</strong></span> <span class='ocrx_word' id='word_1_195' title='bbox 1276 3143 1368 3223; x_wconf 88' lang='lat' dir='ltr'><strong>jurati</strong></span> <span class='ocrx_word' id='word_1_196' title='bbox 1386 3143 1532 3206; x_wconf 90' lang='lat' dir='ltr'><strong>moderni</strong></span> 
     </span>
     <span class='ocr_line' id='line_1_25' title="bbox 280 3250 1538 3336; baseline -0.002 -22"><span class='ocrx_word' id='word_1_197' title='bbox 280 3254 418 3315; x_wconf 90' lang='lat' dir='ltr'><strong>civitatis</strong></span> <span class='ocrx_word' id='word_1_198' title='bbox 449 3253 590 3336; x_wconf 90' lang='lat' dir='ltr'><strong>predicte</strong></span> <span class='ocrx_word' id='word_1_199' title='bbox 623 3253 716 3315; x_wconf 89' lang='lat' dir='ltr'><strong>Petro</strong></span> <span class='ocrx_word' id='word_1_200' title='bbox 745 3252 871 3314; x_wconf 89' lang='lat' dir='ltr'><strong>literato</strong></span> <span class='ocrx_word' id='word_1_201' title='bbox 903 3250 970 3313; x_wconf 89' lang='lat' dir='ltr'><strong>filio</strong></span> <span class='ocrx_word' id='word_1_202' title='bbox 1003 3251 1181 3314; x_wconf 84' lang='lat' dir='ltr'><strong>Sebastiam</strong></span> <span class='ocrx_word' id='word_1_203' title='bbox 1213 3251 1338 3312; x_wconf 89' lang='lat' dir='ltr'><strong>concivi</strong></span> <span class='ocrx_word' id='word_1_204' title='bbox 1364 3264 1473 3312; x_wconf 90' lang='lat' dir='ltr'><strong>nostro</strong></span> <span class='ocrx_word' id='word_1_205' title='bbox 1506 3251 1538 3311; x_wconf 95' lang='lat' dir='ltr'><strong>in</strong></span> 
     </span>
     <span class='ocr_line' id='line_1_26' title="bbox 281 3349 1538 3442; baseline -0.006 -18"><span class='ocrx_word' id='word_1_206' title='bbox 281 3381 375 3424; x_wconf 88' lang='lat' dir='ltr'><strong>causa</strong></span> <span class='ocrx_word' id='word_1_207' title='bbox 399 3373 431 3423; x_wconf 92' lang='lat' dir='ltr'><strong>et</strong></span> <span class='ocrx_word' id='word_1_208' title='bbox 455 3359 538 3422; x_wconf 90' lang='lat' dir='ltr'><strong>lacto</strong></span> <span class='ocrx_word' id='word_1_209' title='bbox 572 3349 775 3442; x_wconf 87' lang='lat' dir='ltr'><strong>repeticionis</strong></span> <span class='ocrx_word' id='word_1_210' title='bbox 805 3358 915 3440; x_wconf 92' lang='lat' dir='ltr'><strong>precii,</strong></span> <span class='ocrx_word' id='word_1_211' title='bbox 936 3357 1024 3440; x_wconf 93' lang='lat' dir='ltr'><strong>quod</strong></span> <span class='ocrx_word' id='word_1_212' title='bbox 1056 3356 1151 3420; x_wconf 86' lang='lat' dir='ltr'><strong>frater</strong></span> <span class='ocrx_word' id='word_1_213' title='bbox 1186 3357 1293 3438; x_wconf 86' lang='lat' dir='ltr'><strong>junior</strong></span> <span class='ocrx_word' id='word_1_214' title='bbox 1325 3356 1423 3440; x_wconf 89' lang='lat' dir='ltr'><strong>ipsius</strong></span> <span class='ocrx_word' id='word_1_215' title='bbox 1455 3357 1538 3418; x_wconf 90' lang='lat' dir='ltr'><strong>Petri</strong></span> 
     </span>
     <span class='ocr_line' id='line_1_27' title="bbox 282 3463 1540 3546; baseline -0.005 -16"><span class='ocrx_word' id='word_1_216' title='bbox 282 3468 398 3531; x_wconf 88' lang='lat' dir='ltr'><strong>literati</strong></span> <span class='ocrx_word' id='word_1_217' title='bbox 423 3468 554 3529; x_wconf 89' lang='lat' dir='ltr'><strong>nomine</strong></span> <span class='ocrx_word' id='word_1_218' title='bbox 580 3465 746 3527; x_wconf 86' lang='lat' dir='ltr'><strong>Emericus</strong></span> <span class='ocrx_word' id='word_1_219' title='bbox 769 3465 809 3526; x_wconf 86' lang='lat' dir='ltr'><strong>ab</strong></span> <span class='ocrx_word' id='word_1_220' title='bbox 834 3465 904 3546; x_wconf 91' lang='lat' dir='ltr'><strong>ipso</strong></span> <span class='ocrx_word' id='word_1_221' title='bbox 929 3465 1022 3526; x_wconf 86' lang='lat' dir='ltr'><strong>Petro</strong></span> <span class='ocrx_word' id='word_1_222' title='bbox 1047 3464 1173 3526; x_wconf 90' lang='lat' dir='ltr'><strong>literato</strong></span> <span class='ocrx_word' id='word_1_223' title='bbox 1197 3464 1324 3525; x_wconf 90' lang='lat' dir='ltr'><strong>racione</strong></span> <span class='ocrx_word' id='word_1_224' title='bbox 1349 3463 1474 3526; x_wconf 88' lang='lat' dir='ltr'><strong>servicii</strong></span> <span class='ocrx_word' id='word_1_225' title='bbox 1491 3463 1540 3525; x_wconf 91' lang='lat' dir='ltr'><strong>sui</strong></span> 
     </span>
     <span class='ocr_line' id='line_1_28' title="bbox 282 3551 1543 3657; baseline -0.004 -21"><span class='ocrx_word' id='word_1_226' title='bbox 282 3595 389 3637; x_wconf 90' lang='lat' dir='ltr'><strong>coram</strong></span> <span class='ocrx_word' id='word_1_227' title='bbox 414 3574 523 3657; x_wconf 89' lang='lat' dir='ltr'><strong>juratis</strong></span> <span class='ocrx_word' id='word_1_228' title='bbox 547 3571 695 3655; x_wconf 91' lang='lat' dir='ltr'><strong>predictis</strong></span> <span class='ocrx_word' id='word_1_229' title='bbox 709 3571 830 3651; x_wconf 85' lang='lat' dir='ltr'><strong>justicia</strong></span> <span class='ocrx_word' id='word_1_230' title='bbox 853 3570 1014 3632; x_wconf 87' lang='lat' dir='ltr'><strong>mediante</strong></span> <span class='ocrx_word' id='word_1_231' title='bbox 1032 3551 1285 3652; x_wconf 76' lang='lat' dir='ltr'><strong>prosequebatur</strong></span> <span class='ocrx_word' id='word_1_232' title='bbox 1314 3583 1344 3631; x_wconf 91' lang='lat' dir='ltr'><strong>et</strong></span> <span class='ocrx_word' id='word_1_233' title='bbox 1367 3569 1543 3652; x_wconf 89' lang='lat' dir='ltr'><strong>repetebat,</strong></span> 
     </span>
     <span class='ocr_line' id='line_1_29' title="bbox 280 3676 1542 3764; baseline -0.003 -22"><span class='ocrx_word' id='word_1_234' title='bbox 280 3702 375 3764; x_wconf 90' lang='lat' dir='ltr'><strong>super</strong></span> <span class='ocrx_word' id='word_1_235' title='bbox 400 3681 514 3743; x_wconf 90' lang='lat' dir='ltr'><strong>eodem</strong></span> <span class='ocrx_word' id='word_1_236' title='bbox 541 3681 634 3741; x_wconf 83' lang='lat' dir='ltr'><strong>Petro</strong></span> <span class='ocrx_word' id='word_1_237' title='bbox 659 3678 785 3740; x_wconf 88' lang='lat' dir='ltr'><strong>literato</strong></span> <span class='ocrx_word' id='word_1_238' title='bbox 809 3676 902 3738; x_wconf 86' lang='lat' dir='ltr'><strong>fratre</strong></span> <span class='ocrx_word' id='word_1_239' title='bbox 935 3696 994 3739; x_wconf 90' lang='lat' dir='ltr'><strong>suo</strong></span> <span class='ocrx_word' id='word_1_240' title='bbox 1019 3677 1234 3758; x_wconf 88' lang='lat' dir='ltr'><strong>juramentum</strong></span> <span class='ocrx_word' id='word_1_241' title='bbox 1258 3697 1354 3759; x_wconf 88' lang='lat' dir='ltr'><strong>super</strong></span> <span class='ocrx_word' id='word_1_242' title='bbox 1378 3696 1416 3738; x_wconf 90' lang='lat' dir='ltr'><strong>eo</strong></span> <span class='ocrx_word' id='word_1_243' title='bbox 1442 3677 1542 3758; x_wconf 94' lang='lat' dir='ltr'><strong>depo·</strong></span> 
     </span>
     <span class='ocr_line' id='line_1_30' title="bbox 281 3779 1540 3869; baseline -0.006 -19"><span class='ocrx_word' id='word_1_244' title='bbox 281 3808 357 3850; x_wconf 90' lang='lat' dir='ltr'><strong>nere</strong></span> <span class='ocrx_word' id='word_1_245' title='bbox 381 3802 411 3850; x_wconf 92' lang='lat' dir='ltr'><strong>et</strong></span> <span class='ocrx_word' id='word_1_246' title='bbox 436 3799 574 3869; x_wconf 91' lang='lat' dir='ltr'><strong>prestare</strong></span> <span class='ocrx_word' id='word_1_247' title='bbox 604 3784 850 3866; x_wconf 84' lang='lat' dir='ltr'><strong>adjudicassent,</strong></span> <span class='ocrx_word' id='word_1_248' title='bbox 883 3797 917 3845; x_wconf 93' lang='lat' dir='ltr'><strong>ut</strong></span> <span class='ocrx_word' id='word_1_249' title='bbox 949 3784 1015 3865; x_wconf 88' lang='lat' dir='ltr'><strong>ipse</strong></span> <span class='ocrx_word' id='word_1_250' title='bbox 1040 3784 1151 3845; x_wconf 91' lang='lat' dir='ltr'><strong>Petrus</strong></span> <span class='ocrx_word' id='word_1_251' title='bbox 1183 3783 1325 3844; x_wconf 92' lang='lat' dir='ltr'><strong>literatus</strong></span> <span class='ocrx_word' id='word_1_252' title='bbox 1349 3796 1463 3844; x_wconf 90' lang='lat' dir='ltr'><strong>octavo</strong></span> <span class='ocrx_word' id='word_1_253' title='bbox 1488 3779 1540 3842; x_wconf 91' lang='lat' dir='ltr'><strong>die</strong></span> 
     </span>
     <span class='ocr_line' id='line_1_31' title="bbox 280 3888 1543 3978; baseline -0.006 -22"><span class='ocrx_word' id='word_1_254' title='bbox 280 3895 422 3978; x_wconf 93' lang='lat' dir='ltr'><strong>predicte</strong></span> <span class='ocrx_word' id='word_1_255' title='bbox 442 3892 518 3955; x_wconf 84' lang='lat' dir='ltr'><strong>ferie</strong></span> <span class='ocrx_word' id='word_1_256' title='bbox 543 3904 629 3954; x_wconf 84' lang='lat' dir='ltr'><strong>sexte</strong></span> <span class='ocrx_word' id='word_1_257' title='bbox 653 3891 722 3952; x_wconf 88' lang='lat' dir='ltr'><strong>sola</strong></span> <span class='ocrx_word' id='word_1_258' title='bbox 738 3911 793 3952; x_wconf 87' lang='lat' dir='ltr'><strong>sua</strong></span> <span class='ocrx_word' id='word_1_259' title='bbox 820 3891 851 3951; x_wconf 93' lang='lat' dir='ltr'><strong>in</strong></span> <span class='ocrx_word' id='word_1_260' title='bbox 872 3909 1008 3971; x_wconf 89' lang='lat' dir='ltr'><strong>persona</strong></span> <span class='ocrx_word' id='word_1_261' title='bbox 1025 3903 1135 3951; x_wconf 90' lang='lat' dir='ltr'><strong>contra</strong></span> <span class='ocrx_word' id='word_1_262' title='bbox 1152 3889 1330 3970; x_wconf 91' lang='lat' dir='ltr'><strong>predictum</strong></span> <span class='ocrx_word' id='word_1_263' title='bbox 1359 3888 1543 3950; x_wconf 89' lang='lat' dir='ltr'><strong>Emericum</strong></span> 
     </span>
     <span class='ocr_line' id='line_1_32' title="bbox 281 3995 1541 4080; baseline -0.006 -17"><span class='ocrx_word' id='word_1_264' title='bbox 281 4001 409 4063; x_wconf 86' lang='lat' dir='ltr'><strong>fratrem</strong></span> <span class='ocrx_word' id='word_1_265' title='bbox 434 4019 528 4062; x_wconf 88' lang='lat' dir='ltr'><strong>suum</strong></span> <span class='ocrx_word' id='word_1_266' title='bbox 561 3998 718 4080; x_wconf 86' lang='lat' dir='ltr'><strong>juniorem</strong></span> <span class='ocrx_word' id='word_1_267' title='bbox 751 4017 847 4080; x_wconf 90' lang='lat' dir='ltr'><strong>super</strong></span> <span class='ocrx_word' id='word_1_268' title='bbox 878 4016 916 4058; x_wconf 93' lang='lat' dir='ltr'><strong>eo</strong></span> <span class='ocrx_word' id='word_1_269' title='bbox 941 3996 1043 4077; x_wconf 90' lang='lat' dir='ltr'><strong>jurare</strong></span> <span class='ocrx_word' id='word_1_270' title='bbox 1076 3996 1248 4074; x_wconf 86' lang='lat' dir='ltr'><strong>debuisset,</strong></span> <span class='ocrx_word' id='word_1_271' title='bbox 1281 4009 1314 4057; x_wconf 93' lang='lat' dir='ltr'><strong>ut</strong></span> <span class='ocrx_word' id='word_1_272' title='bbox 1339 3995 1406 4078; x_wconf 88' lang='lat' dir='ltr'><strong>ipse</strong></span> <span class='ocrx_word' id='word_1_273' title='bbox 1430 3995 1541 4056; x_wconf 89' lang='lat' dir='ltr'><strong>Petrus</strong></span> 
     </span>
     <span class='ocr_line' id='line_1_33' title="bbox 280 4101 1537 4188; baseline -0.006 -18"><span class='ocrx_word' id='word_1_274' title='bbox 280 4109 422 4170; x_wconf 90' lang='lat' dir='ltr'><strong>literatus</strong></span> <span class='ocrx_word' id='word_1_275' title='bbox 447 4104 570 4188; x_wconf 83' lang='lat' dir='ltr'><strong>prelato</strong></span> <span class='ocrx_word' id='word_1_276' title='bbox 595 4105 743 4166; x_wconf 91' lang='lat' dir='ltr'><strong>Emerico</strong></span> <span class='ocrx_word' id='word_1_277' title='bbox 768 4103 854 4166; x_wconf 84' lang='lat' dir='ltr'><strong>fratri</strong></span> <span class='ocrx_word' id='word_1_278' title='bbox 878 4123 936 4164; x_wconf 89' lang='lat' dir='ltr'><strong>suo</strong></span> <span class='ocrx_word' id='word_1_279' title='bbox 965 4103 1082 4186; x_wconf 81' lang='lat' dir='ltr'><strong>juniori</strong></span> <span class='ocrx_word' id='word_1_280' title='bbox 1107 4121 1164 4184; x_wconf 94' lang='lat' dir='ltr'><strong>pro</strong></span> <span class='ocrx_word' id='word_1_281' title='bbox 1196 4101 1304 4184; x_wconf 90' lang='lat' dir='ltr'><strong>precio</strong></span> <span class='ocrx_word' id='word_1_282' title='bbox 1328 4101 1453 4163; x_wconf 92' lang='lat' dir='ltr'><strong>servicii</strong></span> <span class='ocrx_word' id='word_1_283' title='bbox 1478 4101 1537 4180; x_wconf 92' lang='lat' dir='ltr'><strong>sui,</strong></span> 
     </span>
     <span class='ocr_line' id='line_1_34' title="bbox 281 4205 1544 4296; baseline -0.006 -20"><span class='ocrx_word' id='word_1_284' title='bbox 281 4234 346 4295; x_wconf 93' lang='lat' dir='ltr'><strong>quo</strong></span> <span class='ocrx_word' id='word_1_285' title='bbox 372 4213 438 4296; x_wconf 91' lang='lat' dir='ltr'><strong>ipse</strong></span> <span class='ocrx_word' id='word_1_286' title='bbox 463 4211 630 4274; x_wconf 90' lang='lat' dir='ltr'><strong>Emericus</strong></span> <span class='ocrx_word' id='word_1_287' title='bbox 653 4211 755 4273; x_wconf 92' lang='lat' dir='ltr'><strong>tribus</strong></span> <span class='ocrx_word' id='word_1_288' title='bbox 778 4210 870 4272; x_wconf 91' lang='lat' dir='ltr'><strong>annis</strong></span> <span class='ocrx_word' id='word_1_289' title='bbox 902 4209 962 4292; x_wconf 93' lang='lat' dir='ltr'><strong>ipsi</strong></span> <span class='ocrx_word' id='word_1_290' title='bbox 987 4209 1080 4270; x_wconf 90' lang='lat' dir='ltr'><strong>Petro</strong></span> <span class='ocrx_word' id='word_1_291' title='bbox 1113 4209 1238 4270; x_wconf 91' lang='lat' dir='ltr'><strong>literato</strong></span> <span class='ocrx_word' id='word_1_292' title='bbox 1275 4207 1360 4270; x_wconf 88' lang='lat' dir='ltr'><strong>fratri</strong></span> <span class='ocrx_word' id='word_1_293' title='bbox 1385 4227 1443 4269; x_wconf 89' lang='lat' dir='ltr'><strong>suo</strong></span> <span class='ocrx_word' id='word_1_294' title='bbox 1467 4205 1544 4269; x_wconf 88' lang='lat' dir='ltr'><strong>fide·</strong></span> 
     </span>
     <span class='ocr_line' id='line_1_35' title="bbox 280 4314 1544 4399; baseline -0.007 -17"><span class='ocrx_word' id='word_1_295' title='bbox 280 4321 351 4382; x_wconf 89' lang='lat' dir='ltr'><strong>liter</strong></span> <span class='ocrx_word' id='word_1_296' title='bbox 374 4319 565 4398; x_wconf 84' lang='lat' dir='ltr'><strong>servivisset,</strong></span> <span class='ocrx_word' id='word_1_297' title='bbox 589 4317 687 4380; x_wconf 90' lang='lat' dir='ltr'><strong>nichil</strong></span> <span class='ocrx_word' id='word_1_298' title='bbox 712 4317 839 4399; x_wconf 89' lang='lat' dir='ltr'><strong>penitus</strong></span> <span class='ocrx_word' id='word_1_299' title='bbox 858 4316 982 4378; x_wconf 90' lang='lat' dir='ltr'><strong>solvere</strong></span> <span class='ocrx_word' id='word_1_300' title='bbox 999 4315 1220 4397; x_wconf 88' lang='lat' dir='ltr'><strong>assumpsisset</strong></span> <span class='ocrx_word' id='word_1_301' title='bbox 1239 4333 1297 4376; x_wconf 90' lang='lat' dir='ltr'><strong>nec</strong></span> <span class='ocrx_word' id='word_1_302' title='bbox 1317 4314 1441 4376; x_wconf 90' lang='lat' dir='ltr'><strong>solvere</strong></span> <span class='ocrx_word' id='word_1_303' title='bbox 1457 4325 1544 4375; x_wconf 91' lang='lat' dir='ltr'><strong>tene·</strong></span> 
     </span>
     <span class='ocr_line' id='line_1_36' title="bbox 279 4419 1542 4506; baseline -0.005 -19"><span class='ocrx_word' id='word_1_304' title='bbox 279 4439 364 4488; x_wconf 92' lang='lat' dir='ltr'><strong>retur</strong></span> <span class='ocrx_word' id='word_1_305' title='bbox 388 4424 522 4506; x_wconf 88' lang='lat' dir='ltr'><strong>aliquid,</strong></span> <span class='ocrx_word' id='word_1_306' title='bbox 554 4437 585 4486; x_wconf 90' lang='lat' dir='ltr'><strong>et</strong></span> <span class='ocrx_word' id='word_1_307' title='bbox 607 4425 682 4505; x_wconf 91' lang='lat' dir='ltr'><strong>quia</strong></span> <span class='ocrx_word' id='word_1_308' title='bbox 707 4423 897 4485; x_wconf 90' lang='lat' dir='ltr'><strong>adveniente</strong></span> <span class='ocrx_word' id='word_1_309' title='bbox 922 4422 992 4504; x_wconf 91' lang='lat' dir='ltr'><strong>ipso</strong></span> <span class='ocrx_word' id='word_1_310' title='bbox 1025 4421 1164 4483; x_wconf 90' lang='lat' dir='ltr'><strong>termino</strong></span> <span class='ocrx_word' id='word_1_311' title='bbox 1188 4433 1219 4482; x_wconf 92' lang='lat' dir='ltr'><strong>et</strong></span> <span class='ocrx_word' id='word_1_312' title='bbox 1244 4419 1295 4482; x_wconf 92' lang='lat' dir='ltr'><strong>die</strong></span> <span class='ocrx_word' id='word_1_313' title='bbox 1325 4419 1542 4502; x_wconf 90' lang='lat' dir='ltr'><strong>deposicionis</strong></span> 
     </span>
     <span class='ocr_line' id='line_1_37' title="bbox 281 4525 1545 4613; baseline -0.005 -21"><span class='ocrx_word' id='word_1_314' title='bbox 281 4531 379 4613; x_wconf 90' lang='lat' dir='ltr'><strong>ipsius</strong></span> <span class='ocrx_word' id='word_1_315' title='bbox 403 4529 572 4610; x_wconf 87' lang='lat' dir='ltr'><strong>juramenti</strong></span> <span class='ocrx_word' id='word_1_316' title='bbox 609 4529 694 4591; x_wconf 90' lang='lat' dir='ltr'><strong>idem</strong></span> <span class='ocrx_word' id='word_1_317' title='bbox 720 4529 831 4590; x_wconf 88' lang='lat' dir='ltr'><strong>Petrus</strong></span> <span class='ocrx_word' id='word_1_318' title='bbox 855 4529 997 4590; x_wconf 89' lang='lat' dir='ltr'><strong>literatus</strong></span> <span class='ocrx_word' id='word_1_319' title='bbox 1026 4527 1130 4610; x_wconf 90' lang='lat' dir='ltr'><strong>ipsum</strong></span> <span class='ocrx_word' id='word_1_320' title='bbox 1155 4526 1379 4606; x_wconf 90' lang='lat' dir='ltr'><strong>juramentum</strong></span> <span class='ocrx_word' id='word_1_321' title='bbox 1404 4525 1464 4586; x_wconf 91' lang='lat' dir='ltr'><strong>sibi</strong></span> <span class='ocrx_word' id='word_1_322' title='bbox 1488 4545 1545 4608; x_wconf 89' lang='lat' dir='ltr'><strong>per</strong></span> 
     </span>
     <span class='ocr_line' id='line_1_38' title="bbox 279 4631 1542 4720; baseline -0.006 -21"><span class='ocrx_word' id='word_1_323' title='bbox 279 4637 440 4720; x_wconf 90' lang='lat' dir='ltr'><strong>predictos</strong></span> <span class='ocrx_word' id='word_1_324' title='bbox 464 4636 583 4717; x_wconf 85' lang='lat' dir='ltr'><strong>juratos</strong></span> <span class='ocrx_word' id='word_1_325' title='bbox 606 4635 826 4717; x_wconf 88' lang='lat' dir='ltr'><strong>adjudicatum</strong></span> <span class='ocrx_word' id='word_1_326' title='bbox 848 4655 913 4696; x_wconf 92' lang='lat' dir='ltr'><strong>non</strong></span> <span class='ocrx_word' id='word_1_327' title='bbox 942 4635 1091 4717; x_wconf 89' lang='lat' dir='ltr'><strong>deposuit</strong></span> <span class='ocrx_word' id='word_1_328' title='bbox 1115 4653 1174 4695; x_wconf 89' lang='lat' dir='ltr'><strong>nec</strong></span> <span class='ocrx_word' id='word_1_329' title='bbox 1198 4633 1350 4716; x_wconf 90' lang='lat' dir='ltr'><strong>prestitit,</strong></span> <span class='ocrx_word' id='word_1_330' title='bbox 1374 4631 1430 4694; x_wconf 89' lang='lat' dir='ltr'><strong>sed</strong></span> <span class='ocrx_word' id='word_1_331' title='bbox 1454 4652 1487 4694; x_wconf 90' lang='lat' dir='ltr'><strong>se</strong></span> <span class='ocrx_word' id='word_1_332' title='bbox 1511 4631 1542 4693; x_wconf 93' lang='lat' dir='ltr'><strong>in</strong></span> 
     </span>
     <span class='ocr_line' id='line_1_39' title="bbox 280 4738 1541 4826; baseline -0.006 -20"><span class='ocrx_word' id='word_1_333' title='bbox 280 4743 389 4807; x_wconf 92' lang='lat' dir='ltr'><strong>debito</strong></span> <span class='ocrx_word' id='word_1_334' title='bbox 415 4744 512 4826; x_wconf 88' lang='lat' dir='ltr'><strong>ipsius</strong></span> <span class='ocrx_word' id='word_1_335' title='bbox 535 4743 633 4825; x_wconf 88' lang='lat' dir='ltr'><strong>precii</strong></span> <span class='ocrx_word' id='word_1_336' title='bbox 666 4743 772 4804; x_wconf 89' lang='lat' dir='ltr'><strong>eidem</strong></span> <span class='ocrx_word' id='word_1_337' title='bbox 798 4741 947 4804; x_wconf 88' lang='lat' dir='ltr'><strong>Emerico</strong></span> <span class='ocrx_word' id='word_1_338' title='bbox 981 4740 1068 4802; x_wconf 90' lang='lat' dir='ltr'><strong>lratri</strong></span> <span class='ocrx_word' id='word_1_339' title='bbox 1093 4760 1152 4801; x_wconf 89' lang='lat' dir='ltr'><strong>suo</strong></span> <span class='ocrx_word' id='word_1_340' title='bbox 1187 4739 1218 4801; x_wconf 95' lang='lat' dir='ltr'><strong>in</strong></span> <span class='ocrx_word' id='word_1_341' title='bbox 1244 4759 1309 4801; x_wconf 92' lang='lat' dir='ltr'><strong>non</strong></span> <span class='ocrx_word' id='word_1_342' title='bbox 1335 4738 1541 4820; x_wconf 89' lang='lat' dir='ltr'><strong>deposicioue</strong></span> 
     </span>
     <span class='ocr_line' id='line_1_40' title="bbox 281 4843 1539 4933; baseline -0.006 -21"><span class='ocrx_word' id='word_1_343' title='bbox 281 4851 380 4933; x_wconf 91' lang='lat' dir='ltr'><strong>ipsius</strong></span> <span class='ocrx_word' id='word_1_344' title='bbox 392 4849 562 4932; x_wconf 91' lang='lat' dir='ltr'><strong>juramenti</strong></span> <span class='ocrx_word' id='word_1_345' title='bbox 580 4849 759 4912; x_wconf 89' lang='lat' dir='ltr'><strong>debitorem</strong></span> <span class='ocrx_word' id='word_1_346' title='bbox 773 4847 841 4910; x_wconf 84' lang='lat' dir='ltr'><strong>fore</strong></span> <span class='ocrx_word' id='word_1_347' title='bbox 858 4847 1004 4910; x_wconf 90' lang='lat' dir='ltr'><strong>submisit</strong></span> <span class='ocrx_word' id='word_1_348' title='bbox 1017 4862 1047 4909; x_wconf 90' lang='lat' dir='ltr'><strong>et</strong></span> <span class='ocrx_word' id='word_1_349' title='bbox 1064 4846 1211 4909; x_wconf 89' lang='lat' dir='ltr'><strong>convinci</strong></span> <span class='ocrx_word' id='word_1_350' title='bbox 1229 4845 1381 4926; x_wconf 89' lang='lat' dir='ltr'><strong>permisit,</strong></span> <span class='ocrx_word' id='word_1_351' title='bbox 1399 4843 1539 4926; x_wconf 92' lang='lat' dir='ltr'><strong>ideoque</strong></span> 
     </span>
     <span class='ocr_line' id='line_1_41' title="bbox 282 4950 1541 5040; baseline -0.005 -23"><span class='ocrx_word' id='word_1_352' title='bbox 282 4957 340 5040; x_wconf 94' lang='lat' dir='ltr'><strong>ipsi</strong></span> <span class='ocrx_word' id='word_1_353' title='bbox 373 4956 465 5039; x_wconf 91' lang='lat' dir='ltr'><strong>jurati</strong></span> <span class='ocrx_word' id='word_1_354' title='bbox 497 4954 656 5039; x_wconf 85' lang='lat' dir='ltr'><strong>prefatum</strong></span> <span class='ocrx_word' id='word_1_355' title='bbox 688 4955 831 5038; x_wconf 90' lang='lat' dir='ltr'><strong>precium</strong></span> <span class='ocrx_word' id='word_1_356' title='bbox 863 4952 997 5036; x_wconf 92' lang='lat' dir='ltr'><strong>predicti</strong></span> <span class='ocrx_word' id='word_1_357' title='bbox 1029 4953 1153 5015; x_wconf 88' lang='lat' dir='ltr'><strong>servicii</strong></span> <span class='ocrx_word' id='word_1_358' title='bbox 1186 4951 1285 5034; x_wconf 88' lang='lat' dir='ltr'><strong>ipsius</strong></span> <span class='ocrx_word' id='word_1_359' title='bbox 1314 4950 1451 5013; x_wconf 91' lang='lat' dir='ltr'><strong>Emerici</strong></span> <span class='ocrx_word' id='word_1_360' title='bbox 1484 4969 1541 5032; x_wconf 92' lang='lat' dir='ltr'><strong>per</strong></span> 
     </span>
     <span class='ocr_line' id='line_1_42' title="bbox 282 5055 1543 5145; baseline -0.006 -21"><span class='ocrx_word' id='word_1_361' title='bbox 282 5062 420 5125; x_wconf 90' lang='lat' dir='ltr'><strong>eundem</strong></span> <span class='ocrx_word' id='word_1_362' title='bbox 446 5062 629 5124; x_wconf 87' lang='lat' dir='ltr'><strong>Emericum</strong></span> <span class='ocrx_word' id='word_1_363' title='bbox 653 5081 710 5145; x_wconf 94' lang='lat' dir='ltr'><strong>per</strong></span> <span class='ocrx_word' id='word_1_364' title='bbox 733 5075 795 5123; x_wconf 91' lang='lat' dir='ltr'><strong>tres</strong></span> <span class='ocrx_word' id='word_1_365' title='bbox 820 5079 922 5123; x_wconf 92' lang='lat' dir='ltr'><strong>annos</strong></span> <span class='ocrx_word' id='word_1_366' title='bbox 945 5061 1115 5122; x_wconf 90' lang='lat' dir='ltr'><strong>continuos</strong></span> <span class='ocrx_word' id='word_1_367' title='bbox 1140 5059 1199 5142; x_wconf 92' lang='lat' dir='ltr'><strong>ipsi</strong></span> <span class='ocrx_word' id='word_1_368' title='bbox 1228 5059 1322 5120; x_wconf 87' lang='lat' dir='ltr'><strong>Petro</strong></span> <span class='ocrx_word' id='word_1_369' title='bbox 1346 5056 1472 5120; x_wconf 89' lang='lat' dir='ltr'><strong>literato</strong></span> <span class='ocrx_word' id='word_1_370' title='bbox 1496 5055 1543 5117; x_wconf 93' lang='lat' dir='ltr'><strong>in·</strong></span> 
     </span>
    </p>
   </div>
   <div class='ocr_carea' id='block_1_5' title="bbox 0 0 1943 5796">
    <p class='ocr_par' dir='ltr' id='par_1_7' title="bbox 0 0 1943 5796">
     <span class='ocr_line' id='line_1_43' title="bbox 0 0 1943 5796; baseline 0 0"><span class='ocrx_word' id='word_1_371' title='bbox 0 0 1943 5796; x_wconf 95' lang='lat' dir='ltr'><strong> </strong></span> 
     </span>
    </p>
   </div>
  </div>
 </body>
</html>
