3876 5798
384 567 445 646 356
747 571 832 625 Anno
856 581 946 645 1442.
973 602 1012 612 —
1036 582 1088 630 20.
1109 568 1267 644 januarii.

487 779 565 840 Item
590 779 664 860 quia
691 777 850 860 Georgius
873 779 1003 841 sellator
1027 778 1112 842 filius
1137 779 1276 858 Thome,
1307 779 1476 860 habitator,
1501 782 1646 863 civisque

382 885 519 948 civitatis
551 884 691 966 predicte
717 885 749 946 id
782 904 855 946 cum
887 884 1057 948 sufficienti
1090 899 1121 948 et
1152 885 1318 966 fidedigno
1354 901 1536 949 nostrorum
1569 908 1648 950 con·

382 991 502 1052 civium
534 989 719 1050 testimonio
753 990 785 1050 in
809 990 884 1051 sede
916 1003 1021 1052 nostra
1054 990 1219 1070 judiciaria
1243 991 1276 1052 id
1306 991 1390 1053 clare
1422 995 1648 1075 comprobavit

382 1117 488 1160 coram
515 1097 619 1174 nobis,
644 1109 679 1157 ut
703 1096 780 1157 dum
805 1097 939 1179 provida
960 1097 1097 1158 condam
1122 1097 1238 1159 mulier
1262 1097 1363 1159 Elena
1388 1113 1511 1178 vocata,
1535 1099 1647 1161 relicta

382 1204 519 1266 condam
544 1203 700 1264 Anthonii
718 1203 859 1281 cultoris,
885 1203 915 1264 in
934 1203 1085 1266 extremis
1097 1203 1160 1264 vite
1177 1224 1232 1266 sue
1256 1205 1443 1286 temporalis
1460 1206 1646 1284 laborasset,

380 1324 456 1372 tunc
483 1311 549 1391 ipsa
574 1308 747 1391 quamdam
774 1309 908 1370 domurn
932 1329 1022 1371 suam
1047 1329 1120 1371 cum
1153 1309 1254 1372 fundu
1279 1325 1310 1372 et
1334 1309 1489 1372 hedificiis
1515 1313 1546 1372 in
1570 1311 1644 1372 vico

381 1417 531 1478 exteriori
556 1414 796 1496 lucifigulorum
829 1415 981 1493 habitam,
1013 1435 1085 1477 cum
1118 1417 1183 1477 suis
1214 1417 1419 1499 pertinenciis
1443 1417 1578 1478 Nicolao
1616 1430 1648 1477 et

382 1523 512 1605 Matbye
544 1521 618 1583 filiis
648 1521 723 1600 suis,
755 1521 780 1582 si
804 1540 906 1602 usque
938 1522 1079 1584 adultam
1109 1535 1140 1584 et
1164 1537 1322 1584 maturam
1353 1523 1497 1605 ipsorum
1529 1535 1646 1584 etatem

380 1629 596 1713 pervenerint,
614 1628 782 1709 legavisset
800 1627 866 1706 jure
890 1627 1077 1711 perbennali
1096 1628 1335 1710 possidendam,
1359 1629 1384 1689 si
1402 1641 1510 1690 autem
1528 1628 1646 1689 mortui
1716 1698 1721 1704 ¹

382 1736 501 1798 fuerint
525 1749 597 1798 ante
622 1734 802 1816 predictum
826 1747 953 1817 tempus
977 1735 1068 1796 etatis
1099 1754 1211 1796 eorum
1243 1734 1363 1812 adulte,
1386 1748 1462 1796 tunc
1485 1735 1647 1816 predictus

384 1841 543 1922 Georgius
568 1841 698 1902 sellator
732 1854 937 1901 conservator
965 1840 1108 1923 ipsorum
1140 1860 1326 1923 puerorum,
1349 1841 1486 1902 eandem
1510 1840 1645 1900 domurn

382 1965 413 2012 et
437 1948 573 2011 fundum
599 1967 634 2010 ac
651 1945 798 2008 hedificia
815 1946 931 2008 habeat
947 1947 1085 2008 vendere
1109 1960 1140 2009 et
1156 1967 1214 2029 pro
1231 1948 1401 2009 animabus
1425 1947 1523 2030 ipsius
1541 1946 1642 2007 Elene

382 2069 413 2119 et
437 2056 596 2117 dictorum
622 2072 796 2136 puerorum
821 2073 857 2114 ac
885 2053 1146 2135 predecessorum
1172 2073 1284 2115 eorum
1309 2053 1488 2136 expendere
1513 2053 1646 2126 debeat;

384 2165 523 2244 ideoque
555 2161 631 2243 quia
664 2160 723 2242 ipsi
755 2159 845 2240 pueri
878 2179 934 2220 seu
966 2158 1021 2221 filii
1051 2160 1150 2241 ipsius
1174 2159 1275 2220 Elene
1300 2159 1443 2220 mulieris
1474 2172 1547 2220 ante
1571 2177 1642 2239 pre-

381 2271 501 2331 dictum
525 2283 651 2349 tempus
675 2285 786 2328 eorum
802 2266 910 2326 adulte
935 2266 1026 2328 etatis
1042 2267 1082 2326 ab
1106 2265 1165 2327 hac
1187 2267 1256 2328 luce
1274 2267 1400 2348 penitus
1425 2266 1640 2343 decesserunt,

381 2376 557 2458 predictam
581 2373 715 2434 domum
734 2385 765 2433 et
787 2369 923 2433 fundum
949 2385 980 2433 et
1003 2371 1149 2433 hedificia
1167 2372 1267 2455 ipsius
1292 2371 1392 2435 Elene
1409 2372 1553 2434 mulieris
1570 2391 1643 2433 cum

379 2483 444 2543 suis
467 2479 671 2562 pertinenciis
694 2477 839 2560 predicto
864 2477 1007 2560 Georgio
1038 2478 1179 2539 sellatori
1211 2479 1340 2560 plenam
1365 2478 1526 2540 vendendi
1551 2478 1638 2538 attri-

380 2588 509 2650 buimus
533 2584 728 2646 facultatem.

486 2711 563 2771 ltem
588 2710 663 2790 quia
689 2708 790 2768 Elena
822 2708 930 2768 relicta
963 2707 1100 2768 condam
1134 2707 1265 2788 Georgii
1291 2709 1373 2790 Zzyr
1400 2707 1488 2786 dicti,
1513 2707 1544 2767 id
1569 2727 1642 2767 cum

378 2816 547 2879 sufficienti
572 2830 603 2876 et
627 2813 790 2894 fidedigno
807 2814 988 2875 concivium
1010 2827 1192 2875 nostrorum
1210 2814 1396 2875 testimonio
1421 2833 1528 2875 coram
1546 2813 1642 2874 nobis

380 2925 411 2984 in
437 2923 557 3004 judicio
586 2921 668 2982 clare
699 2919 931 3001 comprobavit,
962 2932 997 2981 ut
1025 2919 1102 2980 dum
1134 2918 1276 3001 prefatus
1308 2919 1469 3001 Georgius
1501 2921 1584 3002 Zzyr
1608 2919 1641 2979 in

379 3029 527 3091 extremis
551 3029 613 3090 vite
637 3047 693 3088 sue
716 3027 903 3108 temporalis
919 3025 1103 3105 laborasset,
1126 3039 1202 3087 tunc
1220 3027 1286 3108 ipse
1304 3025 1512 3087 medietatem
1538 3026 1643 3086 cuius-

380 3137 453 3198 dam
478 3136 605 3212 domus,
631 3132 721 3194 fundi
746 3146 777 3194 et
805 3133 924 3194 cellarii
957 3133 1154 3194 subterranei
1179 3151 1237 3194 nec
1269 3152 1334 3194 non
1360 3131 1583 3194 hedificiorum
1609 3132 1641 3192 in

379 3243 451 3303 vico
475 3241 574 3323 ipsius
596 3239 732 3301 civitatis
756 3239 903 3300 exteriori
928 3258 984 3299 seu
1015 3239 1120 3320 platea
1145 3251 1290 3300 sutorum
1322 3239 1440 3312 habite,
1465 3238 1568 3320 ipsum
1593 3237 1641 3318 ju-

379 3348 477 3408 ridice
502 3359 761 3424 concernentem,
778 3365 875 3406 unam
893 3359 1037 3425 quartam
1056 3345 1143 3405 curie
1160 3345 1192 3406 in
1217 3365 1250 3406 se
1267 3345 1498 3423 continentem,
1521 3342 1643 3426 prefate

379 3455 479 3515 Elene
505 3453 612 3514 relicte
637 3465 668 3514 et
692 3451 868 3534 Elyzabeth
886 3450 950 3512 filie
975 3471 1010 3512 ac
1034 3451 1198 3512 Demetrio
1215 3449 1282 3512 filio
1298 3451 1364 3512 suis
1386 3451 1555 3532 legavisset
1571 3449 1641 3530 jure

380 3559 569 3641 perbennali
595 3557 840 3640 possidendam;
866 3569 896 3618 et
912 3557 989 3637 quia
1013 3556 1103 3618 litere
1120 3556 1336 3639 privilegiales
1352 3577 1411 3639 pro
1436 3570 1524 3638 parte
1541 3556 1642 3637 ipsius

382 3665 516 3747 Georgii
542 3667 624 3748 Zzyr
648 3683 742 3746 super
766 3664 832 3746 ipsa
865 3663 1036 3724 medietate
1069 3663 1152 3725 dicte
1177 3663 1303 3742 domus,
1337 3662 1438 3741 fundi,
1464 3663 1585 3724 cellarii
1611 3677 1643 3723 et

378 3771 600 3834 hedificiorum
625 3769 770 3832 confecte
794 3783 825 3832 et
857 3783 1013 3848 emanate,
1045 3783 1191 3851 tempore
1224 3768 1476 3851 expugnacionis
1505 3769 1642 3830 civitatis

377 3877 518 3960 predicte
543 3875 724 3960 nuperrime
750 3896 844 3958 super
868 3877 969 3958 ipsam
994 3876 1154 3937 civitatem
1180 3874 1271 3954 facte,
1292 3888 1366 3937 sunt
1390 3875 1560 3936 casualiter
1585 3873 1639 3936 de-

378 3983 511 4065 perdite,
536 4003 599 4064 que
624 3981 663 4042 ad
687 3984 804 4044 trinam
830 3982 988 4043 forensem
1017 3983 1180 4064 publicam
1213 3981 1506 4064 proclamacionem
1531 4000 1641 4062 super-

380 4090 455 4150 inde
481 4089 635 4170 legittime
661 4087 787 4168 iactam,
812 4089 925 4150 eedem
949 4089 1040 4150 litere
1072 4089 1287 4170 privilegiales
1311 4088 1402 4149 nullo
1428 4088 1527 4148 modo
1551 4101 1641 4168 pote-

377 4209 450 4256 runt
483 4195 639 4274 inveniri,
675 4195 814 4276 ideoque
850 4214 909 4255 nos
940 4195 1115 4276 predictam
1148 4195 1352 4256 medietatem
1385 4193 1485 4275 ipsius
1513 4191 1639 4270 domus,

377 4301 479 4379 fundi,
510 4301 696 4382 cellariique
728 4302 924 4362 subterranei
962 4313 992 4362 et
1027 4299 1261 4378 hedificiorum,
1297 4299 1484 4380 porcionem
1521 4298 1640 4359 scilicet

377 4409 475 4489 ipsius
500 4407 634 4488 Georgii
660 4408 751 4489 Zzyr,
777 4427 873 4468 unam
899 4421 1044 4488 quartam
1077 4407 1163 4467 curie
1188 4406 1220 4467 in
1245 4425 1278 4466 se
1310 4405 1539 4482 continentem,
1564 4423 1637 4465 cum

375 4514 538 4596 premissis
562 4513 686 4574 cunctis
710 4513 774 4573 suis
799 4513 990 4573 utilitatibus
1022 4526 1053 4574 et
1077 4512 1282 4593 pertinenciis
1312 4512 1469 4572 universis
1493 4511 1637 4594 predicte

376 4621 477 4682 Elene
502 4620 609 4681 relicte
641 4631 671 4681 et
706 4618 882 4700 Elyzabeth
915 4619 979 4680 filie
1012 4639 1047 4680 ac
1080 4619 1245 4680 Demetrio
1269 4617 1336 4680 filio
1369 4618 1469 4700 ipsius
1501 4618 1637 4679 condam

376 4728 508 4809 Georgii
533 4729 615 4810 Zzyr
650 4747 685 4788 ac
718 4746 773 4808 per
809 4746 863 4787 eos
899 4725 1041 4808 ipsorum
1079 4725 1252 4787 heredibus
1282 4725 1451 4787 statuimus
1482 4737 1638 4806 perpetuo

375 4833 602 4916 possidendam
628 4847 659 4894 et
683 4832 991 4914 quomodocumque
1023 4831 1161 4894 voluerit
1190 4831 1427 4914 disponendam
1451 4829 1538 4911 juxta
1562 4850 1637 4892 con·

375 4940 536 5000 dicionem
561 4940 698 5000 civitatis
720 4951 897 5019 prenotate.
