3734 5796
452 558 512 618 268
837 563 1034 640 Ann01437.
1062 597 1100 606 -
1125 578 1175 625 22.
1199 567 1310 626 martii.

449 773 566 835 nostris
590 774 707 835 similia
731 774 887 836 maleficia
912 773 1022 836 iecerit
1049 789 1103 835 aut
1135 778 1363 857 perpetraverit
1394 791 1426 839 et
1448 778 1615 860 superinde
1637 799 1685 840 res·

448 879 528 942 citus
552 895 583 942 et
606 881 772 942 convictus
796 879 900 958 fuerit,
925 883 992 943 sive
1010 883 1051 943 sit
1074 883 1205 943 masculi
1224 884 1288 943 sive
1313 881 1443 946 feminei
1468 905 1570 964 sexus,
1595 899 1686 946 extunc

447 1005 505 1067 pro
539 987 642 1068 prima
675 988 901 1050 commissione
934 987 1117 1050 huiusmodi
1152 987 1300 1050 maleficii
1329 991 1376 1051 sui
1405 991 1508 1053 solvat
1539 1007 1596 1072 pro
1622 1010 1685 1072 pena

446 1095 610 1174 sexaginta
635 1093 793 1171 denarios,
818 1109 849 1157 et
873 1115 931 1176 pro
955 1095 1094 1156 secunda
1128 1096 1354 1158 commissione
1386 1117 1441 1158 seu
1467 1099 1683 1178 perpetracione

446 1199 608 1261 talismodi
643 1199 789 1262 maleficii
822 1202 925 1262 solvat
960 1221 1017 1283 pro
1048 1221 1129 1283 pena
1161 1216 1225 1263 tres
1255 1223 1369 1284 pensas
1401 1204 1613 1282 denariorum,
1640 1223 1683 1285 pro

445 1307 540 1368 tercia
566 1308 806 1388 perpetracione
824 1329 880 1370 seu
912 1309 1138 1370 commissione
1157 1309 1336 1370 istiusmodi
1364 1309 1511 1370 maleficii
1528 1309 1624 1370 solvat
1638 1327 1683 1390 pro

447 1431 530 1494 pena
548 1433 600 1474 scx
619 1433 733 1496 pensas
757 1414 973 1493 denariorum,
998 1435 1055 1497 pro
1073 1429 1184 1496 quarta
1201 1434 1277 1476 vero
1295 1417 1537 1497 perpetracione
1560 1415 1683 1476 huiusce·

445 1519 533 1579 modi
559 1519 708 1581 maleficii
735 1521 881 1582 similiter
905 1521 990 1600 juxta
1015 1536 1161 1582 contenta
1184 1522 1426 1603 privilegiorum
1444 1537 1619 1582 nostrorum
1640 1541 1684 1602 pu·

445 1625 549 1686 niatur
574 1626 604 1686 in
633 1645 769 1708 persona
795 1643 825 1688 er
857 1627 887 1688 in
921 1630 1026 1705 rebus,
1049 1628 1074 1687 si
1107 1647 1182 1688 vero
1208 1647 1281 1689 cum
1305 1647 1371 1709 quo
1404 1628 1528 1690 solvere
1553 1648 1611 1688 non
1640 1627 1682 1686 ha-

445 1732 548 1792 buerit
572 1753 627 1794 seu
652 1753 717 1793 non
742 1735 892 1814 potuerit,
917 1749 1031 1796 extunc
1049 1754 1106 1814 pro
1128 1735 1263 1815 singulis
1287 1734 1398 1795 decem
1416 1735 1556 1795 denariis
1578 1733 1683 1814 singula

443 1855 506 1897 una
532 1837 584 1898 die
610 1839 640 1899 in
666 1859 788 1900 carcere
813 1843 1052 1902 communitatis
1074 1861 1162 1902 more
1179 1842 1275 1903 solito
1300 1842 1470 1903 crudeliter
1495 1843 1635 1923 puniatur
1649 1861 1680 1900 ne

443 1944 517 2004 talin
542 1943 699 2007 maleficia
724 1947 763 2007 de
788 1961 893 2008 cetero
918 1946 1020 2008 lacere
1045 1963 1076 2008 et
1100 1948 1298 2008 committere
1327 1963 1508 2029 presumat,
1533 1963 1562 2009 et
1583 1949 1630 2009 alii
1651 1948 1681 2007 de

443 2049 603 2112 similibus
630 2051 796 2114 maleficiis
819 2073 852 2114 se
869 2053 972 2114 arcius
994 2054 1144 2116 studeant
1161 2074 1339 2135 precavere,
1365 2055 1436 2117 etsi
1463 2055 1535 2135 quis
1557 2054 1682 2114 similiter

444 2176 501 2238 pro
526 2158 582 2220 tali
608 2159 729 2220 inclino
753 2180 809 2222 seu
839 2159 1011 2242 jobagione
1043 2175 1097 2222 aut
1128 2162 1246 2223 inclina
1271 2175 1325 2223 aut
1357 2161 1571 2242 jobagionissa
1595 2175 1681 2222 nostra

443 2263 503 2324 sibi
528 2283 583 2326 seu
609 2266 685 2346 ipsis
709 2279 763 2327 aut
786 2266 904 2328 talibus
928 2265 1189 2329 malefactoribus
1223 2269 1363 2349 graciam
1389 2289 1405 2328 a
1430 2268 1524 2329 nobis
1548 2269 1682 2350 inpetrare

442 2373 679 2452 attemptaverit
702 2393 757 2434 seu
783 2373 930 2452 voluerit,
956 2393 1031 2434 mox
1055 2373 1166 2435 eadem
1185 2393 1266 2456 pena
1291 2374 1454 2456 subjaceat
1474 2375 1680 2435 irremissioua·

442 2476 547 2537 bilirer
571 2477 827 2561 condempnatus
851 2479 942 2541 nullo
974 2480 1034 2540 sibi
1066 2480 1210 2542 remedio
1235 2481 1423 2562 quorumvis
1453 2480 1635 2562 suffragante
1656 2479 1680 2540 in

440 2581 499 2644 hac
524 2597 622 2664 parte.

478 2819 575 2895 Feria
604 2831 702 2895 sexta
730 2828 885 2916 proxima
914 2834 991 2915 post
1027 2827 1150 2898 festum
1178 2829 1288 2898 sancti
1319 2825 1487 2897 Benedicti
1519 2827 1647 2899 abbatis.

972 2995 1037 3077 (22.
1062 2999 1183 3075 marin).

544 3154 622 3215 Item
647 3155 722 3236 quia
746 3154 862 3216 Vrsula
886 3157 1002 3218 mulier
1018 3155 1082 3217 lilia
1107 3155 1244 3218 condam
1264 3155 1416 3238 Stephani
1442 3154 1594 3217 tributarii
1615 3171 1677 3214 con·

443 3283 511 3322 sors
543 3262 699 3343 legittima
733 3263 865 3324 Fabiani
898 3264 1028 3324 cultoris
1057 3277 1129 3345 post
1152 3263 1441 3345 proscripcionem‚
1466 3282 1530 3343 qua
1557 3275 1679 3341 tempore

439 3367 597 3448 judicatus
620 3368 755 3429 secundi
780 3369 905 3431 Nicolai
929 3369 1053 3451 pridem
1078 3369 1192 3450 judicis
1209 3369 1413 3450 concivisque
1438 3370 1537 3430 nostri
1561 3365 1610 3428 filii
1632 3364 1678 3426 Fa-

439 3473 526 3534 biani
551 3474 590 3534 de
615 3494 701 3534 anno
727 3475 851 3536 domini
876 3475 1050 3536 millesimo
1068 3475 1385 3557 quadringentesimo
1410 3475 1569 3537 tricesimo
1584 3472 1678 3554 quinto

437 3581 583 3662 proxime
608 3582 759 3661 preterito
777 3595 907 3662 propter
931 3581 1050 3643 lurtum
1081 3583 1255 3664 proscripta
1273 3581 1385 3660 fuerat,
1408 3602 1516 3643 rursus
1532 3596 1561 3642 et
1582 3581 1677 3641 iterum

438 3687 584 3766 pluribus
617 3687 740 3748 vicibus
773 3688 804 3748 in
838 3687 928 3749 lurtis
959 3689 1106 3770 plurimis
1141 3685 1308 3750 manifeste
1339 3701 1462 3770 reperta
1494 3703 1549 3766 est,
1571 3697 1678 3768 propter

438 3813 501 3873 que
526 3814 581 3854 sua
607 3793 763 3855 maleficia
782 3795 844 3874 jam
871 3798 990 3876 absque
1015 3796 1104 3856 omni
1122 3795 1338 3856 misericordia
1364 3794 1450 3875 juxta
1467 3814 1524 3856 sua
1547 3789 1677 3853 demerita

437 3920 552 3982 penam
578 3921 674 3982 quam
700 3901 858 3963 demeruit
882 3903 1036 3982 consequi
1068 3902 1173 3980 debet,
1206 3901 1280 3963 ideo
1312 3901 1397 3981 juxta
1421 3899 1675 3982 adjudicaeioneru

437 4007 613 4088 juratorum
638 4008 751 4068 eadem
769 4008 883 4070 Vrsula
907 4028 979 4070 cum
998 4009 1139 4070 auricula
1161 4029 1224 4070 una
1249 4008 1339 4070 clavo
1356 4007 1460 4070 ferreo
1485 4008 1525 4069 ad
1550 4004 1674 4069 eculeum

437 4135 493 4174 seu
518 4113 556 4174 ad
575 4113 828 4176 mediascianum
847 4115 1086 4176 communitatis
1102 4113 1188 4196 alfigi
1207 4127 1238 4176 et
1253 4114 1374 4197 percuti
1393 4113 1499 4192 debet,
1523 4128 1553 4174 et
1568 4110 1675 4173 tandem

436 4222 570 4302 turpiter
595 4222 718 4283 baculis
740 4221 779 4282 de
805 4221 931 4283 civitate
956 4222 1078 4283 eteius
1105 4222 1265 4282 territorio
1297 4220 1431 4302 turpiter
1462 4220 1575 4302 expelli
1595 4215 1675 4276 debet

437 4349 492 4408 per
518 4348 688 4409 preconem
715 4328 974 4404 communitatis;
999 4340 1029 4389 et
1052 4327 1126 4408 quia
1147 4328 1213 4408 ipsa
1231 4327 1344 4388 Vrsula
1368 4346 1425 4408 per
1449 4327 1550 4408 ipsam
1572 4318 1674 4402 adjudi-

437 4435 601 4494 cacionem
620 4434 795 4514 juratorum
813 4435 856 4495 sic
884 4447 930 4495 est
954 4434 1039 4514 juxta
1060 4455 1117 4495 sua
1141 4433 1294 4496 demerita
1319 4433 1430 4515 punita
1455 4447 1485 4494 et
1510 4429 1627 4514 expulsa
1643 4425 1674 4484 de

436 4541 562 4602 civitate
588 4554 618 4601 et
644 4541 712 4601 eius
736 4541 908 4618 territori0‚
933 4540 1072 4622 ideoque
1104 4540 1144 4600 de
1168 4554 1274 4601 cetero
1299 4551 1330 4600 et
1353 4557 1409 4621 per
1432 4539 1570 4620 amplius
1590 4547 1673 4612 usque

436 4647 475 4708 ad
500 4661 636 4708 mortem
663 4666 751 4707 suam
777 4647 816 4707 ad
842 4647 1002 4709 civitatem
1028 4647 1149 4708 eteius
1176 4647 1372 4708 territorium
1397 4665 1496 4728 penes
1519 4641 1671 4726 predictam

436 4754 713 4834 adjudicacionem
740 4753 916 4832 juratorum
941 4773 1106 4835 nunquam
1140 4753 1278 4834 amplius
1311 4753 1406 4814 debet
1434 4753 1559 4830 intrare,
1580 4741 1672 4828 quesi

436 4863 466 4921 in
492 4861 619 4921 civitate
643 4873 674 4919 et
698 4861 765 4920 eius
789 4861 948 4920 territorio
972 4861 1169 4941 deprehensa
1194 4860 1300 4936 fuerit,
1325 4878 1399 4920 mox
1416 4878 1532 4940 penam
1558 4848 1669 4939 patibuli

436 4968 541 5031 subire
566 4984 596 5027 ct
621 4967 684 5050 pati
710 4967 805 5028 deber
830 4967 920 5028 nullo
944 4967 1004 5031 sibi
1027 4967 1170 5030 remedio
1195 4963 1386 5048 suffragante
1414 4967 1445 5026 in
1471 4966 1528 5027 hac
1551 4972 1635 5046 parte.
