3734 5796
440 569 502 632 272
822 553 909 610 Anno
931 564 1020 629 1437.
1047 587 1086 596 —
1112 550 1143 613 ό.
1167 553 1338 626 septembris.

545 763 620 824 Item
646 765 719 846 quia
747 763 906 844 Georgius
928 778 1080 846 purgator
1106 766 1288 846 gladiorum
1314 765 1392 825 alias
1416 765 1557 826 concivis
1582 777 1684 841 noster,

439 883 567 950 propter
584 869 703 931 furtum
729 871 894 952 quoddam
924 871 1012 951 quod
1034 871 1066 931 in
1084 873 1305 934 subtraccione
1330 871 1543 952 quarumdam
1561 871 1683 932 ollarum

438 975 603 1036 cuiusdam
644 975 793 1057 lutifiguli
832 977 917 1038 idem
954 975 1114 1059 Georgius
1153 992 1319 1060 reppertus
1354 993 1400 1039 est
1435 977 1629 1038 commisisse
1661 989 1684 1037 et

438 1095 568 1162 propter
593 1082 695 1163 ipsum
722 1080 841 1143 lurtum
867 1083 906 1143 de
938 1083 1066 1144 civitate
1090 1097 1121 1145 et
1154 1085 1221 1145 eius
1244 1085 1405 1146 territorio
1437 1081 1581 1165 profugit
1604 1080 1683 1158 foras,

439 1187 590 1268 idemque
614 1188 652 1248 ad
671 1189 786 1248 trinam
812 1203 842 1248 et
859 1190 989 1270 insuper
1006 1189 1105 1250 eciam
1128 1191 1168 1251 ad
1186 1203 1330 1272 quartam
1350 1188 1508 1250 forensem
1534 1187 1681 1270 publicam

438 1293 730 1376 proclamacionem
755 1294 793 1354 ad
813 1295 1064 1376 comparendum
1092 1310 1122 1358 et
1146 1298 1186 1358 ad
1204 1296 1446 1380 expurgandum
1462 1315 1494 1355 se
1513 1293 1640 1376 juridice
1662 1307 1687 1353 et

439 1401 594 1480 legittime
619 1401 835 1481 proclamatus
863 1421 927 1462 non
962 1403 1049 1463 venit
1080 1423 1186 1484 neque
1211 1403 1399 1484 comparuit,
1432 1401 1506 1464 ideo
1531 1401 1631 1482 ipsum
1660 1401 1685 1458 in

439 1522 617 1588 presentem
643 1521 787 1568 nostrum
817 1525 1022 1570 communem
1056 1511 1222 1570 laternum
1253 1510 1359 1570 taliter
1389 1509 1542 1589 proscribi
1568 1506 1686 1568 lecimus

439 1615 686 1691 committentes,
719 1628 753 1675 ut
785 1614 980 1694 ubicumque
1014 1615 1080 1696 ipse
1110 1615 1269 1696 Georgius
1293 1630 1323 1676 et
1355 1615 1623 1696 quandocumque
1652 1611 1684 1671 de

438 1737 544 1782 cetero
569 1735 600 1782 et
624 1741 679 1802 per
703 1722 841 1802 amplius
866 1722 896 1782 in
922 1722 1048 1782 civitate
1073 1735 1104 1784 et
1134 1724 1202 1783 eius
1226 1722 1385 1782 territorio
1417 1719 1612 1803 deprehendi
1634 1737 1684 1800 po·

438 1828 520 1904 terit,
546 1847 619 1888 mor
644 1827 728 1906 juxta
754 1847 810 1888 sua
836 1828 988 1888 demerita
1008 1847 1123 1910 penam
1140 1848 1238 1909 quam
1263 1829 1458 1890 demeruerit
1474 1841 1684 1907 consequetur.

545 1935 621 1996 ltem
647 1934 739 2015 jurati
765 1935 1027 2014 adjudicaverunt
1052 1935 1267 2012 juramentum
1293 1937 1379 1997 Luce
1404 1935 1529 1998 Croaco
1548 1950 1579 1996 et
1605 1933 1686 1995 sociis

438 2040 504 2100 suis
537 2041 569 2100 in
602 2041 694 2101 litera
727 2040 970 2122 inpignoraticia
1004 2059 1098 2124 super
1133 2041 1325 2123 quibusdam
1358 2042 1555 2104 stacionibus
1586 2057 1682 2100 eorum

439 2147 563 2208 Briccio
588 2147 737 2228 piscatori
771 2147 1014 2228 inpignoraticie
1047 2147 1191 2209 confecta
1224 2163 1436 2225 stemmata,
1468 2147 1631 2224 contentis,
1654 2163 1686 2205 eo

441 2255 550 2331 modo,
576 2267 610 2314 ut
642 2253 701 2335 ipsi
732 2267 847 2315 octavo
877 2254 928 2314 die
960 2273 1056 2336 super
1088 2273 1175 2316 aram
1199 2275 1295 2336 super
1320 2274 1359 2316 eo
1390 2267 1500 2316 contra
1524 2253 1685 2336 predictum

440 2360 598 2421 Briccium
612 2360 801 2441 piscatorem
820 2359 923 2440 jurare
940 2361 1068 2440 debent,
1086 2361 1174 2442 quod
1192 2361 1250 2443 ipsi
1268 2361 1390 2422 nullam
1409 2359 1579 2443 pecuniam
1595 2377 1686 2438 neque

442 2483 555 2526 aurum
581 2485 686 2546 neque
711 2465 811 2527 eciam
829 2479 1008 2547 argentum,
1032 2486 1138 2548 neque
1162 2467 1240 2528 alias
1264 2486 1313 2528 res
1335 2467 1472 2528 mobiles
1494 2466 1609 2527 habent
1624 2481 1685 2524 curn

440 2573 558 2653 quibus
583 2572 666 2653 ipsas
690 2571 848 2633 staciones
871 2592 889 2633 a
913 2572 1036 2653 prelato
1054 2573 1177 2634 Briccio
1202 2574 1358 2656 piscatore
1376 2573 1534 2634 redimere
1552 2583 1687 2654 posseut;

440 2695 471 2742 et
495 2679 571 2739 dum
598 2678 781 2758 juraverint,
814 2691 889 2740 tunc
922 2679 990 2760 ipse
1022 2679 1164 2742 Briccius
1195 2681 1294 2742 dictas
1324 2681 1482 2743 staciones
1513 2697 1570 2762 pro
1591 2675 1686 2754 tantis,

441 2805 498 2866 pro
522 2785 640 2866 quibus
663 2799 736 2846 sunt
760 2784 820 2846 sibi
845 2786 876 2845 in
901 2786 1047 2867 pignore,
1080 2787 1139 2848 erit
1162 2786 1243 2848 liber
1267 2787 1357 2850 alteri
1382 2787 1628 2868 reinpignorare.

548 2891 625 2952 Item
650 2891 725 2972 quia
750 2891 903 2952 Nicolaus
927 2891 1030 2953 dictus
1054 2892 1200 2954 Petinich
1232 2906 1362 2976 propter
1391 2891 1512 2954 furtum
1536 2888 1686 2953 cuiusdam

442 2999 528 3080 equi,
553 3017 649 3079 quem
675 2997 842 3058 Ladislaus
859 2996 943 3059 filius
967 2998 1052 3060 iwan
1068 2999 1126 3060 filii
1152 2999 1237 3062 lwan
1256 3000 1295 3062 de
1313 3001 1535 3081 Brezowycza,
1551 2997 1687 3059 dominus

439 3105 539 3187 ipsius
562 3105 699 3182 Nicolai,
723 3105 881 3166 asserebat
897 3123 1003 3166 coram
1026 3106 1119 3166 nobis
1136 3126 1192 3188 per
1209 3106 1313 3188 ipsum
1335 3123 1463 3168 servum
1487 3123 1578 3166 suum
1601 3102 1685 3164 Nico-

441 3212 528 3272 laum
554 3209 621 3271 fore
646 3212 853 3289 subtractum,
878 3211 918 3270 ad
942 3211 1193 3293 comparendum
1220 3213 1260 3274 ad
1285 3212 1441 3292 justiciam
1472 3225 1503 3273 et
1525 3210 1564 3272 ad
1586 3226 1686 3290 expur-

440 3317 582 3398 gandum
608 3338 641 3378 se
666 3317 705 3377 de
730 3317 799 3398 ipso
825 3315 908 3378 lurtu
935 3317 973 3377 ad
1007 3318 1123 3379 trinam
1147 3337 1258 3401 ymmo
1283 3319 1384 3380 eciam
1416 3318 1456 3379 ad
1481 3329 1620 3399 quartam
1645 3313 1685 3374 fo·

441 3443 565 3486 rensem
591 3423 752 3506 publicam
779 3423 1070 3504 proclamacionem
1089 3426 1245 3506 legittime
1266 3439 1297 3486 et
1321 3426 1378 3488 rite
1402 3425 1611 3506 proclamatus
1626 3439 1684 3480 uon

439 3531 527 3591 venit
551 3549 609 3591 nec
626 3530 805 3610 comparuit
828 3549 935 3591 coram
953 3531 1057 3608 nobis,
1082 3531 1156 3592 ideo
1178 3533 1282 3615 ipsum
1301 3531 1332 3592 in
1356 3545 1537 3614 presentem
1553 3543 1682 3591 nostrum

441 3641 605 3699 katernum
631 3655 837 3698 communem
863 3637 1016 3717 proscribi
1049 3635 1184 3700 fecimus
1210 3639 1315 3700 taliter
1346 3639 1587 3714 committentes,
1610 3647 1641 3695 ut
1662 3633 1683 3693 si

442 3743 481 3805 de
508 3758 612 3803 cetero
637 3757 667 3804 et
691 3742 908 3823 peramplius
941 3744 972 3804 in
1000 3745 1125 3806 civitate
1158 3746 1280 3808 eteius
1311 3746 1471 3806 territorio
1504 3739 1682 3825 deprehendi

439 3849 565 3933 poterit,
583 3869 656 3909 mox
674 3848 759 3928 juxta
773 3867 828 3909 sua
843 3849 996 3911 demerita
1013 3869 1130 3932 penam
1149 3871 1245 3933 quam
1264 3851 1458 3913 demeruerit
1474 3859 1682 3929 consequetur.

494 4071 589 4144 Feria
617 4080 715 4143 serta
743 4075 896 4160 proxima
927 4083 1005 4144 aute
1032 4074 1155 4146 festum
1184 4071 1383 4143 Nativitatis
1421 4071 1518 4142 beate
1546 4068 1639 4139 ilaris

915 4217 1046 4286 semper
1073 4199 1226 4286 virginis.

937 4346 981 4423 (ό.
1012 4351 1197 4425 septembris).

547 4490 624 4551 ltem
649 4489 813 4551 Balthasar
837 4490 944 4551 citavit
970 4489 1132 4572 Mathyam
1163 4488 1290 4550 Philecz
1321 4489 1525 4568 secundario,
1549 4486 1680 4564 idemque

443 4597 588 4679 Mathyas
613 4611 721 4657 contra
746 4597 850 4677 ipsum
876 4597 1040 4657 Balthasar
1063 4595 1253 4657 secundario
1282 4595 1395 4658 citatus
1419 4615 1484 4657 non
1510 4589 1679 4673 comparuit.

546 4703 622 4763 ltem
650 4702 795 4783 Mathyas
813 4702 931 4762 Farkas
952 4715 1061 4763 contra
1080 4700 1280 4764 Demetrium
1304 4700 1443 4782 juratum
1467 4703 1568 4784 primo
1583 4698 1681 4757 citatus

442 4829 507 4870 non
533 4809 721 4889 comparuit.

548 4916 625 4976 item
650 4935 775 4976 causam
802 4933 897 4995 quam
924 4915 1073 4995 magister
1098 4914 1236 4975 lacobus
1253 4913 1414 4995 cirologus
1437 4928 1594 4996 tamquam
1617 4927 1679 4991 pto·

442 5035 567 5084 curator
592 5022 766 5102 legittimus
791 5021 950 5082 Leonardi
974 5021 1072 5082 Italici
1096 5022 1174 5082 alias
1198 5020 1290 5103 jurati
1309 5035 1340 5082 et
1363 5021 1505 5083 concivis
1528 5016 1615 5082 nostri
1630 5014 1677 5076 filii
