3678 5800
443 538 506 616 246
818 535 1018 616 Anno1436.
1042 571 1085 582 -—
1108 550 1158 616 27.
1174 541 1325 615 januan'r'.

442 748 558 812 defleat
582 761 670 810 etse
694 748 734 810 de
758 763 864 811 cetero
888 749 980 810 malis
1004 749 1190 812 hominibus
1214 769 1278 810 non
1303 749 1448 827 associet,
1474 763 1560 811 etse
1586 751 1706 812 talibus
1813 773 1815 830 g

441 855 492 918 vel
517 855 588 917 aliis
612 856 705 917 malis
735 875 792 938 per
822 856 962 938 amplius
993 876 1058 918 non
1092 857 1232 938 inplicet,
1256 855 1311 938 qui
1336 857 1362 917 si
1394 855 1433 916 de
1458 871 1566 918 cetero
1592 857 1704 918 eadem

442 973 497 1024 aut
520 961 582 1024 alia
606 961 691 1024 mala
707 962 944 1045 perpetraverit,
963 962 995 1024 in
1010 962 1237 1043 territorioque
1254 962 1390 1024 civitatis
1406 977 1512 1025 nostre
1538 977 1703 1046 prenotate

442 1067 472 1130 in
498 1067 657 1129 similibus
688 1081 742 1130 aut
774 1069 846 1130 aliis
870 1066 959 1130 lactis
990 1069 1056 1130 suis
1078 1069 1171 1130 malis
1202 1067 1400 1152 deprehendi
1431 1071 1559 1152 poterit,
1592 1085 1703 1134 extunc

441 1193 516 1236 mox
540 1173 626 1254 juxta
650 1194 707 1236 sua
731 1174 885 1236 demerita
917 1195 1033 1257 penam
1065 1175 1214 1258 supplicii
1247 1195 1344 1258 quam
1377 1176 1571 1239 demeruerit
1595 1197 1702 1240 conse-

441 1293 556 1362 quetur
580 1283 700 1363 absque
725 1281 814 1342 omni
841 1281 1059 1344 misericordia
1083 1295 1114 1343 et
1137 1282 1280 1344 remedio
1304 1282 1448 1364 aliquali.

441 1514 538 1590 Feria
565 1525 665 1590 sexta
702 1519 856 1608 proxima
884 1527 960 1608 post
996 1519 1119 1591 festum
1147 1520 1237 1591 beati
1266 1519 1362 1592 Pauli
1396 1523 1495 1610 primi
1525 1519 1699 1592 Heremite.

850 1670 914 1752 (13.
938 1671 1092 1749 januan'r',
1115 1692 1186 1734 ann.
1210 1670 1316 1751 1436).

548 1813 628 1875 ltem
652 1814 761 1896 Zayko
779 1810 956 1893 lutifigulus
971 1825 1081 1875 contra
1107 1811 1238 1875 Gallum
1256 1813 1444 1876 monoclum
1460 1813 1567 1897 primo
1592 1813 1698 1875 citatus

441 1939 506 1982 non
530 1920 720 2002 comparuit.

546 2026 624 2088 ltem
648 2024 742 2109 Gyan
767 2026 878 2087 Semer
901 2039 1012 2087 contra
1036 2027 1166 2088 Petrum
1189 2026 1376 2090 servitorem
1400 2027 1561 2090 Leonardi
1598 2027 1695 2110 primo

441 2133 555 2196 citatus
578 2152 645 2194 non
671 2132 860 2215 comparuit.

550 2239 628 2300 ltem
653 2239 800 2320 quamvis
822 2237 937 2300 Vrsula
962 2238 1026 2300 filia
1051 2238 1188 2301 condam
1206 2237 1360 2322 Stephani
1384 2239 1541 2301 tributarii
1568 2239 1600 2300 in
1617 2238 1693 2300 furtu

441 2345 615 2408 manifesto
638 2357 762 2427 reperta
786 2358 832 2406 est
864 2365 900 2406 ex
925 2359 1042 2420 acerm,
1067 2359 1098 2406 et
1128 2346 1203 2408 licet
1233 2366 1291 2428 pro
1317 2344 1504 2406 huiusmodi
1536 2343 1619 2406 facto
1642 2364 1693 2406 suo

444 2452 530 2514 malo
562 2471 678 2534 penam
711 2452 950 2514 demeritorium
982 2472 1081 2534 penes
1111 2452 1270 2534 justiciam
1297 2466 1328 2514 et
1358 2453 1538 2515 libertatem
1562 2466 1692 2513 nostram

440 2559 674 2642 privilegiatam
691 2560 756 2642 pati
773 2559 945 2638 debuisset,
961 2572 1069 2620 tamen
1087 2560 1161 2642 quia
1179 2579 1235 2642 per
1251 2560 1358 2641 plures
1375 2561 1493 2641 probos
1509 2574 1541 2620 et
1557 2559 1692 2641 ydoneos

440 2686 476 2728 ac
500 2665 756 2728 conscienciosos
779 2665 864 2726 viros
889 2665 982 2726 nobis
1006 2666 1038 2726 in
1063 2685 1103 2727 eo
1127 2685 1185 2748 pro
1217 2665 1329 2728 eadem
1354 2665 1468 2726 Vrsula
1494 2685 1579 2726 nunc
1602 2681 1690 2726 uxore

443 2773 577 2834 Fabiani
602 2772 732 2834 cultoris
755 2771 970 2854 supplicatum
988 2772 1091 2834 extitit
1111 2785 1145 2833 ut
1168 2771 1274 2834 eidem
1291 2771 1405 2834 Vrsule
1430 2792 1489 2854 pro
1514 2773 1613 2854 prima
1628 2772 1689 2832 vice

440 2898 528 2941 nunc
553 2877 806 2940 misericordiam
831 2891 862 2940 et
884 2879 1025 2958 graciam
1042 2876 1144 2940 facere
1171 2879 1376 2960 dignaremur
1393 2897 1486 2939 causa
1512 2879 1563 2940 dei
1587 2878 1689 2939 eteius

441 2985 661 3047 misericordie
692 2985 735 3047 ob
766 2997 957 3067 respectum,
990 2984 1128 3066 ideoque
1156 3005 1216 3046 nos
1247 2985 1308 3047 deo
1329 2999 1364 3046 'et
1388 2987 1457 3046 eius
1485 2983 1687 3046 misericordia

440 3112 497 3174 pre
522 3092 626 3153 oeulis
649 3091 787 3173 acceptis
802 3111 839 3153 ac
862 3091 1079 3173 predictorum
1097 3093 1273 3174 proborum
1298 3105 1329 3153 et
1345 3092 1548 3174 ydoneorum
1571 3113 1606 3154 ac
1621 3111 1686 3153 con·

440 3197 689 3260 scienciosorum
706 3198 847 3259 virorum
866 3197 1080 3280 peticionibus
1093 3199 1250 3260 exauditis
1262 3219 1319 3281 per
1335 3218 1394 3261 nos
1407 3213 1438 3261 et
1452 3201 1581 3261 tandem
1598 3199 1685 3260 eciam

441 3318 570 3387 propter
594 3303 826 3366 enutricionem
859 3302 989 3365 infantis
1021 3303 1165 3366 eiusdem
1197 3304 1310 3367 Vrsule
1342 3319 1374 3368 et
1397 3307 1533 3388 predicti
1557 3305 1685 3381 Fabiani,

442 3411 660 3472 misericordia
685 3411 735 3472 dei
760 3410 851 3488 moti,
876 3410 981 3472 eidem
1005 3411 1119 3473 Vrsule
1147 3412 1399 3475 misericordiam
1432 3427 1463 3474 et
1484 3414 1618 3494 graciam
1647 3410 1684 3471 fe·

441 3518 543 3579 cimus
566 3517 747 3599 specialem,
773 3530 808 3578 ut
832 3515 972 3598 predicta
997 3517 1111 3578 Vrsula
1132 3517 1275 3599 predicta
1297 3517 1377 3580 lacta
1395 3507 1452 3580 sua
1477 3519 1559 3580 mala
1582 3515 1683 3578 defleat

441 3639 472 3686 et
495 3623 572 3684 talia
595 3623 646 3685 vel
671 3623 720 3684 his
736 3623 852 3683 similia
877 3622 958 3684 facta
976 3623 1060 3684 mala
1079 3623 1209 3684 ulterius
1226 3643 1292 3685 non
1309 3637 1468 3707 perpetret
1485 3645 1586 3705 neque
1608 3641 1681 3683 com-

441 3729 556 3808 mittat,
589 3749 652 3809 que
684 3729 708 3790 si
734 3729 772 3790 de
805 3741 909 3790 cetero
942 3741 973 3789 et
1003 3749 1060 3810 per
1089 3730 1228 3812 amplius
1255 3730 1288 3791 in
1311 3730 1430 3792 talibus
1460 3731 1512 3792 vel
1536 3729 1602 3791 aliis
1622 3727 1681 3808 qui·

441 3837 549 3897 busvis
573 3833 663 3896 factis
687 3835 751 3896 suis
775 3835 867 3896 malis
891 3835 1089 3916 deprehendi
1106 3836 1223 3917 poterit
1247 3836 1279 3896 in
1303 3836 1463 3898 territorio
1488 3851 1602 3912 nostro,
1617 3851 1680 3894 mox

440 3941 527 4024 juxta
551 3961 605 4003 sua
631 3942 786 4003 demerita
810 3961 925 4023 penam
950 3961 1047 4022 quam
1072 3942 1265 4003 demeruerit
1287 3957 1503 4024 consequetur
1526 3942 1609 4003 nullo
1628 3937 1679 3999 sibi

442 4049 612 4131 superinde
636 4047 780 4110 remedio
805 4063 859 4109 aut
882 4048 1002 4109 auxilio
1026 4047 1218 4130 suffragante
1247 4049 1278 4110 in
1304 4049 1362 4111 hac
1387 4061 1488 4131 parte.

506 4267 603 4342 Feria
633 4271 739 4341 tercia
767 4270 922 4360 proxima
951 4277 1028 4340 ante
1056 4269 1178 4341 lostam
1207 4269 1463 4342 Purificacionis
1491 4271 1622 4359 gloriose

849 4413 979 4483 semper
1005 4395 1149 4482 virginis
1177 4394 1292 4464 llarie.

936 4561 1002 4642 (27.
1018 4560 1193 4643 januaris).

546 4703 625 4764 ltem
649 4703 741 4784 jurati
768 4704 800 4764 in
833 4723 926 4765 causa
958 4702 1157 4786 infrascripta
1185 4702 1229 4764 sic
1261 4702 1534 4784 adjudicaverunt,
1557 4717 1587 4765 ut
1613 4698 1676 4779 qula

442 4810 638 4870 Laurencius
663 4809 745 4870 filius
771 4811 938 4871 Laurencii
964 4811 1066 4870 dictus
1088 4810 1234 4888 Lowrelt,
1258 4809 1297 4869 de
1321 4808 1621 4873 sancto-Laurencio
1637 4803 1675 4862 di·

439 4915 565 4975 strictus
589 4914 628 4975 de
654 4915 821 4994 Rakonok,
847 4915 878 4975 in
904 4915 989 4976 furtu
1011 4928 1041 4976 et
1066 4915 1097 4975 in
1122 4915 1267 4996 pluribus
1284 4915 1419 4977 malitiis
1444 4915 1602 4978 manifeste
1616 4927 1675 4988 rep·

440 5033 549 5104 pertus
574 5035 620 5084 est
644 5042 680 5084 er
706 5035 822 5102 acerto,
847 5035 877 5084 et
902 5023 1006 5104 ipsum
1025 5019 1145 5084 furtum
1170 5021 1202 5084 in
1226 5021 1374 5086 manibus
1390 5023 1456 5085 suis
1473 5025 1623 5087 inventum
1638 5026 1676 5076 est
