3740 5810
572 586 662 648 Anno
684 602 776 666 1430.
803 621 843 632 —
868 598 915 663 15.
939 589 1099 650 decembris.
1409 608 1463 668 ¹3¹

310 801 389 862 Item
414 799 488 882 quia
513 799 632 862 Paulus
656 797 741 862 filius
766 799 921 861 Anthonii
947 797 1142 860 Jerihowich
1168 797 1382 878 juramentum
1407 799 1468 860 sibi

195 919 316 968 contra
340 906 549 968 Valentinum
580 905 717 987 juratum
751 903 892 966 infacto
925 925 977 966 sex
1003 905 1197 986 quartalium
1231 904 1381 968 frumenti
1415 927 1470 988 per

195 1011 328 1092 juratos
351 1011 569 1094 adjudicatum
594 1011 730 1093 prestitit
755 1023 791 1072 ut
813 1010 934 1088 debuit,
959 1009 1033 1072 ideo
1058 1011 1125 1093 ipse
1142 1011 1332 1074 Valentinus
1348 1011 1470 1092 juratus

196 1133 362 1181 annotato
387 1119 488 1181 Paulo
520 1138 622 1200 usque
654 1117 797 1180 triduum
829 1117 869 1180 de
901 1117 977 1199 ipsis
1000 1137 1052 1180 sex
1085 1118 1286 1200 quartalibus
1319 1117 1469 1180 frumenti

194 1225 301 1287 debet
328 1224 518 1289 satisfacere.

266 1459 365 1536 feria
393 1469 492 1536 sexta
520 1465 677 1553 proxima
705 1471 782 1554 post
810 1463 932 1536 leston
961 1463 1056 1536 beate
1089 1464 1188 1540 lucie
1215 1465 1358 1554 virginis
1388 1472 1421 1537 et

761 1591 927 1660 martiris.

699 1737 763 1821 (15.
796 1739 978 1822 decembris).

318 1882 396 1943 ltem
421 1881 496 1964 quia
525 1879 645 1942 Paulus
675 1881 818 1944 literatus
849 1880 933 1943 filius
957 1879 1086 1942 Thome
1110 1879 1186 1942 dicti
1213 1881 1290 1959 Ban,
1316 1879 1475 1943 habitator

202 1987 296 2049 dicte
321 1987 457 2050 civitatis
481 1987 513 2048 id
538 2006 609 2048 cum
635 1985 806 2050 sufficienti
835 2001 865 2049 et
897 1986 1061 2067 fidedigno
1085 1999 1267 2048 nostrorum
1292 1987 1474 2048 concivium

199 2093 398 2157 testimonio
422 2094 454 2155 in
485 2094 559 2154 sede
593 2105 700 2155 nostra
732 2092 897 2174 judiciaria
926 2093 1009 2155 clare
1042 2112 1077 2154 ac
1109 2091 1304 2154 sufficienter
1327 2111 1474 2176 compro-

199 2201 299 2264 bavit
323 2219 430 2263 coram
456 2201 560 2279 nobis,
584 2215 619 2262 ut
636 2200 713 2262 dum
738 2199 879 2282 prefatus
900 2199 1046 2262 Thomas
1063 2200 1130 2260 Ban
1154 2213 1244 2282 pater
1267 2199 1367 2283 ipsius
1384 2199 1473 2262 Pauli

203 2309 329 2370 literati
354 2309 386 2369 in
419 2309 569 2370 extremis
599 2307 663 2369 vite
691 2328 747 2370 sue
779 2307 965 2390 temporalis
997 2306 1180 2384 laborasset,
1211 2319 1288 2368 tunc
1312 2306 1378 2388 ipse
1404 2305 1474 2367 uni-

201 2434 316 2475 versas
332 2413 549 2496 possessiones
573 2427 604 2476 et
628 2414 797 2496 porciones
814 2412 1080 2496 possessionarias
1103 2431 1176 2473 suas
1199 2413 1315 2494 quovis
1332 2412 1473 2476 nominis

202 2521 372 2584 vocabulo
397 2520 550 2583 vocitatas
573 2521 605 2582 in
630 2520 789 2582 territorio
807 2519 941 2582 civitatis
965 2539 1021 2580 seu
1046 2519 1078 2580 in
1096 2517 1164 2600 ipsa
1185 2518 1311 2582 civitate
1335 2518 1470 2596 habitas,

202 2628 316 2710 ipsum
341 2625 503 2688 Thomam
528 2623 663 2705 juridice
686 2645 742 2687 seu
766 2626 940 2688 literatorie
962 2637 1202 2705 concernentes,
1227 2645 1300 2686 cum
1324 2625 1476 2686 omnibus
1582 2631 1585 2638 ’

204 2734 353 2815 ipsarum
379 2731 578 2810 utilitatibus,
610 2730 743 2812 juribus,
777 2731 886 2792 usibus
918 2745 948 2793 et
973 2729 1178 2814 pertinenciis
1209 2731 1376 2809 universis,
1402 2751 1472 2813 pre·

204 2839 300 2900 dicto
324 2838 426 2908 Paulo
443 2837 569 2900 literato
585 2839 779 2900 verbotenus
803 2837 972 2919 legavisset
988 2850 1020 2900 et
1044 2837 1215 2899 dimisisset
1232 2835 1300 2918 jure
1318 2851 1475 2920 perpetuo

203 2944 433 3028 possidendas,
458 2943 531 3006 ideo
556 2963 615 3006 nos
647 2943 776 3006 easdem
808 2944 1025 3027 possessiones
1049 2957 1080 3007 et
1112 2943 1281 3026 porciones
1303 2945 1476 3027 possessio·

204 3051 318 3112 uarias
335 3049 410 3111 dicti
429 3048 558 3112 Thome
571 3050 638 3112 Ean
656 3069 728 3112 cum
746 3050 811 3112 suis
829 3049 1018 3112 utilitatibus
1042 3063 1073 3112 et
1089 3049 1294 3131 pertinenciis
1318 3049 1475 3112 universis

202 3157 404 3239 supradictis
434 3155 559 3239 prelato
591 3155 693 3218 Paulo
725 3157 851 3218 literato
875 3177 911 3218 ac
935 3176 991 3239 per
1022 3175 1095 3218 eum
1120 3156 1185 3217 suis
1216 3155 1389 3218 heredibus
1413 3171 1475 3218 sta·

202 3264 333 3326 tuimus
357 3275 388 3325 et
411 3263 632 3324 commisimus
654 3283 692 3326 ex
715 3262 877 3344 premissis
901 3261 969 3344 jure
1002 3261 1189 3345 perhennali
1213 3261 1422 3344 possidendas
1447 3276 1477 3323 et

203 3369 521 3452 quomodocumque
545 3369 682 3431 voluerit
712 3367 930 3451 disponendas
961 3367 1047 3450 juxta
1080 3367 1306 3430 condicionem
1339 3368 1478 3430 civitatis

201 3487 380 3560 prenotate
404 3477 445 3536 ab
469 3475 603 3557 antiquo
628 3475 849 3558 approbatam.

320 3579 398 3642 ltem
423 3579 586 3644 Jobannes
617 3581 760 3643 Kunsieh
792 3595 823 3643 et
855 3581 981 3644 Marcus
1012 3595 1121 3644 contra
1154 3581 1289 3644 Paulum
1321 3595 1476 3644 sartorem

204 3687 321 3772 primo
345 3686 433 3749 citati
458 3706 524 3748 non
549 3701 807 3770 comparuerunt.

320 3792 399 3855 ltem
424 3791 583 3875 Georgius
607 3806 696 3857 sutor
719 3808 828 3857 contra
853 3793 1017 3857 Thomam
1049 3794 1202 3876 pistorem
1227 3813 1347 3876 panum
1372 3795 1478 3878 primo

207 3900 330 3963 citatus
354 3919 420 3961 non
444 3899 633 3983 comparuit.

324 4004 402 4067 Item
426 4005 501 4087 quia
525 4007 715 4068 Valentinus
731 4006 852 4089 juratus
873 4005 957 4070 filius
975 4007 1039 4069 lwk
1065 4007 1104 4068 de
1128 4026 1181 4068 sex
1198 4005 1397 4090 quartalibus
1415 4005 1479 4069 fru-

208 4112 316 4176 menti
333 4110 419 4194 juxta
437 4111 715 4194 adjudicacionem
733 4113 909 4196 juratorum
927 4127 958 4176 et
974 4113 1219 4195 juramentalem
1237 4113 1478 4195 deposicionem

207 4217 305 4282 Pauli
330 4216 388 4280 filii
413 4218 570 4281 Anthonii
596 4218 789 4282 Jerihowich
813 4220 919 4283 eidem
953 4219 1052 4282 Paulo
1083 4219 1307 4282 omnimodam
1332 4219 1481 4302 inpendit

209 4322 482 4403 satisfaccionem,
516 4324 655 4407 ideoque
687 4325 754 4409 ipse
785 4326 904 4388 Paulus
937 4323 1075 4388 eundem
1108 4325 1316 4388 Valentinum
1341 4325 1479 4408 juratum

209 4429 389 4513 superinde
413 4429 555 4492 reddidit
578 4431 773 4514 expeditum.

322 4535 401 4597 ltem
426 4535 520 4617 jurati
552 4536 827 4619 adjudicaverunt,
860 4538 947 4620 quod
981 4537 1169 4600 Leonardus
1200 4537 1360 4599 solitarius
1385 4537 1482 4600 debet

215 4640 324 4724 jurare
349 4655 463 4704 octavo
488 4641 541 4706 die
557 4663 653 4726 super
676 4664 763 4707 aram
781 4659 891 4708 contra
909 4645 1077 4706 dominum
1096 4643 1296 4706 Anthonium
1320 4663 1481 4726 supereo,

215 4761 251 4809 ut
276 4747 344 4830 ipse
371 4767 472 4810 unum
497 4747 566 4812 flor.
591 4749 660 4811 auri
684 4750 723 4811 ad
748 4749 836 4812 aliud
866 4771 931 4812 non
957 4749 1046 4812 dedit
1070 4750 1129 4830 ipsi
1154 4749 1288 4812 domino
1314 4748 1480 4810 Anthonio

218 4854 278 4916 nisi
303 4854 344 4916 ad
370 4855 536 4937 pabulum.

323 4962 400 5023 Item
426 4960 519 5043 jurati
544 4961 818 5044 adjudicaverunt,
851 4962 938 5045 quod
963 4961 1071 5024 Katria
1096 4981 1176 5024 uxor
1202 4959 1334 5043 Georgii
1364 4961 1478 5024 literati

219 5067 347 5148 Thuch,
372 5067 469 5131 debet
500 5069 641 5131 solitaria
665 5068 768 5150 jurare
793 5089 888 5151 super
912 5089 951 5131 eo
975 5089 1073 5152 penes
1093 5081 1320 5132 testamentum
1353 5067 1480 5182 blathye
