3734 5796
331 571 394 633 354
701 552 788 610 Anno
812 565 903 628 1442.
927 585 971 594 —
995 565 1043 626 19.
1060 553 1211 627 januarii.

331 763 489 826 redimere
514 783 572 846 pro
589 761 740 845 predictis
757 763 842 824 LXX
860 763 930 825 flor.
953 763 1041 839 auri;
1067 764 1106 824 de
1131 783 1196 844 quo
1214 763 1333 844 judicio
1350 764 1493 846 ipsorum
1510 763 1598 844 jura·

330 882 439 932 torum
464 871 531 952 ipse
551 870 689 930 lacobus
705 867 827 950 juratus
843 890 908 930 non
933 883 1100 930 contentus
1116 871 1290 952 appellavit
1313 871 1448 934 eandem
1466 891 1596 932 causam

329 976 368 1036 ad
392 977 535 1038 seniores
558 974 680 1056 judices
703 994 762 1057 pro
786 975 930 1036 eiusdem
955 975 1191 1037 deliberacione
1216 977 1353 1040 meliori.

436 1083 514 1144 ltem
532 1081 721 1144 Valentinus
745 1081 852 1143 Sellen
878 1081 1018 1143 decanus
1035 1095 1145 1144 contra
1169 1083 1297 1145 Petrum
1325 1097 1466 1145 sutorem
1485 1084 1591 1165 primo

328 1189 442 1251 citatus
466 1207 531 1249 non
556 1187 746 1268 comparuit.

434 1295 512 1356 ltem
537 1293 685 1356 Thomas
710 1293 879 1376 Marisych,
905 1294 1024 1356 Matbei
1050 1295 1186 1378 Marysa,
1216 1296 1381 1357 Emericus
1404 1294 1594 1374 Franchich,

330 1400 461 1483 Babych
494 1413 603 1461 contra
636 1399 815 1460 Fabianum
847 1413 999 1462 sartorem
1037 1413 1069 1462 et
1096 1415 1205 1463 contra
1237 1403 1438 1464 Anthonium
1464 1401 1594 1462 fratrem

329 1527 423 1569 suum
448 1507 553 1589 primo
577 1506 662 1567 citati
688 1525 752 1567 non
778 1521 1036 1588 comparuerunt.

436 1613 515 1675 ltem
540 1632 620 1674 uxor
637 1612 794 1692 legittima
812 1613 896 1673 Luce
913 1613 1030 1674 sutoris
1054 1613 1129 1674 dicti
1148 1613 1282 1692 Arland,
1306 1613 1374 1674 sola
1392 1613 1424 1674 in
1450 1613 1592 1694 pretorio

330 1739 439 1782 coram
463 1718 579 1800 judice,
603 1717 713 1800 juratis
744 1732 775 1779 et
804 1731 871 1780 tota
903 1720 1134 1780 communitate
1158 1719 1190 1780 in
1222 1719 1343 1799 judicio
1368 1717 1539 1780 affirmavit
1562 1733 1595 1780 et

331 1825 464 1886 asseruit
487 1825 652 1886 accionem
677 1823 807 1906 Mathye
829 1825 940 1905 generi
965 1824 1133 1904 Rakarich,
1169 1825 1336 1906 quomodo
1361 1825 1428 1907 ipsa
1452 1824 1593 1886 eundem

331 1931 495 2014 Mathyam
528 1930 663 2010 turpiter
693 1930 902 2011 vituperasset
933 1931 1053 2007 dicens,
1088 1931 1176 2012 quod
1209 1931 1275 2013 ipse
1308 1931 1454 2012 Mathyas
1484 1929 1595 1991 luisset

332 2037 436 2098 malus
460 2036 559 2098 homo
584 2049 614 2097 et
638 2035 726 2116 quod
751 2035 782 2096 in
808 2038 976 2096 laternum
1004 2051 1149 2098 nostrum
1180 2056 1353 2098 commune
1376 2056 1435 2117 pro
1459 2036 1516 2098 Xll
1540 2036 1595 2096 de-

333 2143 431 2204 nariis
460 2142 656 2224 proscriptus
680 2141 807 2218 fuissem
840 2155 871 2202 et
903 2142 979 2222 quia
1012 2143 1077 2224 ipsa
1102 2143 1170 2204 sola
1202 2143 1282 2204 dixit
1305 2142 1392 2225 quod
1417 2143 1500 2204 male
1533 2141 1595 2204 luit

329 2249 437 2309 locuta
461 2261 492 2308 et
517 2247 712 2308 mendaciter
736 2247 811 2328 quia
836 2247 897 2308 hoc
928 2247 959 2308 in
992 2250 1125 2309 katerno
1150 2249 1265 2309 nullibi
1298 2249 1452 2330 repperiri
1484 2250 1593 2330 potuit

333 2353 499 2434 hucusque
524 2353 612 2434 quod
638 2353 704 2435 ipse
730 2353 875 2436 Mathyas
899 2354 1094 2436 proscriptus
1111 2352 1230 2432 luisset,
1256 2354 1329 2415 ideo
1354 2355 1420 2437 ipse
1445 2355 1592 2437 Mathyas

332 2460 474 2542 predicte
498 2459 590 2521 uxori
617 2459 715 2540 ipsius
733 2460 818 2520 Luce
842 2461 958 2520 sutoris
975 2461 1076 2541 ipsam
1094 2461 1222 2542 culpam
1239 2481 1329 2521 suam
1348 2461 1453 2541 primo
1478 2462 1594 2542 princi·

329 2565 444 2647 paliter
468 2579 597 2646 propter
621 2565 717 2625 deum
743 2579 774 2626 et
794 2565 922 2626 tandem
948 2579 1079 2648 propter
1095 2567 1287 2648 peticionem
1313 2567 1527 2648 plurimorum
1545 2567 1592 2626 vi-

331 2691 439 2732 rorum
466 2673 640 2753 proborum
666 2672 816 2731 relaxavit
841 2691 949 2732 coram
974 2673 1077 2734 nobis.

436 2777 513 2838 ltem
540 2778 615 2858 quia
642 2777 817 2860 Elyzabeth
850 2797 931 2838 uxor
962 2778 1118 2858 legittima
1152 2777 1317 2840 Michaelis
1341 2779 1515 2862 Zywalych
1539 2799 1596 2862 per

331 2885 575 2965 instigacionem
601 2884 804 2965 dyabolicam
830 2883 1009 2964 predictum
1028 2884 1219 2945 Michaelem
1244 2883 1393 2945 maritum
1411 2905 1504 2946 suurn
1523 2905 1594 2947 cum

336 2992 467 3052 cultello
491 2991 531 3051 ad
556 3003 665 3071 pectus
689 2989 755 3050 lixit
786 2990 890 3050 taliter
913 3002 948 3051 ut
979 2991 1031 3050 vix
1055 2990 1146 3051 vivus
1178 2990 1392 3070 remansisset,
1429 2992 1501 3054 ideo
1527 2993 1593 3074 ipsa

333 3098 407 3158 licet
431 3097 470 3157 de
495 3096 562 3175 jure
588 3115 685 3157 manu
710 3096 826 3178 privari
854 3095 1028 3174 debuisset,
1059 3109 1166 3158 tamen
1192 3097 1268 3177 quia
1292 3116 1350 3177 pro
1384 3117 1420 3158 ea
1445 3097 1540 3158 nobis
1563 3111 1594 3158 et

330 3203 390 3283 ipsi
415 3203 529 3262 marito
553 3220 612 3262 suo
636 3221 692 3283 per
716 3201 823 3282 plures
839 3202 959 3283 probos
976 3201 1061 3263 viros
1085 3221 1143 3283 pro
1167 3201 1385 3264 misericordia
1402 3202 1463 3264 sibi
1488 3201 1593 3264 fienda

330 3309 432 3370 extitit
455 3307 688 3388 supplicatum,
720 3307 760 3368 de
792 3308 919 3368 civitate
951 3321 982 3370 et
1005 3308 1075 3369 eius
1104 3308 1265 3370 territorio
1296 3309 1431 3390 turpiter
1462 3309 1593 3391 expulsa

332 3414 434 3476 extitit
456 3413 512 3475 tali
541 3413 651 3492 modo,
683 3425 718 3474 ut
749 3412 788 3473 de
819 3426 925 3474 cetero
957 3427 988 3474 et
1011 3433 1067 3496 per
1098 3413 1238 3496 amplius
1268 3413 1382 3475 eadem
1415 3414 1594 3497 Elyzabeth

331 3520 446 3581 mulier
470 3519 510 3580 ad
535 3519 635 3600 ipsam
661 3519 822 3580 civitatem
846 3533 878 3581 et
899 3520 1097 3581 territorium
1122 3520 1190 3580 eius
1214 3538 1380 3600 nunquam
1406 3520 1522 3582 debeat
1546 3522 1595 3581 in·

333 3639 426 3704 trare,
451 3645 515 3706 que
539 3626 563 3685 si
588 3625 727 3707 amplius
758 3625 790 3685 in
822 3625 948 3686 civitate
973 3639 1004 3687 et
1028 3626 1097 3687 eius
1127 3625 1288 3686 territorio
1316 3625 1514 3708 deprehendi
1538 3647 1595 3708 po·

332 3731 427 3808 terit,
463 3750 537 3791 mox
573 3730 658 3811 juxta
700 3751 756 3792 sua
795 3731 949 3792 demerita
989 3751 1105 3813 penam
1148 3751 1245 3812 quam
1285 3731 1480 3796 demeruerit
1521 3754 1596 3795 con-

332 3849 495 3917 sequetur.

435 3941 512 4003 Item
537 3943 612 4023 quia
638 3943 762 4004 Blasius
786 3943 906 4023 juratus
930 3943 1015 4006 filius
1038 3944 1191 4026 Stephani
1216 3946 1246 4007 id
1270 3966 1343 4008 cum
1369 3944 1538 4008 sufficienti
1563 3963 1594 4009 et

331 4046 496 4126 fidedigno
521 4061 702 4110 nostrorum
728 4051 910 4111 concivium
934 4051 1119 4113 testimonio
1142 4051 1173 4112 in
1197 4052 1272 4113 sede
1297 4065 1403 4114 nostra
1429 4051 1595 4132 judiciaria

336 4153 420 4214 clare
446 4154 678 4235 comprobavit,
704 4168 737 4216 ut
761 4155 837 4216 dum
855 4155 996 4238 prelatus
1020 4157 1145 4217 Blasius
1161 4157 1281 4238 juratus
1306 4159 1336 4218 in
1362 4157 1596 4240 proficiscendo

336 4261 486 4336 Romam,
511 4259 550 4320 ad
575 4260 747 4321 claustrum
772 4263 871 4323 sancti
896 4263 1019 4324 Nicolai
1053 4263 1085 4324 in
1115 4283 1246 4324 nemore
1272 4264 1502 4325 Modrussiensi
1527 4263 1596 4325 lun-

334 4364 444 4425 datum
469 4365 674 4446 pervenisset,
701 4379 778 4428 tunc
811 4367 965 4429 discretus
997 4369 1045 4429 vir
1069 4369 1221 4431 dominus
1252 4369 1406 4431 Nicolaus
1429 4370 1595 4451 presbiter,

329 4469 407 4530 alias
430 4471 661 4551 prebendarius
685 4473 817 4534 ecclesie
835 4474 934 4534 sancti
959 4475 1042 4555 regis
1067 4474 1232 4557 Stephani,
1256 4495 1342 4536 nunc
1366 4488 1474 4536 autem
1493 4476 1593 4537 Here-

328 4575 405 4636 mita
430 4576 566 4636 existens
595 4577 626 4637 in
660 4578 774 4640 eodem
808 4579 945 4640 claustro
977 4581 1147 4660 extitisset,
1178 4595 1253 4642 tunc
1286 4580 1353 4662 ipse
1385 4582 1591 4642 medietatem

331 4681 498 4742 cuiusdam
523 4683 601 4743 silve
626 4683 686 4744 sibi
711 4697 741 4744 et
765 4685 909 4764 predicto
928 4686 1034 4746 Blasio
1059 4687 1162 4766 jurato
1187 4706 1243 4768 per
1267 4687 1405 4748 condam
1432 4687 1596 4749 Thomam

332 4786 481 4848 Oczwirk
499 4787 646 4868 legatate,
672 4789 730 4868 ipsi
748 4791 856 4850 Blasio
873 4789 976 4871 jurato
998 4792 1168 4871 legavisset
1184 4805 1339 4874 perpetuo
1356 4793 1596 4875 possidendam,

333 4906 364 4954 et
388 4892 463 4974 quia
489 4893 556 4975 ipse
582 4894 727 4956 Thomas
751 4897 885 4958 eandem
911 4897 1024 4958 silvam
1050 4898 1142 4960 dictis
1165 4899 1230 4960 suis
1254 4901 1481 4961 commissoriis
1503 4913 1595 4962 testa·

333 4999 516 5059 mentaliter
540 4999 658 5079 legavit
674 5015 829 5083 perpetuo
854 5002 1094 5084 possidendam,
1111 5017 1207 5086 prout
1229 5005 1261 5065 in
1283 5017 1474 5067 testamento
1499 5005 1597 5088 ipsius
