3876 5798
694 546 958 621 Ann01442.—
983 559 1028 620 13.
1054 547 1168 618 aprilis.
1503 546 1558 626 361

404 755 483 818 Item
500 776 573 818 cum
592 757 717 819 Primus
741 754 825 816 filius
843 755 1013 817 Brezowar
1036 755 1075 816 de
1094 755 1271 839 Raduchay
1287 770 1322 820 ut
1345 770 1434 818 actor
1451 771 1561 820 contra

297 864 427 925 Petrum
457 861 560 924 filium
585 863 715 925 Martini
747 861 913 923 concivem
945 874 1101 940 nostrum,
1121 875 1266 943 tempore
1297 863 1453 945 presentis
1477 862 1561 945 judi-

298 983 386 1031 catus
410 967 523 1051 prefati
547 969 673 1030 Nicolai
707 967 822 1049 judicis
852 965 909 1028 filii
935 967 1019 1028 Petri
1044 967 1083 1028 de
1116 987 1201 1028 anno
1226 967 1350 1030 domini
1382 987 1468 1031 nunc
1491 989 1562 1051 pre·

296 1077 377 1138 senti
404 1089 436 1138 et
458 1075 652 1158 supradicto,
677 1074 754 1138 feria
779 1088 866 1136 sexta
889 1074 1035 1156 proxima
1060 1087 1131 1156 post
1158 1074 1354 1137 dominicam
1380 1075 1475 1138 Oculi
1501 1076 1562 1137 ali·

298 1180 453 1264 quamdiu
478 1181 672 1262 preteritum,
697 1199 805 1242 coram
828 1179 938 1261 juratis
968 1179 1043 1240 anni
1068 1181 1223 1261 presentis
1253 1181 1453 1262 supradictis,
1477 1181 1561 1262 judi-

297 1289 387 1350 cibus
410 1287 531 1350 scilicet
554 1301 585 1348 et
609 1286 789 1367 justiciariis
822 1286 920 1366 ipsius
944 1305 1038 1347 cause
1070 1286 1233 1347 eomodo
1264 1287 1483 1369 proposuisset
1506 1307 1558 1350 ac-

297 1393 425 1455 cionem
450 1412 552 1473 suam,
575 1405 611 1455 ut
633 1393 700 1474 ipse
722 1393 834 1453 Petrus
858 1391 998 1452 concivis
1022 1403 1129 1452 noster
1145 1391 1228 1452 utin
1253 1411 1379 1453 causam
1398 1405 1559 1470 attractus,

297 1520 417 1582 equum
442 1500 540 1582 ipsius
564 1499 664 1560 Primi
688 1518 762 1561 cum
787 1500 882 1560 rebus
905 1511 936 1559 et
960 1497 1054 1558 bonis
1077 1498 1142 1560 suis
1162 1518 1220 1580 pro
1243 1511 1320 1560 tunc
1344 1499 1429 1580 apud
1456 1499 1561 1580 ipsum

297 1607 426 1687 habitis,
449 1607 505 1669 ubi
529 1607 597 1688 ipse
621 1605 654 1666 in
678 1605 729 1667 via
753 1605 853 1666 libera
877 1623 979 1686 prope
996 1603 1141 1665 Chichan
1166 1603 1273 1666 habita
1290 1603 1561 1687 proficiscebatur,

297 1733 386 1776 more
410 1713 588 1795 predonico
612 1714 652 1774 ab
676 1712 792 1774 eodem
817 1711 925 1772 Primo
950 1710 1121 1792 recepisset
1138 1723 1168 1772 et
1192 1711 1383 1790 abstulisset,
1408 1731 1487 1794 quas
1511 1730 1561 1772 res

297 1834 327 1880 et
351 1822 436 1882 bona
460 1839 496 1881 ac
521 1839 641 1901 equum
660 1819 758 1901 ipsius
783 1817 881 1879 Primi
906 1837 980 1879 cum
1001 1817 1147 1900 expensis
1162 1817 1227 1879 suis
1244 1837 1324 1899 quas
1348 1818 1414 1899 ipse
1433 1818 1558 1879 Primus

296 1927 327 1987 in
352 1926 468 1988 eodem
492 1924 577 1988 facto
601 1939 632 1988 et
656 1945 749 1987 causa
774 1923 899 1986 fecisset
926 1937 957 1986 et
980 1924 1144 1986 habuisset
1167 1924 1206 1985 ad
1224 1925 1281 1985 XL
1305 1924 1375 1988 flor.
1392 1925 1459 1986 auri
1485 1924 1558 1986 esti-

299 2047 432 2110 masset;
456 2046 532 2094 tunc
549 2030 690 2116 prefatus
715 2033 827 2094 Petrus
843 2043 878 2093 ut
902 2031 934 2092 in
952 2050 1079 2092 causam
1097 2044 1257 2110 attractus,
1282 2030 1402 2092 ibidem
1428 2031 1468 2092 ad
1485 2051 1559 2111 pro·

295 2141 495 2222 posicionem
521 2153 551 2202 et
575 2139 739 2202 accionem
762 2139 861 2220 ipsius
886 2137 983 2199 Primi
1008 2137 1122 2198 actoris
1146 2151 1193 2199 ter
1216 2157 1324 2198 coram
1348 2137 1425 2219 ipsis
1448 2135 1560 2220 juratis

296 2260 404 2310 contra
429 2245 588 2328 prelatum
614 2247 743 2308 Petrum
767 2259 802 2306 ut
829 2245 861 2305 in
886 2263 1014 2305 causam
1046 2256 1214 2306 attractum
1239 2243 1448 2326 propositam,
1472 2244 1559 2304 simi·

296 2353 369 2414 liter
391 2365 439 2415 ter
462 2353 627 2435 respondit
650 2365 680 2413 et
704 2351 794 2430 dixit,
819 2350 987 2433 quomodo
1012 2351 1079 2432 ipse
1107 2351 1285 2433 predictum
1311 2371 1431 2433 equum
1456 2366 1486 2413 et
1511 2372 1559 2412 res

294 2479 331 2520 ac
356 2461 440 2521 hona
465 2459 564 2541 ipsius
588 2458 686 2520 Primi
711 2457 826 2520 actoris
849 2459 889 2519 ab
912 2457 1028 2519 eodem
1051 2457 1159 2518 Primo
1184 2477 1243 2519 nec
1268 2477 1357 2520 more
1381 2457 1558 2540 predonico

295 2585 354 2626 nec
379 2565 582 2647 aliquatenus
617 2565 788 2646 recepisset
810 2583 866 2624 seu
895 2563 1087 2642 abstulisset,
1119 2563 1176 2625 sed
1201 2563 1233 2624 in
1258 2565 1349 2626 totali
1374 2563 1506 2625 accione
1530 2578 1561 2624 et

297 2672 515 2753 acquisicione
539 2671 683 2732 eiusdem
702 2669 799 2731 Primi
824 2671 939 2731 actoris
963 2671 1119 2731 innocens
1136 2667 1246 2731 luisset
1262 2670 1389 2752 penitus
1413 2683 1444 2732 et
1467 2670 1560 2730 inno·

294 2778 374 2842 xius.
400 2777 528 2850 Quibus
550 2775 682 2858 quidem
707 2777 932 2858 proposicione
956 2789 987 2838 et
1010 2775 1219 2858 responsione
1248 2776 1388 2858 ipsarum
1414 2777 1557 2858 parcium

297 2903 353 2967 per
379 2885 464 2966 ipsos
487 2883 608 2965 juratos
624 2883 751 2961 auditis,
769 2882 866 2944 iidem
888 2883 981 2964 jurati
999 2896 1034 2944 ut
1050 2881 1172 2964 judices
1196 2883 1295 2965 ipsius
1311 2903 1405 2944 cause
1422 2883 1558 2944 eandem

296 3009 424 3052 causam
449 2991 493 3052 sic
525 2989 801 3071 adjudicaverunt,
825 3003 859 3050 ut
891 2989 965 3069 quia
997 2989 1064 3071 ipse
1090 2989 1215 3050 Primus
1246 3003 1334 3050 actor
1357 3009 1394 3050 ex
1428 2987 1558 3070 prefatis

297 3098 393 3158 rebus
409 3109 441 3157 et
457 3095 550 3158 bonis
574 3096 649 3174 suis,
674 3115 754 3177 quas
777 3106 885 3157 contra
904 3094 1009 3176 ipsum
1033 3095 1162 3156 Petrum
1187 3094 1218 3156 in
1238 3115 1365 3156 causam
1390 3107 1557 3157 attractum

299 3203 511 3284 proponebat,
538 3203 569 3263 in
594 3202 742 3263 manibus
767 3201 865 3282 ipsius
879 3200 962 3262 Petri
986 3213 1018 3263 et
1033 3197 1114 3262 cir'ca
1138 3201 1243 3282 ipsum
1262 3202 1389 3263 Petrum
1414 3203 1558 3263 invenire

298 3323 329 3370 et
352 3308 513 3391 repperire
537 3327 602 3370 non
635 3307 750 3390 potuit,
783 3306 923 3388 ideoque
955 3307 1021 3388 ipse
1053 3307 1165 3368 Petrus
1193 3307 1225 3367 in
1256 3325 1384 3368 causam
1410 3320 1560 3369 attractus

296 3415 453 3496 vigesimo
478 3414 592 3496 quinto
616 3433 649 3475 se
673 3413 817 3495 personis
840 3413 901 3473 sibi
922 3413 1081 3473 similibus
1104 3411 1183 3474 feria
1206 3427 1291 3473 sexta
1317 3413 1462 3494 proxima
1488 3427 1559 3495 post

296 3535 442 3582 octavam
466 3521 563 3582 Pasce
588 3520 721 3581 Domini
745 3531 856 3580 contra
888 3519 991 3600 ipsum
1025 3519 1168 3580 Primum
1199 3533 1340 3581 actorem
1365 3521 1397 3581 in
1421 3521 1554 3582 ccclesia

297 3627 380 3688 beati
414 3626 513 3688 Marci
544 3625 749 3706 ewangeliste
780 3644 875 3706 super
906 3643 993 3685 aram
1024 3638 1135 3686 sancte
1160 3624 1273 3686 Crucis
1304 3645 1360 3708 ρετ
1391 3625 1555 3708 adjudica-

296 3734 421 3794 cionem
462 3731 659 3813 prefatorum
694 3731 871 3814 juratorum
910 3729 1053 3812 judicum
1086 3731 1185 3812 ipsius
1216 3751 1309 3793 cause
1345 3732 1377 3793 in
1414 3733 1556 3814 predicta

295 3837 371 3900 feria
396 3851 483 3900 sexta
508 3839 652 3921 proxima
677 3853 749 3921 post
772 3837 969 3898 dominicam
994 3836 1090 3898 Oculi
1115 3857 1171 3919 ρετ
1195 3837 1324 3900 eosdem
1350 3837 1471 3919 juratos
1495 3839 1558 3900 lac·

295 3957 372 4022 tam,
390 3943 492 4026 jurare
516 3946 685 4007 tenebatur
712 3964 808 4026 super
835 3963 886 4022 eo,
909 3956 944 4005 ut
972 3944 1039 4025 ipse
1057 3943 1167 4005 Petrus
1195 3944 1226 4004 in
1255 3965 1383 4006 causam
1409 3959 1559 4006 attractus

297 4051 454 4132 predictas
472 4071 521 4112 res
544 4063 575 4111 et
592 4053 675 4112 hona
701 4070 737 4111 ac
754 4069 873 4132 equum
892 4050 991 4132 ipsius
1016 4050 1112 4111 Primi
1130 4051 1245 4112 actoris
1261 4054 1300 4112 ab
1318 4051 1432 4112 eodem
1452 4052 1558 4112 Primo

210 4151 212 4156 ’
296 4177 354 4218 nec
378 4177 468 4218 more
494 4155 670 4238 predonico
695 4177 752 4217 nec
770 4157 972 4237 aliquatenus
996 4157 1166 4239 recepisset
1182 4171 1213 4218 et
1229 4158 1419 4237 abstulisset,
1444 4158 1499 4219 sed
1526 4159 1557 4219 in

297 4263 387 4324 totali
412 4263 542 4323 accione
571 4276 602 4323 et
633 4263 850 4343 acquisicione
882 4263 980 4343 ipsius
1012 4263 1110 4324 Primi
1145 4263 1261 4324 actoris
1293 4264 1447 4325 innocens
1477 4278 1558 4325 esset

294 4369 420 4450 penitus
444 4381 475 4430 et
497 4368 657 4446 innoxius,
682 4381 713 4429 et
737 4369 812 4449 quia
837 4368 903 4450 ipse
927 4369 1038 4430 Petrus
1062 4370 1094 4428 in
1119 4388 1247 4430 eausam
1273 4382 1423 4430 attractus
1449 4370 1555 4451 ipsum

296 4473 510 4554 juramentum
535 4473 595 4534 sibi
621 4493 677 4556 per
704 4473 843 4556 prefatos
874 4474 1004 4555 juratos,
1033 4475 1155 4556 jndices
1178 4475 1299 4536 scilicet
1328 4475 1428 4557 ipsius
1452 4497 1557 4554 cause,

295 4579 393 4641 modo
417 4580 572 4662 premisso
597 4579 814 4663 adjudicatum
847 4579 997 4642 videlicet
1028 4581 1185 4661 vigesimo
1216 4581 1330 4662 quinto
1354 4602 1388 4642 se
1413 4583 1558 4663 personis

294 4685 353 4746 sibi
379 4686 540 4748 similibus
563 4685 661 4748 hodie
685 4687 820 4768 prestitit
844 4700 874 4748 et
898 4685 1047 4768 deposuit
1064 4699 1209 4768 presente
1234 4687 1349 4749 eodem
1376 4687 1482 4749 Primo
1507 4709 1556 4750 ac-

294 4805 361 4853 tore
386 4812 493 4854 coram
518 4792 664 4874 pluribus
700 4792 873 4871 nobilibus,
914 4793 1058 4854 discretis
1080 4807 1111 4855 et
1144 4793 1285 4855 honestis
1309 4793 1385 4854 vitis
1408 4793 1558 4857 videlicet

295 4915 401 4959 coram
426 4897 560 4960 domino
585 4898 714 4982 Mathya
738 4899 915 4980 presbitero
939 4899 1151 4982 prebendario
1184 4900 1272 4961 chori
1298 4900 1432 4962 ecclesie
1456 4902 1556 4963 sancti

294 5003 377 5086 regis
413 5003 566 5088 Stephani
602 5017 632 5066 et
667 5024 774 5068 coram
810 5005 945 5067 domino
981 5005 1123 5090 Symone
1155 5007 1330 5090 presbitero
1367 5006 1556 5090 cappellano
