3796 5812
1460 569 1523 664 a}

261 662 406 670 n-——n-
415 661 753 670 ——-—-—-—....--———-
760 659 1095 667 ..v-..mm

262 767 375 827 Marlro
400 764 461 827 hoc
486 785 551 826 non
576 767 750 846 negaverit,
776 765 864 847 quod
897 764 957 825 sibi
984 764 1050 845 ipse
1067 764 1186 824 'Marco
1218 775 1345 824 centum
1373 777 1402 822 et
1426 761 1525 822 tercio

261 869 398 931 dimidio
422 868 545 932 floreno
569 871 638 932 auri
663 871 789 933 debitor
813 868 918 931 fuerit.

367 974 445 1036 Item
470 975 556 1036 idem
581 976 689 1037 Marco
723 995 779 1057 per
803 974 978 1036 Matrinum
1003 973 1097 1056 Piper
1131 986 1162 1035 et
1185 973 1279 1035 Janse
1304 972 1424 1034 dictum
1450 970 1529 1035 Scol

261 1079 293 1140 in
318 1079 422 1160 primo
447 1079 567 1160 judicio
592 1080 652 1142 hoc
678 1080 848 1158 attestabit,
873 1079 962 1160 quod
987 1099 1051 1141 non
1078 1079 1145 1161 ipse
1170 1079 1225 1140 sed
1249 1077 1391 1161 prefatus
1416 1079 1525 1140 Hauin

260 1185 388 1247 Petrum
413 1185 452 1248 de
477 1186 646 1248 Dombrou
671 1206 765 1268 super
788 1186 989 1268 septuaginta
1015 1185 1143 1247 duobus
1176 1184 1245 1247 flor.
1271 1184 1467 1246 credidisset.

367 1291 444 1353 ltem
470 1292 636 1354 Emericus
660 1291 798 1374 lapicida
823 1305 932 1354 contra
963 1291 1091 1354 Gerdak
1116 1310 1278 1353 cursorem
1302 1291 1445 1353 secundo
1480 1291 1522 1352 ci·

260 1409 345 1458 tatus
377 1416 442 1459 non
467 1399 656 1480 comparuit.

369 1501 448 1566 Item
488 1525 614 1567 causam
652 1507 853 1588 Margarethe
877 1503 1019 1568 mulieris
1054 1518 1162 1566 contra
1187 1503 1341 1566 Mathiam
1372 1517 1525 1567 sartorem

260 1623 354 1673 testes
377 1611 427 1673 sui
452 1612 493 1673 sd
518 1612 661 1694 primum
686 1613 842 1696 judicium
866 1613 906 1674 ad
931 1631 1043 1694 pacem
1068 1625 1266 1694 receperunt.

368 1717 447 1780 ltem
472 1719 588 1802 Mykus
612 1718 751 1782 carnifex
777 1733 886 1782 contra
919 1719 1075 1781 Jacobum
1100 1718 1281 1781 institorem
1313 1718 1458 1806 secundo
1483 1719 1525 1780 ci·

261 1835 346 1884 tatus
369 1842 434 1885 non
459 1827 647 1907 comparuit.

370 1929 448 1992 ltem
474 1931 587 1993 Paulas
611 1947 721 1996 contra
748 1932 917 1994 Lucasium
942 1929 1044 1992 filium
1074 1929 1213 1992 Munech
1241 1929 1383 1992 secundo
1410 1931 1525 1993 citatus

264 2053 330 2096 non
355 2039 543 2118 comparuit.

371 2139 449 2204 ltem
483 2143 617 2206 Mathias
649 2157 749 2206 sartor
779 2164 836 2226 per
868 2144 1038 2206 Lucasium
1070 2163 1256 2228 arcuparem
1288 2158 1319 2206 et
1352 2143 1525 2206 Martinam

267 2247 362 2330 Piper
386 2248 417 2310 in
443 2248 527 2311 facto
551 2250 764 2332 quarumdam
788 2263 911 2333 septem
932 2270 1111 2312 marcarum
1136 2251 1217 2312 inter
1242 2250 1347 2333 ipsum
1372 2249 1526 2312 Mathiam

266 2365 297 2414 et
322 2352 499 2436 Symonem
524 2355 705 2418 carnificem
730 2371 864 2434 constat,
888 2357 1047 2420 attestabit
1070 2357 1102 2418 in
1128 2357 1231 2439 primo
1255 2355 1386 2438 judicio.

372 2459 450 2522 Item
484 2481 576 2523 causa
610 2461 764 2524 iohannis
795 2462 851 2525 filii
885 2464 1034 2525 Wlkmer
1066 2477 1176 2525 contra
1210 2463 1317 2526 Petres
1348 2463 1526 2524 institorem

263 2584 320 2646 per
345 2565 499 2628 Jacobum
526 2567 704 2630 institorem
733 2582 763 2630 et
788 2568 916 2631 Gerdalr
948 2589 1110 2632 cursorem
1135 2569 1175 2631 ad
1206 2569 1344 2652 primum
1371 2568 1525 2650 judicium

263 2670 304 2732 ad
327 2690 439 2752 pacem
463 2685 509 2734 est
533 2689 669 2756 recepta.

372 2777 449 2840 Item
476 2779 618 2842 Briccius
643 2779 727 2842 filius
748 2780 915 2844 Chernech
933 2781 1064 2863 jobagio
1089 2780 1245 2844 iohannis
1269 2779 1325 2842 filii
1344 2780 1428 2842 Iwan
1446 2779 1526 2841 duo-

264 2882 390 2945 decimo
423 2905 456 2946 se
488 2885 675 2948 hominibus
707 2888 766 2948 sibi
798 2887 958 2950 similibus
988 2901 1102 2951 octavo
1135 2888 1187 2948 die
1218 2886 1335 2968 jurabit
1359 2905 1453 2968 super
1477 2905 1526 2964 eo,

264 2989 352 3069 quod
378 2990 446 3072 ipse
479 2992 634 3054 Jacobum
667 2992 768 3055 filium
801 2993 947 3056 Matheus
989 3007 1020 3056 et
1050 2993 1158 3056 Patres
1189 2992 1290 3055 filium
1316 3041 1323 3055 .
1350 3038 1357 3054 .
1383 3039 1391 3054 .
1417 3043 1423 3056 .
1449 2991 1526 3074 (non

263 3095 483 3178 vulnerasset).

372 3290 451 3353 ltem
475 3313 569 3354 causa
587 3293 765 3356 Clementis
781 3293 837 3356 filii
863 3295 972 3357 Jacobi
990 3307 1099 3357 contra
1118 3295 1259 3356 Hlasium
1284 3292 1413 3355 fratrem
1432 3312 1526 3354 suum

265 3397 306 3459 ita
332 3411 377 3460 est
402 3398 551 3479 judicata,
575 3401 663 3481 quod
696 3401 781 3463 idem
807 3401 960 3464 Clemens
985 3401 1131 3463 universa
1155 3400 1302 3464 clenodia
1328 3401 1445 3462 domus
1467 3403 1527 3482 (se-

159 3513 162 3518 '
265 3518 441 3585 questraret
465 3504 506 3587 et)
532 3505 598 3587 ipse
616 3506 768 3570 Clemens
785 3527 848 3588 que
866 3508 964 3590 ipsius
988 3508 1098 3569 Jacobi
1121 3507 1254 3570 fuissent
1278 3507 1429 3569 inunum
1453 3527 1527 3568 con·

263 3629 395 3691 gregare
420 3611 526 3686 debet,
544 3625 574 3673 et
597 3613 726 3675 tandem
752 3613 819 3696 ipsa
844 3615 991 3675 universa
1008 3613 1155 3676 clenodia
1177 3612 1290 3696 prelati
1315 3613 1428 3675 Jacobi
1447 3613 1527 3675 inter

265 3734 321 3777 eos
344 3729 375 3778 et
399 3716 480 3778 alios
504 3766 511 3780 .
537 3766 545 3780 .
571 3717 670 3800 ipsius
694 3720 803 3782 Jacobi
829 3719 929 3781 dividi
957 3719 1085 3782 debent.

370 3821 448 3884 ltem
486 3823 626 3886 Brumen
658 3838 766 3887 contra
799 3826 921 3888 Lulram
954 3825 1093 3908 judicem
1126 3827 1157 3888 in
1191 3826 1296 3908 primo
1327 3825 1447 3908 judicio
1480 3845 1527 3886 re·

265 3927 448 4008 spondebit.

371 4033 450 4095 ltem
474 4055 567 4097 causa
593 4035 745 4119 Stephani
770 4037 863 4120 jurati
886 4051 995 4100 contra
1020 4038 1127 4100 Endre
1153 4037 1219 4121 Syb
1252 4059 1308 4121 per
1331 4039 1472 4101 Brumen
1498 4052 1528 4100 et

264 4140 450 4223 Gyaninum
474 4141 613 4224 juratum
638 4143 678 4205 ad
702 4144 843 4226 primum
868 4144 1023 4224 judicium
1048 4144 1088 4206 ad
1113 4164 1225 4226 pacem
1252 4159 1299 4207 est
1323 4159 1459 4228 recepta.

369 4246 448 4310 ltem
462 4247 580 4310 Paulus
604 4263 705 4312 sartor
728 4263 838 4312 contra
863 4249 1050 4334 Gyaninum
1075 4249 1214 4332 juratum
1240 4255 1328 4313 sexto
1353 4272 1386 4313 se
1410 4266 1525 4314 octavo

265 4353 316 4414 die
340 4353 467 4435 jurabit,
492 4354 580 4435 quod
605 4356 671 4439 ipse
696 4354 855 4438 prefatum
881 4356 1067 4439 Gyaninum
1092 4375 1156 4418 non
1181 4357 1401 4439 vituperasset.

371 4461 449 4524 Item
473 4464 560 4526 idem
578 4462 697 4525 Paulus
713 4477 813 4525 sartor
837 4477 946 4524 contra
972 4461 1139 4525 dominam
1157 4463 1287 4526 Claram
1305 4477 1336 4523 et
1354 4461 1437 4525 filios
1453 4483 1528 4524 suos

263 4567 364 4630 tercio
388 4587 421 4630 se
445 4568 564 4652 jurabit
586 4582 700 4631 octavo
725 4569 789 4648 die,
813 4569 901 4650 quod
925 4569 993 4650 ipse
1021 4568 1138 4630 dictam
1164 4569 1330 4630 dominam
1357 4589 1420 4630 non
1445 4570 1527 4630 vitu-

264 4687 405 4758 perasset
428 4688 459 4737 et
483 4676 570 4758 ipsos
594 4673 678 4737 filios
702 4695 776 4737 suos
800 4693 865 4736 non
889 4675 1087 4757 percusserit.

396 4873 492 4948 Feria
521 4884 619 4948 sexta
648 4879 801 4965 proxima
832 4883 909 4948 ante
935 4877 1056 4948 festum
1084 4877 1179 4949 beate
1208 4877 1400 4950 llatberine.

375 5010 452 5072 Item
491 5012 592 5072 Luras
629 5009 768 5072 famulus
804 5011 961 5094 Delasych
997 5025 1105 5073 contra
1143 5012 1335 5076 Damianum
1368 5013 1526 5102 hlebopck

263 5117 370 5201 primo
400 5117 513 5180 citatus
539 5137 603 5179 non
627 5118 816 5200 comparuit.
