3876 5798
410 589 475 649 424
796 569 884 627 Anno
908 579 1000 644 1445.
1026 599 1066 610 -
1084 579 1138 643 31.
1162 567 1288 640 augusti.

414 783 482 865 ipsa
507 785 635 844 bursam
660 795 691 844 et
715 781 879 843 camisiam
896 799 953 862 per
976 777 1152 860 predictam
1171 777 1380 839 Katherinam
1404 777 1574 838 mulierem
1592 775 1675 837 circa

414 891 515 972 ipsam
541 888 676 950 Elenam
701 887 843 970 puellam
869 885 1094 968 recaptivatam
1118 902 1176 966 pro
1201 903 1258 946 sua
1281 884 1409 966 propria
1434 883 1570 966 pecunia
1593 883 1673 944 emit

412 1009 444 1058 et
467 1014 532 1058 non
556 995 684 1056 emisset
706 1013 776 1055 earn
801 1013 859 1075 pro
875 991 1011 1074 pecunia
1036 990 1137 1073 ipsius
1160 990 1335 1052 Katherine
1352 990 1506 1068 mulieris,
1529 1008 1587 1051 nec
1605 989 1673 1071 ipsa

413 1102 515 1164 Eleus
546 1101 653 1184 puella
685 1101 827 1182 aliquam
859 1098 1028 1180 pecuniam
1061 1099 1101 1158 ab
1133 1097 1200 1179 ipsa
1231 1097 1404 1158 Katherina
1438 1096 1572 1158 muliere
1596 1095 1677 1156 alias

413 1208 544 1270 domina
568 1226 624 1268 sua
648 1207 864 1284 subtraxisset,
887 1204 993 1266 sedin
1016 1204 1105 1266 totali
1124 1203 1255 1266 accione
1279 1217 1310 1266 et
1333 1203 1552 1285 acquisicione
1577 1202 1677 1284 ipsius

413 1312 587 1375 Katheriue
612 1312 756 1374 mulieris
780 1311 935 1374 innocens
960 1310 1000 1372 sit
1015 1310 1142 1392 penitus
1163 1323 1194 1372 et
1217 1310 1359 1388 innoxia,
1384 1322 1415 1370 et
1431 1308 1578 1391 deposito
1602 1307 1673 1389 ipso

416 1421 596 1504 juramento
628 1439 684 1502 per
715 1419 889 1501 predictam
923 1417 1058 1480 Elenatu
1090 1415 1232 1499 puellam
1256 1417 1323 1499 ipsa
1355 1415 1530 1477 Katherina
1561 1413 1678 1474 mulier

413 1529 472 1611 ipsi
499 1527 598 1589 Elene
622 1525 729 1608 puelle
753 1525 785 1586 in
803 1525 877 1586 vivo
895 1523 1073 1606 (h)omagio
1101 1524 1288 1602 remanebit,
1305 1522 1404 1604 judici
1430 1535 1536 1584 autem
1565 1531 1596 1582 et
1623 1518 1672 1599 ju·

414 1635 490 1697 ratis
514 1653 571 1716 pro
596 1652 646 1712 eo,
670 1632 758 1715 quod
790 1631 1013 1714 potencialiter
1044 1643 1075 1692 et
1100 1630 1288 1692 auctoritate
1319 1629 1449 1711 propria
1473 1626 1617 1689 transivit
1641 1640 1673 1687 et

412 1741 537 1824 aperuit
559 1741 671 1802 cistam
696 1739 795 1822 ipsius
819 1737 920 1799 Elene
944 1735 1051 1819 puelle
1084 1737 1117 1798 in
1140 1737 1281 1820 reposito
1312 1737 1393 1798 circa
1419 1735 1583 1798 Thornam
1605 1753 1669 1795 sar-

412 1861 515 1910 torem
540 1846 683 1908 habitam
708 1843 911 1926 inpotencia
938 1843 1125 1906 remanebit.

521 1972 598 2034 Item
631 1969 768 2032 Michael
793 1969 923 2051 sellipar
946 1967 1031 2030 filius
1047 1967 1137 2029 Pauli
1155 1967 1294 2050 Tolway
1319 1985 1374 2047 per
1398 1966 1675 2048 adjudicacionem

415 2079 592 2160 juratorum
616 2077 716 2139 tercio
740 2096 774 2138 se
798 2075 942 2158 personis
969 2073 1030 2136 sibi
1062 2073 1221 2135 similibus
1251 2088 1365 2134 octavo
1389 2072 1441 2136 die
1466 2087 1576 2135 contra
1600 2071 1676 2135 Cle-

415 2201 556 2248 meutem
581 2183 773 2265 lreniparem
798 2183 935 2265 juratum
956 2200 1051 2262 super
1073 2199 1160 2240 aram
1185 2194 1291 2242 sancte
1309 2179 1422 2242 Crucis
1447 2194 1590 2262 presente
1615 2179 1671 2240 ho-

414 2292 501 2353 mine
525 2304 635 2353 nostro
659 2290 762 2373 jurare
786 2289 947 2350 tenebitur
963 2307 1058 2370 super
1075 2306 1124 2361 eu,
1146 2300 1181 2349 ut
1204 2287 1271 2368 ipse
1289 2283 1446 2369 prelatum
1473 2285 1676 2348 Clementem

414 2397 564 2479 juratum,
589 2397 666 2458 dum
691 2395 730 2458 ad
763 2394 869 2458 forum
900 2394 999 2455 sancti
1024 2393 1089 2454 Viti
1121 2393 1152 2453 in
1178 2393 1330 2475 Brynnya
1361 2391 1514 2453 celebrari
1546 2391 1676 2453 solitum

415 2503 643 2586 pervenissent,
667 2515 698 2564 et
722 2503 753 2563 in
779 2501 891 2563 eadem
913 2501 1064 2583 Brynnya
1088 2499 1120 2560 in
1145 2497 1260 2561 eodem
1279 2497 1349 2559 loro
1373 2498 1504 2560 annuali
1530 2496 1674 2575 luissent,

413 2629 478 2671 non
502 2609 686 2672 tradidisset
709 2627 767 2670 nec
784 2607 942 2690 prodisset
966 2625 1072 2688 neque
1096 2605 1239 2688 aliquam
1256 2605 1478 2687 prodicionem
1497 2624 1555 2666 nec
1579 2604 1676 2665 tradi-

413 2716 538 2778 cionem
563 2735 657 2798 super
681 2714 820 2776 eundem
846 2712 1050 2776 Clementem
1083 2711 1221 2792 juratum
1253 2725 1370 2773 eotunc
1401 2711 1603 2792 aliquatenus
1628 2709 1675 2771 le·

413 2823 516 2900 cisset‚
540 2822 595 2884 sed
620 2822 653 2883 in
677 2821 767 2883 totali
791 2821 922 2882 accione
947 2833 978 2881 et
1001 2818 1218 2899 acquisicione
1250 2818 1326 2880 dicti
1352 2817 1533 2881 Clementis
1557 2818 1675 2880 actoris

415 2929 570 2990 innocens
593 2929 633 2990 sit
656 2928 783 3010 penitus
807 2941 838 2988 et
861 2926 1020 2988 innoxius.

521 3051 599 3113 Item
625 3051 700 3134 quia
725 3051 858 3134 provide
890 3050 1041 3112 mulieres
1064 3053 1173 3131 Agnes
1197 3049 1304 3110 relicta
1330 3061 1360 3110 et
1385 3049 1584 3130 Margaretha
1609 3047 1674 3109 filia

415 3158 552 3220 condam
577 3158 704 3220 Nicolai
722 3157 918 3239 Herwathyn
937 3157 969 3217 id
993 3175 1065 3218 cum
1082 3153 1253 3217 sufficienti
1267 3169 1297 3218 et
1311 3153 1474 3236 fidedigno
1493 3169 1674 3216 nostrorum

414 3265 596 3326 concivium
620 3265 808 3326 testimonio
833 3264 864 3325 in
889 3263 963 3325 sede
988 3277 1095 3324 nostra
1124 3261 1287 3343 judiciaria
1321 3261 1403 3322 clare
1428 3263 1679 3343 comprobarunt

415 3391 521 3433 coram
547 3371 651 3448 nobis,
677 3384 710 3431 ut
734 3370 811 3432 dum
837 3369 990 3452 providus
1013 3369 1151 3431 condam
1175 3367 1223 3429 vir
1247 3369 1350 3430 Lucas
1373 3381 1474 3428 sartor
1499 3365 1584 3428 filius
1607 3386 1678 3448 pre-

415 3475 471 3539 fati
504 3477 641 3538 condam
677 3477 802 3538 Nicolai
836 3475 1035 3557 Horwathyn
1073 3473 1157 3536 filius
1188 3474 1328 3556 predicte
1359 3473 1493 3555 Agnetis
1523 3473 1680 3552 mulieris,

415 3582 511 3645 irater
535 3603 611 3645 vero
635 3584 742 3644 senior
758 3583 901 3643 uterinus
925 3595 956 3644 et
980 3581 1115 3669 carnalis
1139 3580 1238 3663 ipsius
1255 3579 1456 3661 Margarethe
1480 3579 1626 3642 mulieris
1642 3579 1677 3639 in

414 3689 562 3750 extremis
585 3689 648 3750 vite
672 3709 728 3750 sue
745 3688 930 3771 temporalis
953 3688 1138 3766 laborasset,
1163 3701 1238 3748 tunc
1255 3687 1322 3768 ipse
1346 3685 1520 3768 quamdam
1546 3685 1675 3746 vineam

414 3815 504 3856 suam
540 3794 797 3856 condicionalem
832 3795 864 3856 in
897 3795 1057 3856 territorio
1091 3793 1226 3855 civitatis
1257 3792 1398 3874 predicte
1432 3792 1515 3853 inter
1545 3791 1674 3852 vineam

416 3902 502 3963 Luce
526 3900 642 3962 sutoris
658 3901 742 3962 dicte
766 3901 932 3983 Arlandyu
950 3914 981 3961 et
999 3899 1126 3962 Thome
1147 3897 1381 3982 Jakchewnycb
1398 3897 1551 3978 habitam,
1569 3899 1676 3980 ipsum

417 4010 536 4069 Lucam
562 4021 715 4069 sartorem
740 4007 873 4088 juridice
891 4021 921 4068 et
942 4006 1114 4068 literatorie
1132 4018 1390 4082 concernentem,
1406 4025 1478 4066 cum
1503 4005 1568 4066 suis
1592 4003 1678 4065 utili-

415 4115 533 4176 tatibus
557 4127 588 4176 et
620 4115 826 4197 pertinenciis
856 4113 1013 4174 universis
1044 4112 1194 4194 predictis
1225 4112 1342 4193 Agneti
1373 4111 1466 4172 matri
1499 4125 1530 4173 et
1554 4111 1679 4191 Marga-

415 4220 503 4282 rethe
520 4220 632 4300 sorori,
646 4221 721 4300 suis,
738 4220 906 4301 legavisset
918 4233 949 4281 et
966 4219 1137 4280 dimisisset
1153 4217 1221 4299 jure
1236 4215 1423 4299 perhennali
1438 4215 1679 4299 possidendam,

416 4328 554 4410 ideoque
579 4347 637 4388 nos
667 4327 843 4410 predictam
876 4327 1002 4388 vineam
1035 4325 1292 4387 condicionalem
1324 4325 1356 4386 in
1380 4323 1544 4386 vicinitate
1568 4343 1679 4406 supra·

416 4434 500 4496 dicta
524 4433 676 4510 habitam,
702 4453 773 4495 curn
792 4434 954 4516 premissis
971 4433 1092 4494 cunctis
1112 4432 1177 4493 suis
1202 4431 1403 4508 utilitatibus,
1420 4430 1679 4511 condicionequc

416 4541 494 4601 sexti
520 4540 628 4600 cubuli
653 4560 689 4602 ac
714 4540 917 4621 pertinenciis
943 4539 1099 4621 universis
1120 4537 1270 4620 predictis
1286 4537 1403 4618 Agneti
1428 4537 1521 4598 matri
1547 4550 1578 4598 et
1595 4537 1680 4596 Mar·

414 4645 545 4727 garethe
569 4646 670 4707 sorori
695 4646 795 4728 ipsius
818 4646 902 4707 Luce
927 4665 963 4706 ac
987 4664 1043 4727 per
1067 4665 1120 4706 eas
1149 4645 1287 4726 ipsarum
1313 4643 1485 4704 heredibus
1508 4641 1679 4703 statuimus

415 4772 453 4813 ex
478 4753 637 4832 premissis
667 4767 821 4834 perpetuo
854 4749 1081 4834 possidendam
1114 4764 1145 4812 et
1176 4747 1487 4831 quomodocumque
1518 4749 1681 4811 voluerint

415 4859 649 4941 disponendam
689 4859 774 4940 juxta
817 4858 1041 4920 condicionem
1083 4857 1218 4918 civitatis
1261 4869 1426 4940 prenotate
1462 4857 1501 4919 ab
1545 4855 1680 4938 antiquo

415 4967 635 5049 approbatam.
