3734 5796
568 553 769 634 Ann01436.
793 591 837 600 -
860 568 907 634 17.
931 555 1065 634 augusti.
1393 573 1410 616 2
1417 571 1455 636 55

185 663 334 670 ....———.

186 767 256 849 ipse
280 767 390 829 nullus
415 767 574 829 bursicida
598 789 657 832 nec
680 769 846 832 taxillusor
870 765 971 829 salsus
997 787 1057 828 nec
1075 767 1227 850 deceptor
1257 787 1316 830 nec
1340 768 1458 850 aliquis

185 874 318 936 delusor
334 875 447 952 extitit,
472 895 575 955 neque
593 876 693 937 eciam
711 876 815 937 socius
840 873 1024 935 huiusmodi
1043 872 1262 935 maleficorum
1280 874 1454 938 hominum

186 977 265 1056 luit;
290 993 321 1042 et
344 983 419 1062 quia
443 981 573 1042 tandem
596 981 662 1064 ipse
680 981 804 1044 Blasius
829 981 932 1062 ipsum
950 999 1044 1040 suum
1061 979 1276 1062 juramentum
1301 980 1453 1062 deposuit

186 1087 256 1168 ipso
281 1101 396 1149 octavo
421 1087 483 1166 die,
509 1087 582 1148 ideo
607 1089 711 1170 ipsum
736 1086 936 1148 reddidimus
959 1084 1027 1148 fore
1052 1086 1248 1168 expeditum.

293 1193 371 1254 ltem
396 1194 512 1255 Januse
537 1195 702 1256 Kozmacb
726 1192 811 1256 filius
835 1193 920 1254 lwan
938 1192 976 1253 de
1002 1192 1167 1254 Kozmach
1192 1193 1293 1255 eciam
1319 1213 1375 1276 per
1399 1194 1454 1256 ad·

184 1298 423 1381 judicacionem
448 1297 626 1380 juratorum
650 1313 740 1362 sexto
762 1320 795 1360 se
819 1299 964 1382 personis
986 1299 1081 1360 debet
1104 1298 1208 1380 jurare
1232 1319 1328 1382 super
1351 1320 1401 1379 eo,
1420 1314 1455 1364 ut

186 1405 253 1487 ipse
279 1406 389 1467 nullus
412 1407 570 1468 bursicida
596 1425 655 1468 nec
677 1406 794 1488 aliquis
818 1405 971 1467 taxilusor
990 1425 1048 1466 nec
1071 1404 1224 1488 deceptor
1240 1426 1295 1466 seu
1320 1405 1451 1468 delusor

186 1511 290 1572 extitit
314 1531 373 1574 nec
396 1511 582 1574 huiusmodi
608 1511 827 1574 maleficorum
852 1511 1023 1572 hominum
1051 1511 1158 1573 socius
1183 1509 1304 1574 luisset.

203 1729 303 1803 Faria
332 1735 440 1804 tercia
468 1737 622 1822 proxima
641 1741 719 1821 post
746 1732 869 1804 festum
896 1731 1124 1821 Deposlclonis
1152 1734 1266 1804 sancti
1295 1731 1443 1804 ladislai

773 1877 872 1946 regis.

731 2007 795 2090 (31.
812 2007 914 2090 julia).

295 2152 373 2213 ltem
399 2151 515 2213 Januse
540 2149 624 2212 filius
649 2151 759 2212 Maren
784 2149 824 2211 de
849 2149 924 2211 villa
954 2149 1063 2211 Mesna
1091 2169 1147 2231 per
1171 2148 1448 2230 adjudicacionem

191 2273 369 2339 juratorum
401 2257 513 2318 debuit
544 2257 648 2338 jurare
680 2255 757 2318 feria
789 2270 873 2316 sexta
908 2255 1057 2316 videlicet
1082 2255 1113 2315 in
1146 2253 1227 2316 festo
1253 2254 1454 2316 lnvencionis

187 2364 332 2445 corporis
355 2364 455 2432 sancti
480 2363 634 2444 Stephani
658 2361 913 2444 prothomartiris
941 2374 1029 2422 sexto
1052 2381 1085 2422 se
1109 2361 1254 2443 personis
1277 2361 1338 2421 sibi
1362 2360 1449 2422 simi·

187 2470 272 2531 libus
297 2471 330 2530 in
355 2470 488 2531 ecclesia
512 2469 596 2531 beati
622 2469 720 2530 Marci
744 2467 948 2549 ewangeliste
977 2487 1072 2550 super
1095 2486 1183 2528 aram
1206 2481 1313 2528 sancte
1338 2466 1450 2544 crucis,

188 2589 223 2638 ut
254 2577 323 2658 ipse
356 2597 414 2638 nec
445 2575 605 2638 bursicida
637 2594 695 2637 nec
726 2575 843 2656 aliquis
876 2574 1029 2635 taxilusor
1060 2593 1119 2634 nec
1153 2573 1270 2653 aliquis
1301 2571 1452 2653 deceptor

189 2683 343 2744 extitisset
367 2703 425 2744 nec
450 2683 551 2744 eciam
575 2682 680 2744 socius
703 2680 888 2743 huiusmodi
907 2679 1125 2742 maleficorum
1143 2679 1312 2742 hominum
1329 2677 1450 2739 luisset.

203 2902 299 2976 laria
328 2910 427 2974 sexta
455 2903 610 2992 proxima
642 2908 720 2990 post
757 2899 880 2972 festum
918 2898 1172 2989 Assumpcionis
1201 2899 1298 2970 beate
1326 2899 1441 2970 llarie.

702 3065 762 3130 (17.
785 3055 928 3131 augusta).

293 3196 372 3258 Item
398 3195 520 3277 Stoyko
545 3207 647 3256 sartor
671 3207 781 3256 contra
806 3193 1005 3276 Stephanum
1034 3189 1254 3273 Oczthowych
1279 3189 1383 3271 primo
1409 3188 1454 3249 ci-

191 3315 274 3364 tatus
297 3321 364 3363 non
388 3301 578 3383 comparuit.

298 3409 376 3470 ltem
401 3408 511 3469 Maren
536 3406 620 3469 filius
637 3406 748 3468 Maren
766 3406 806 3467 de
824 3403 1068 3486 Skopblyalulra
1086 3403 1232 3464 similiter
1248 3421 1305 3483 per
1330 3400 1454 3483 adjudi-

193 3516 356 3577 cationem
382 3513 557 3595 juratorum
590 3513 702 3574 debuit
732 3525 821 3573 sexto
848 3531 880 3571 se
912 3509 1057 3592 personis
1081 3510 1113 3571 in
1145 3509 1285 3591 predicta
1319 3507 1453 3569 ecclesia

191 3622 291 3683 sancti
317 3621 415 3682 Marci
439 3640 535 3702 super
557 3639 645 3682 aram
669 3639 764 3701 super
787 3637 837 3696 eu,
861 3631 896 3677 ut
919 3617 986 3698 ipse
1006 3635 1064 3678 nec
1089 3617 1198 3678 bursas
1230 3613 1369 3695 precisit‚
1395 3633 1453 3674 nec

191 3728 308 3809 aliquis
331 3726 517 3789 huiusmodi
542 3724 705 3787 maleficus
730 3725 828 3787 homo
859 3742 916 3784 seu
940 3723 1091 3804 deceptor
1124 3721 1294 3796 extitisset;
1320 3731 1350 3781 et
1378 3718 1453 3799 quia

191 3834 258 3915 ipse
283 3833 387 3914 ipsum
412 3831 627 3913 juramentum
655 3832 791 3913 prestitit
823 3844 858 3890 ut
889 3829 1010 3909 debuit,
1036 3829 1174 3910 ideoque
1207 3828 1312 3909 ipsum
1346 3825 1452 3887 reddi·

190 3941 297 4002 dimus
323 3944 390 4002 lore
415 3939 611 4021 expeditum.

299 4045 378 4108 ltem
403 4047 478 4127 quia
510 4045 611 4107 eciam
641 4043 817 4124 Gregorius
848 4042 932 4104 filius
965 4041 1102 4104 Emerici
1128 4039 1249 4102 Malecz
1284 4039 1323 4100 de
1348 4037 1453 4101 Crisio

191 4173 249 4235 per
273 4151 550 4234 adjudicacionem
582 4151 759 4232 juratorum
791 4162 879 4210 sexto
912 4169 944 4210 se
969 4148 1113 4230 personis
1144 4147 1176 4208 in
1201 4145 1335 4207 ecclesia
1370 4145 1452 4205 beati

190 4260 291 4322 Marci
317 4259 523 4340 ewangeliste
547 4277 642 4340 super
674 4277 761 4318 aram
789 4256 822 4317 in
853 4255 997 4338 predicto
1030 4253 1110 4316 festo
1135 4251 1338 4314 lnvencionis
1370 4250 1453 4312 beati

190 4364 344 4448 Stephani
378 4364 635 4446 prothomartiris
665 4381 759 4424 suum
791 4361 1006 4442 jurameutum
1038 4379 1132 4442 super
1163 4379 1202 4420 eo
1234 4356 1393 4440 deposuit,
1419 4369 1454 4416 ut

189 4472 258 4553 ipse
282 4470 390 4532 nullus
414 4470 574 4532 bursicida
597 4489 655 4530 nec
680 4467 796 4549 aliquis
819 4468 971 4550 deceptor
987 4487 1043 4529 seu
1068 4466 1197 4528 delusor
1224 4464 1337 4542 extitit,
1362 4463 1451 4524 ideo·

189 4597 254 4660 que
278 4577 384 4658 ipsum
409 4575 602 4656 Gregorium
627 4574 827 4636 reddidimus
850 4573 917 4636 fore
943 4573 1138 4656 expeditum.

298 4683 377 4746 ltem
402 4681 583 4765 Stephanus
605 4683 712 4743 Banus
736 4681 857 4763 juratus
879 4681 1030 4762 antiquus
1058 4691 1168 4740 contra
1193 4677 1392 4760 Stephanum
1417 4674 1452 4736 fi-

189 4789 270 4852 lium
295 4788 475 4851 Clementis
499 4786 657 4850 Praudich
681 4787 786 4869 primo
810 4787 925 4848 citatus
948 4806 1013 4847 nou
1039 4784 1228 4868 comparuit.

296 4895 374 4956 ltem
399 4895 544 4977 Mathyas
568 4894 608 4955 de
625 4894 710 4974 Vgra
734 4907 842 4955 contra
861 4895 1061 4955 Ztanltonem
1079 4893 1267 4953 servitorem
1294 4889 1449 4950 Anthonii

189 5001 282 5083 jurati
307 5002 405 5062 nostri
430 5001 577 5062 moderni
602 4999 658 5061 filii
685 4999 817 5080 Georgii
842 5001 947 5082 primo
972 4999 1085 5061 citatus
1111 5018 1175 5059 non
1202 4996 1391 5078 comparuit.
