3734 5796
855 537 941 593 Anno
964 547 1052 613 1437.
1079 571 1119 580 —
1143 551 1195 612 23.
1212 537 1297 612 julii.

547 747 623 808 ltem
649 748 814 808 Emericus
838 761 926 808 sutor
942 747 1045 808 dictus
1070 748 1180 810 Skerta
1198 759 1307 810 contra
1329 748 1538 810 Dominicum
1563 762 1682 810 sutorem

443 854 545 916 lilium
571 854 701 936 Mathye
724 854 830 936 primo
855 855 969 916 citatus
993 873 1058 916 non
1083 855 1273 936 comparuit.

550 960 627 1021 ltem
651 979 707 1042 per
737 959 1014 1047 adjudiqacionem
1046 961 1221 1041 juratorum
1250 981 1330 1023 uxor
1363 960 1496 1042 Georgii
1522 961 1681 1044 purgatoris

441 1067 624 1150 gladiorum
649 1079 762 1128 octavo
787 1066 839 1128 die
856 1086 950 1149 super
966 1087 1052 1128 aram
1070 1082 1177 1130 sancte
1194 1067 1309 1130 Crucis
1328 1067 1423 1130 debet
1439 1068 1580 1130 solitaria
1601 1067 1685 1148 jurare

442 1195 537 1257 super
562 1193 611 1248 eo,
636 1187 670 1234 ut
695 1173 760 1254 ipsa
786 1170 874 1234 illam
899 1173 998 1234 ollam
1024 1193 1087 1256 que
1110 1173 1169 1236 luit
1193 1174 1233 1235 ad
1258 1174 1417 1254 justiciam
1442 1174 1605 1256 producta,
1626 1192 1685 1234 cum

443 1279 580 1363 propriis
604 1279 748 1362 pecuniis
772 1281 811 1340 ab
837 1298 935 1340 uxore
953 1280 1035 1341 Petri
1062 1279 1218 1361 lucifiguli
1244 1281 1283 1341 de
1309 1280 1447 1342 lwanich
1471 1279 1650 1362 comparuit.

550 1385 627 1448 ltem
656 1385 809 1447 Nicolaus
831 1384 916 1447 lilius
940 1384 1087 1466 Gregorii
1113 1387 1151 1447 de
1177 1387 1312 1467 Zagoria
1345 1407 1400 1469 per
1428 1386 1685 1467 adjudicationem

443 1491 620 1572 juratorum
637 1491 732 1552 debet
749 1505 864 1554 octavo
888 1492 940 1554 die
964 1512 1163 1574 superatam
1180 1507 1286 1555 sancte
1311 1492 1425 1556 Crucis
1448 1495 1548 1556 tercio
1572 1515 1602 1555 se
1616 1493 1687 1554 simi·

442 1599 527 1659 libus
551 1597 695 1680 personis
719 1598 814 1660 debet
838 1596 940 1677 jurare
963 1619 1059 1680 super
1076 1618 1127 1678 en,
1151 1613 1186 1661 ut
1209 1600 1327 1681 ipsein
1351 1600 1425 1661 ollis
1445 1600 1529 1663 Petri
1553 1599 1686 1680 lucifiguli

444 1704 483 1764 de
508 1704 645 1765 lwanich
672 1725 729 1765 nec
754 1703 870 1766 furtive
895 1725 954 1766 nec
978 1704 1062 1784 jactu
1080 1704 1197 1788 lapidis
1221 1705 1354 1787 aliquod
1379 1707 1507 1788 penitus
1530 1706 1686 1788 dampnum

444 1809 529 1888 lecit,
563 1830 621 1872 nec
654 1811 686 1872 in
718 1810 870 1872 societate
901 1811 1064 1873 talismodi
1097 1809 1351 1890 malefactorum,
1384 1813 1440 1894 qui
1473 1814 1532 1894 ipsi
1564 1789 1686 1895 predicto

444 1917 536 1978 Petro
561 1916 727 1998 lucifigulo
751 1917 929 1998 dampnum
954 1918 984 1978 in
1010 1918 1083 1979 ollis
1108 1917 1260 1997 fecerunt,
1285 1917 1345 1980 fuit
1369 1919 1537 2000 particeps.

551 2023 628 2084 ltem
654 2023 729 2105 quia
754 2027 847 2084 Anna
871 2022 936 2084 filia
954 2023 1074 2085 Mathai
1095 2025 1135 2086 de
1152 2023 1354 2106 Garignycza
1379 2026 1411 2086 in
1430 2025 1595 2087 manifesto
1611 2023 1686 2085 lutti-

446 2127 531 2189 cinio
557 2142 587 2189 et
610 2128 680 2189 aliis
704 2127 850 2210 pluribus
873 2127 1038 2190 maleficiis
1071 2131 1198 2211 publice
1223 2144 1254 2191 et
1279 2128 1445 2192 manifeste
1476 2145 1616 2213 repperta
1638 2143 1685 2207 est,

447 2234 586 2315 ideoque
617 2234 711 2315 jurati
744 2232 921 2314 judicantes
953 2235 1184 2298 commiserunt
1215 2237 1270 2297 tali
1302 2236 1412 2316 modo,
1444 2251 1478 2298 ut
1509 2238 1575 2319 ipsa
1596 2242 1684 2312 Anna,

448 2339 567 2422 Loytra
591 2340 830 2422 cognominata,
853 2360 912 2422 pro
936 2341 1053 2403 talibus
1084 2342 1149 2403 suis
1173 2341 1338 2404 maleficiis
1369 2343 1451 2404 circa
1475 2343 1685 2406 mediastinum

443 2465 500 2528 per
524 2465 634 2508 aurem
660 2446 756 2508 debet
779 2445 866 2527 alfigi
892 2461 922 2508 et
949 2449 1092 2530 apercuti
1125 2467 1198 2510 cum
1222 2448 1314 2510 clavo
1344 2462 1376 2510 et
1398 2451 1529 2512 tandem
1553 2450 1684 2510 cumba·

446 2552 526 2614 culis
549 2553 683 2635 turpiter
700 2553 795 2614 debet
818 2554 889 2615 cedi
907 2567 939 2615 et
962 2555 1079 2636 expelli
1104 2555 1143 2616 de
1168 2555 1294 2616 civitate
1319 2568 1350 2616 et
1373 2556 1443 2616 eius
1466 2557 1618 2618 territorio
1638 2555 1686 2616 sub

443 2659 499 2720 tali
524 2679 619 2741 pena,
642 2660 730 2740 quod
756 2659 823 2741 ipsa
847 2660 980 2721 ulterius
1003 2680 1169 2742 nunquam
1193 2661 1233 2722 ad
1251 2661 1412 2724 civitatem
1438 2675 1469 2724 et
1492 2663 1558 2724 eius
1580 2661 1687 2730 territo·

445 2765 528 2826 rium
543 2766 657 2827 debeat
671 2765 798 2843 intrare,
815 2785 878 2846 que
895 2767 920 2826 si
942 2765 980 2826 de
994 2778 1100 2828 cetero
1124 2767 1156 2828 in
1175 2767 1243 2848 ipsa
1259 2767 1385 2828 civitate
1411 2769 1527 2830 eteius
1548 2767 1687 2830 territorio

446 2871 643 2953 deprehensa
668 2871 774 2950 luerit,
787 2871 872 2952 juxta
896 2892 951 2933 sua
977 2873 1131 2934 demerita
1148 2893 1265 2954 penam
1290 2893 1388 2954 quam
1413 2874 1568 2937 demeruit
1582 2873 1687 2956 justicia

445 2991 475 3040 et
498 2977 644 3040 libertate
678 2991 785 3040 nostra
817 2979 1016 3062 privilegiata
1049 2979 1230 3061 requirente
1262 2994 1477 3062 consequetur
1509 2982 1573 3063 ipso
1607 2977 1686 3040 lacto.

488 3212 584 3286 Faria
613 3218 720 3287 tercia
749 3218 902 3305 proxima
930 3223 1007 3305 post
1034 3217 1156 3289 festum
1184 3225 1301 3289 sancte
1330 3219 1435 3290 llarie
1464 3218 1653 3308 Magdalane.

968 3374 1033 3449 (23.
1049 3367 1151 3448 Jiclii).

551 3509 629 3570 ltem
655 3509 838 3571 Anthonius
861 3510 1034 3591 agricultor
1057 3509 1141 3572 filius
1162 3510 1283 3574 Cosme
1307 3525 1417 3574 contra
1442 3512 1604 3574 Nicolaum
1626 3511 1684 3571 lite·

444 3629 548 3676 ratum
572 3613 675 3676 filium
700 3616 810 3677 Jacobi
834 3617 940 3698 primo
964 3617 1077 3678 citatus
1102 3637 1167 3678 non
1191 3619 1380 3700 comparuit.

552 3721 630 3782 Item
663 3722 840 3804 Elyzabeth
869 3723 977 3784 relicta
1002 3723 1156 3785 Anthonii
1183 3725 1347 3808 Pestelych
1379 3725 1488 3788 citavit
1519 3723 1685 3787 Farkasium

444 3827 547 3890 lilium
573 3827 680 3910 Egidii
698 3829 737 3890 de
763 3829 921 3908 Klokoch,
946 3830 1002 3911 qui
1024 3850 1110 3891 nunc
1127 3830 1166 3892 ad
1191 3831 1380 3893 instanciam
1403 3832 1452 3893 sui
1470 3833 1571 3915 primo
1588 3830 1684 3893 citatus

444 3954 509 3996 non
536 3935 725 4016 comparuit.

550 4041 627 4102 Item
653 4043 764 4103 Petrus
788 4041 872 4103 lilius
897 4040 1007 4105 Guralr
1032 4043 1070 4104 de
1095 4059 1204 4105 sancto
1229 4044 1321 4127 Elya‚
1353 4046 1409 4127 qui
1434 4059 1562 4128 propter
1583 4041 1684 4104 lurtum

445 4148 656 4210 incarceratus
679 4147 750 4226 luit,
775 4168 831 4230 per
855 4148 1132 4228 adjudicationem
1165 4149 1341 4230 juratorum
1373 4151 1491 4233 jurabit
1516 4165 1620 4212 octavo
1643 4146 1684 4206 die

445 4267 533 4314 sexto
558 4275 591 4315 se
624 4255 769 4335 personis
792 4274 887 4335 super
919 4274 969 4334 eo,
993 4267 1028 4315 ut
1060 4255 1126 4336 ipse
1155 4256 1282 4317 nullum
1314 4255 1434 4320 furtum
1457 4271 1595 4340 tempore
1616 4267 1685 4314 treu-

447 4379 557 4440 garum
586 4360 617 4420 in
654 4361 781 4423 civitate
812 4360 933 4442 prelata
966 4375 996 4422 et
1027 4362 1096 4422 eius
1126 4363 1287 4423 territorio
1311 4383 1377 4424 non
1408 4363 1568 4425 commisit
1588 4378 1638 4422 nec
1659 4357 1684 4417 in

447 4466 598 4526 societate
624 4464 729 4527 furum
755 4467 942 4529 ambulavit.

550 4571 627 4632 ltem
662 4571 839 4652 Gregorius
876 4571 961 4633 filius
993 4572 1148 4634 lobannis
1184 4572 1222 4634 de
1254 4588 1363 4636 sancto
1403 4574 1547 4657 Georgio
1576 4574 1610 4635 de
1636 4569 1684 4631 sub

444 4676 557 4737 Belecz
581 4679 682 4739 eciam
708 4698 763 4760 per
788 4678 1064 4758 adjudicationem
1095 4678 1272 4760 juratorum
1306 4695 1395 4743 sexto
1419 4701 1452 4744 se
1477 4680 1613 4764 personis
1633 4673 1682 4736 sibi

442 4783 600 4845 similibus
625 4786 655 4845 in
683 4786 814 4846 ecclesia
843 4785 942 4846 sancti
969 4785 1066 4846 Marci
1099 4805 1195 4868 super
1217 4806 1305 4848 aram
1336 4786 1454 4868 jurabit
1478 4809 1572 4871 super
1592 4803 1636 4862 eo,
1655 4792 1682 4841 ut

446 4890 547 4950 eciam
572 4891 698 4952 nullum
732 4890 850 4953 lurtum
883 4893 915 4953 in
948 4893 1075 4954 civitate
1100 4905 1131 4953 et
1162 4893 1230 4954 eius
1254 4893 1415 4956 territorio
1446 4907 1587 4978 tempore
1614 4905 1682 4950 treu-

444 5015 557 5077 garum
582 5012 689 5058 sancte
708 4997 907 5080 Margarethe
926 4999 1058 5081 virginis
1074 5011 1105 5060 et
1122 4999 1259 5062 martiris
1280 5000 1451 5080 commisit,
1476 5020 1535 5063 nec
1558 5001 1586 5062 in
1600 4994 1682 5056 socie·
