3678 5800
565 528 768 608 Ann01434.
794 563 834 574 -
852 541 888 605 5.
911 531 1023 590 martii.
1369 551 1430 611 205

162 752 270 802 torum
286 742 464 803 contentari
481 741 647 803 nolentem
672 740 704 802 in
729 742 927 822 presenciam
943 741 1087 824 ipsorum
1104 745 1269 807 seniorum
1285 743 1429 826 judicum

163 846 357 929 appellatam
381 847 425 909 sic
450 846 708 928 dijudicaverunt
732 859 763 910 et
786 847 1023 912 deliberarunt:
1051 863 1087 910 ut
1110 850 1186 932 quia
1210 851 1278 933 ipse
1303 850 1427 933 Grego-

163 953 230 1015 rius
260 966 349 1017 actor
372 953 405 1016 in
436 952 667 1036 prosecucione
700 951 777 1016 dicti
807 953 857 1016 sui
889 953 988 1017 baltei
1019 973 1079 1017 nec
1111 955 1200 1038 prius
1222 975 1331 1020 coram
1356 957 1432 1040 ipsis

163 1058 274 1140 juratis
298 1059 375 1121 anni
390 1057 534 1144 preteriti
557 1057 598 1121 ad
614 1059 732 1120 trinam
757 1057 900 1142 ipsorum
919 1059 1221 1141 interrogationem,
1243 1081 1302 1124 nec
1319 1080 1428 1124 coram

164 1165 259 1226 nobis
283 1178 360 1248 puta
384 1165 565 1228 senioribus
588 1164 750 1247 judicibus
779 1165 926 1228 similiter
955 1165 995 1228 ad
1020 1167 1136 1229 trinam
1167 1180 1308 1230 nostram
1334 1167 1429 1229 inter·

164 1271 372 1352 rogacionem
396 1271 530 1355 aliquod
547 1271 767 1334 testimonium
793 1271 971 1355 producere
986 1273 1102 1356 potuit,
1127 1273 1261 1356 ipseque
1286 1274 1429 1336 Lauren·

163 1377 232 1440 cius
256 1378 382 1442 institor
405 1377 615 1441 consimiliter
638 1378 678 1440 ad
702 1378 819 1441 trinam
843 1391 985 1442 nostram
1009 1379 1298 1462 interrogacionem
1324 1379 1431 1462 ipsum

164 1483 308 1547 balteum
333 1484 408 1548 dicti
434 1484 584 1568 Gregorii
615 1485 731 1546 actoris
761 1485 802 1546 ab
833 1484 949 1547 eodem
980 1505 1039 1547 nec
1062 1484 1211 1548 habuisse
1236 1505 1294 1548 nec
1319 1505 1428 1569 perce·

165 1592 259 1674 pisse,
283 1611 342 1654 nec
366 1591 506 1654 eundem
532 1589 726 1672 Gregorium
742 1590 922 1674 predictum
946 1611 1040 1654 suum
1059 1591 1201 1656 balteum
1217 1593 1278 1655 sibi
1302 1591 1428 1654 dedisse

163 1698 390 1782 respondebat,
413 1697 552 1781 ideoque
584 1717 644 1760 nos
674 1711 750 1781 puta
784 1698 926 1761 seniores
948 1698 1070 1781 judices
1099 1699 1201 1781 ipsam
1225 1719 1354 1762 causam
1387 1698 1432 1760 sic

165 1803 381 1886 dijudicamus
404 1818 435 1868 et
459 1804 639 1867 decidimus
670 1803 893 1884 deliberand0,
917 1817 952 1867 ut
981 1805 1048 1887 ipse
1081 1805 1278 1868 Laurencius
1302 1805 1428 1868 institor

163 1911 344 1973 secundum
367 1911 578 1994 negacionem
602 1923 633 1973 et
660 1911 903 1994 responsionem
934 1931 1026 1974 suam
1057 1911 1233 1994 predictam
1265 1911 1427 1974 solitarius

165 2017 243 2080 leria
269 2019 406 2102 septima
429 2017 580 2081 videlicet
603 2019 736 2080 sabbato
759 2017 908 2100 proximo
925 2030 997 2100 post
1016 2031 1162 2099 octavam
1182 2019 1277 2080 Pasce
1294 2017 1427 2080 Domini

167 2145 256 2188 nunc
271 2126 416 2208 proxime
433 2137 570 2188 venturo
596 2137 705 2186 contra
729 2123 834 2207 ipsum
852 2123 1046 2206 Gregorium
1063 2137 1203 2187 actorem
1221 2123 1324 2206 jurare
1341 2137 1430 2187 tene·

168 2232 253 2294 bitur
277 2251 374 2314 super
397 2251 436 2294 eo
460 2249 556 2314 super
572 2249 670 2310 aram,
694 2230 783 2312 quod
807 2229 875 2313 ipse
891 2229 1070 2314 predictum
1092 2230 1234 2293 balteum
1257 2230 1333 2292 dicti
1353 2228 1433 2293 Gre-

167 2338 251 2420 gorii
277 2338 393 2400 actoris
416 2338 457 2400 ab
481 2337 596 2400 eodem
621 2356 686 2399 non
711 2335 823 2398 habuit
854 2355 960 2419 neque
991 2337 1144 2420 percepit,
1176 2357 1234 2400 nec
1259 2337 1326 2420 ipse
1353 2335 1434 2400 Gre-

164 2445 278 2528 gorius
310 2459 399 2507 actor
429 2443 551 2506 dictum
583 2442 725 2505 balteum
757 2462 850 2505 suurn
883 2443 942 2526 ipsi
975 2443 1155 2506 Laurentio
1186 2443 1254 2505 ullo
1287 2463 1432 2524 unquam

165 2565 313 2634 tempore
338 2549 428 2613 dedit
451 2569 511 2612 nec
533 2549 717 2632 assignavit,
741 2549 918 2612 nechabet
946 2550 1050 2633 ipsum
1075 2551 1157 2612 circa
1180 2570 1224 2629 se,
1249 2569 1355 2632 neque
1373 2549 1434 2612 scit

164 2677 261 2735 eum3
286 2657 327 2720 de
352 2676 415 2739 qua
440 2655 683 2740 adjudicacione
708 2655 852 2738 ipsorum
883 2656 1047 2719 seniorum
1078 2655 1234 2738 judicium
1259 2656 1327 2739 ipse
1351 2653 1433 2718 Gre-

163 2765 275 2847 gorius
300 2777 389 2826 actor
411 2763 547 2826 omnino
571 2783 603 2824 se
632 2775 820 2826 contentum
850 2763 984 2826 asseruit
1007 2775 1038 2826 et
1058 2763 1166 2826 retulit
1189 2782 1297 2826 coram
1322 2763 1427 2842 nobis,
1488 2795 1490 2798 ·

163 2870 356 2952 ibidemque
387 2889 496 2933 coram
528 2869 622 2931 nobis
653 2867 863 2952 personaliter
886 2883 991 2932 astans
1022 2869 1102 2932 dixit
1130 2882 1161 2931 et
1189 2868 1354 2931 confessus
1387 2882 1434 2930 est

165 2976 347 3039 ministerio
379 2975 451 3038 vive
482 2975 572 3038 vocis
602 2994 658 3037 sue
684 2975 716 3038 in
748 2975 833 3038 hunc
856 2975 1002 3056 modum,
1034 2975 1122 3058 quod
1155 2976 1221 3058 ipse
1252 2975 1432 3058 predictum

165 3083 384 3146 Laurencium
408 3083 586 3146 institorem
619 3083 651 3144 in
676 3102 802 3144 causam
832 3095 1000 3145 attractum
1025 3083 1057 3144 in
1081 3102 1176 3146 causa
1200 3095 1231 3145 et
1254 3081 1337 3144 facto
1361 3100 1434 3164 pre·

164 3189 242 3251 dicti
269 3189 368 3252 baltei
399 3187 537 3269 adjurari
569 3187 673 3251 facere
697 3188 812 3268 noluit,
837 3189 892 3250 sed
917 3189 1030 3272 pocius
1053 3188 1192 3252 eundem
1217 3188 1433 3250 Laurencium

164 3295 197 3356 in
222 3295 336 3358 eadem
362 3315 455 3358 causa
488 3308 519 3358 et
542 3293 626 3357 iacto
658 3295 786 3358 racione
819 3295 894 3357 dicti
917 3295 1014 3357 baltei
1037 3295 1165 3378 penitus
1189 3307 1219 3356 et
1243 3313 1299 3378 per
1323 3294 1432 3356 omnia

164 3403 313 3485 quietum
339 3401 480 3465 reddidit
504 3414 535 3464 et
551 3400 736 3486 expeditum
761 3421 796 3464 ac
813 3401 1002 3465 omnimode
1025 3401 1220 3466 absolutum.

273 3656 371 3732 lena
398 3666 498 3733 sexta
525 3662 680 3750 proxima
712 3665 790 3748 post
813 3657 1031 3783 diemlrnedil
1061 3656 1330 3748 Quadragesirne.

675 3853 680 3863 ·
704 3841 746 3907 (5.
770 3828 894 3907 martit).

272 3989 352 4052 ltem
369 3987 486 4052 Gallus
509 4001 599 4052 sutor
623 4000 733 4051 contra
758 3987 900 4050 iwanum
926 3985 1065 4050 Owchar
1092 3985 1198 4070 primo
1230 3985 1344 4048 citatus
1367 4003 1432 4047 non

166 4119 240 4164 com
265 4099 358 4162 aruit.

242 4119 351 4267 pltem
376 4202 559 4288 Stephanus
581 4215 671 4266 sutor
693 4201 797 4265 dictus
821 4203 941 4286 Semyn
973 4213 1083 4264 contra
1107 4197 1266 4262 Briccium
1291 4196 1432 4281 judicem

164 4329 272 4413 primo
297 4328 411 4391 citatus
436 4347 502 4390 non
527 4327 717 4410 comparuit.

273 4435 352 4498 item
384 4433 546 4497 Fabianus
577 4431 774 4497 Gornichich
806 4445 915 4495 contra
940 4431 1104 4494 Thomam
1139 4431 1294 4492 cultorem
1327 4428 1434 4512 primo

166 4542 282 4606 citatus
306 4560 372 4603 non
400 4540 591 4623 comparuit.

272 4647 353 4710 ltem
379 4647 528 4709 Vrbanus
552 4659 662 4709 contra
680 4644 874 4728 Gregorium
898 4657 1039 4707 sutorem
1057 4643 1177 4706 dictum
1203 4642 1311 4724 Repar
1331 4638 1437 4722 primo

165 4756 281 4818 citatus
304 4770 370 4816 non
398 4751 589 4835 comparuit.

274 4879 353 4940 ltem
380 4877 492 4939 Petrus
523 4889 635 4956 sartor,
667 4875 799 4958 juratus,
831 4889 940 4938 contra
964 4893 1098 4937 uxorem
1123 4872 1252 4935 Martini
1284 4869 1431 4932 Plemen-

164 4981 380 5069 schalrowych
403 4983 509 5067 primo
530 4983 644 5046 citatus
668 5003 733 5045 non
757 4981 949 5065 comparuit.
