<?xml version="1.0" encoding="UTF-8"?>
<!DOCTYPE html PUBLIC "-//W3C//DTD XHTML 1.0 Transitional//EN"
    "http://www.w3.org/TR/xhtml1/DTD/xhtml1-transitional.dtd">
<html xmlns="http://www.w3.org/1999/xhtml" xml:lang="en" lang="en">
 <head>
  <title>
</title>
<meta http-equiv="Content-Type" content="text/html;charset=utf-8" />
  <meta name='ocr-system' content='tesseract 3.04.00' />
  <meta name='ocr-capabilities' content='ocr_page ocr_carea ocr_par ocr_line ocrx_word'/>
</head>
<body>
  <div class='ocr_page' id='page_1' title='image "./monumentahistor14laszgoog_0137.png"; bbox 0 0 3740 5810; ppageno 0'>
   <div class='ocr_carea' id='block_1_1' title="bbox 651 551 1502 633">
    <p class='ocr_par' dir='ltr' id='par_1_1' title="bbox 651 551 1502 633">
     <span class='ocr_line' id='line_1_1' title="bbox 651 551 1502 633; baseline 0 -21"><span class='ocrx_word' id='word_1_1' title='bbox 651 555 739 613; x_wconf 83' lang='lat' dir='ltr'>Anno</span> <span class='ocrx_word' id='word_1_2' title='bbox 762 568 854 632; x_wconf 72' lang='lat'>1420.</span> <span class='ocrx_word' id='word_1_3' title='bbox 880 577 919 600; x_wconf 62' lang='lat'>⁴-</span> <span class='ocrx_word' id='word_1_4' title='bbox 943 563 973 630; x_wconf 88' lang='lat'>7.</span> <span class='ocrx_word' id='word_1_5' title='bbox 989 555 1082 630; x_wconf 76' lang='lat' dir='ltr'>funii.</span> <span class='ocrx_word' id='word_1_6' title='bbox 1461 551 1502 633; x_wconf 85' lang='lat'>89</span> 
     </span>
    </p>
   </div>
   <div class='ocr_carea' id='block_1_2' title="bbox 234 763 1503 1271">
    <p class='ocr_par' dir='ltr' id='par_1_2' title="bbox 234 763 1503 952">
     <span class='ocr_line' id='line_1_2' title="bbox 236 763 1503 847; baseline -0.001 -21"><span class='ocrx_word' id='word_1_7' title='bbox 236 765 311 826; x_wconf 85' lang='lat' dir='ltr'>ideo</span> <span class='ocrx_word' id='word_1_8' title='bbox 336 783 450 826; x_wconf 90' lang='lat' dir='ltr'>omnes</span> <span class='ocrx_word' id='word_1_9' title='bbox 476 785 524 826; x_wconf 90' lang='lat' dir='ltr'>res</span> <span class='ocrx_word' id='word_1_10' title='bbox 548 765 649 846; x_wconf 91' lang='lat' dir='ltr'>ipsius</span> <span class='ocrx_word' id='word_1_11' title='bbox 673 763 800 847; x_wconf 89' lang='lat' dir='ltr'>Gyuani</span> <span class='ocrx_word' id='word_1_12' title='bbox 827 764 926 827; x_wconf 90' lang='lat' dir='ltr'>domo</span> <span class='ocrx_word' id='word_1_13' title='bbox 951 765 983 825; x_wconf 93' lang='lat' dir='ltr'>in</span> <span class='ocrx_word' id='word_1_14' title='bbox 1012 763 1123 826; x_wconf 87' lang='lat' dir='ltr'>eadem</span> <span class='ocrx_word' id='word_1_15' title='bbox 1149 763 1273 825; x_wconf 89' lang='lat' dir='ltr'>habitas</span> <span class='ocrx_word' id='word_1_16' title='bbox 1297 783 1369 825; x_wconf 89' lang='lat' dir='ltr'>cum</span> <span class='ocrx_word' id='word_1_17' title='bbox 1395 763 1503 846; x_wconf 89' lang='lat' dir='ltr'>precio</span> 
     </span>
     <span class='ocr_line' id='line_1_3' title="bbox 234 869 1182 952; baseline 0 -21"><span class='ocrx_word' id='word_1_18' title='bbox 234 882 305 932; x_wconf 91' lang='lat' dir='ltr'>toto</span> <span class='ocrx_word' id='word_1_19' title='bbox 330 871 448 933; x_wconf 92' lang='lat' dir='ltr'>domus</span> <span class='ocrx_word' id='word_1_20' title='bbox 472 870 605 932; x_wconf 85' lang='lat' dir='ltr'>reddere</span> <span class='ocrx_word' id='word_1_21' title='bbox 629 885 774 932; x_wconf 90' lang='lat' dir='ltr'>teneatur</span> <span class='ocrx_word' id='word_1_22' title='bbox 799 869 962 932; x_wconf 84' lang='lat' dir='ltr'>Johannes</span> <span class='ocrx_word' id='word_1_23' title='bbox 986 881 1182 952; x_wconf 88' lang='lat' dir='ltr'>prenotatus.</span> 
     </span>
    </p>

    <p class='ocr_par' dir='ltr' id='par_1_3' title="bbox 236 973 1503 1271">
     <span class='ocr_line' id='line_1_4' title="bbox 346 973 1503 1058; baseline 0 -21"><span class='ocrx_word' id='word_1_24' title='bbox 346 975 425 1038; x_wconf 87' lang='lat' dir='ltr'>Item</span> <span class='ocrx_word' id='word_1_25' title='bbox 449 974 543 1058; x_wconf 85' lang='lat' dir='ltr'>jurati</span> <span class='ocrx_word' id='word_1_26' title='bbox 567 975 800 1056; x_wconf 84' lang='lat' dir='ltr'>adjudicarunt¹</span> <span class='ocrx_word' id='word_1_27' title='bbox 827 989 861 1038; x_wconf 93' lang='lat' dir='ltr'>ut</span> <span class='ocrx_word' id='word_1_28' title='bbox 878 989 993 1038; x_wconf 89' lang='lat' dir='ltr'>octavo</span> <span class='ocrx_word' id='word_1_29' title='bbox 1017 973 1094 1058; x_wconf 89' lang='lat' dir='ltr'>(die)</span> <span class='ocrx_word' id='word_1_30' title='bbox 1113 974 1273 1056; x_wconf 80' lang='lat' dir='ltr'>Georgius</span> <span class='ocrx_word' id='word_1_31' title='bbox 1297 974 1337 1036; x_wconf 91' lang='lat' dir='ltr'>de</span> <span class='ocrx_word' id='word_1_32' title='bbox 1363 973 1503 1039; x_wconf 92' lang='lat' dir='ltr'>Goricba</span> 
     </span>
     <span class='ocr_line' id='line_1_5' title="bbox 236 1081 1501 1164; baseline 0 -20"><span class='ocrx_word' id='word_1_33' title='bbox 236 1097 350 1145; x_wconf 90' lang='lat' dir='ltr'>contra</span> <span class='ocrx_word' id='word_1_34' title='bbox 375 1082 586 1144; x_wconf 89' lang='lat' dir='ltr'>Benedictum</span> <span class='ocrx_word' id='word_1_35' title='bbox 609 1081 748 1164; x_wconf 91' lang='lat' dir='ltr'>juratum</span> <span class='ocrx_word' id='word_1_36' title='bbox 773 1083 873 1145; x_wconf 88' lang='lat' dir='ltr'>tercio</span> <span class='ocrx_word' id='word_1_37' title='bbox 897 1101 930 1145; x_wconf 89' lang='lat' dir='ltr'>se</span> <span class='ocrx_word' id='word_1_38' title='bbox 955 1082 1086 1144; x_wconf 85' lang='lat' dir='ltr'>debebit</span> <span class='ocrx_word' id='word_1_39' title='bbox 1108 1093 1247 1164; x_wconf 82' lang='lat' dir='ltr'>prestare</span> <span class='ocrx_word' id='word_1_40' title='bbox 1273 1081 1501 1164; x_wconf 88' lang='lat' dir='ltr'>juramentum,</span> 
     </span>
     <span class='ocr_line' id='line_1_6' title="bbox 236 1187 1501 1271; baseline 0 -21"><span class='ocrx_word' id='word_1_41' title='bbox 236 1188 328 1269; x_wconf 92' lang='lat' dir='ltr'>quod</span> <span class='ocrx_word' id='word_1_42' title='bbox 354 1189 386 1250; x_wconf 91' lang='lat' dir='ltr'>in</span> <span class='ocrx_word' id='word_1_43' title='bbox 402 1208 459 1250; x_wconf 92' lang='lat' dir='ltr'>sua</span> <span class='ocrx_word' id='word_1_44' title='bbox 476 1189 607 1251; x_wconf 84' lang='lat' dir='ltr'>accione</span> <span class='ocrx_word' id='word_1_45' title='bbox 624 1201 706 1251; x_wconf 88' lang='lat' dir='ltr'>esset</span> <span class='ocrx_word' id='word_1_46' title='bbox 729 1189 895 1267; x_wconf 84' lang='lat' dir='ltr'>innocens,</span> <span class='ocrx_word' id='word_1_47' title='bbox 913 1189 1063 1250; x_wconf 87' lang='lat' dir='ltr'>videlicet</span> <span class='ocrx_word' id='word_1_48' title='bbox 1087 1189 1119 1250; x_wconf 89' lang='lat' dir='ltr'>in</span> <span class='ocrx_word' id='word_1_49' title='bbox 1137 1187 1324 1270; x_wconf 89' lang='lat' dir='ltr'>recepcione</span> <span class='ocrx_word' id='word_1_50' title='bbox 1341 1188 1501 1271; x_wconf 90' lang='lat' dir='ltr'>palorum.</span> 
     </span>
    </p>
   </div>
   <div class='ocr_carea' id='block_1_3' title="bbox 319 1387 1407 1623">
    <p class='ocr_par' dir='ltr' id='par_1_4' title="bbox 319 1387 1407 1623">
     <span class='ocr_line' id='line_1_7' title="bbox 319 1387 1407 1480; baseline -0.003 -18"><span class='ocrx_word' id='word_1_51' title='bbox 319 1387 416 1462; x_wconf 82' lang='lat' dir='ltr'>Feria</span> <span class='ocrx_word' id='word_1_52' title='bbox 444 1393 552 1462; x_wconf 89' lang='lat' dir='ltr'>tercia</span> <span class='ocrx_word' id='word_1_53' title='bbox 580 1393 735 1480; x_wconf 81' lang='lat' dir='ltr'>proxima</span> <span class='ocrx_word' id='word_1_54' title='bbox 768 1397 846 1463; x_wconf 88' lang='lat' dir='ltr'>ante</span> <span class='ocrx_word' id='word_1_55' title='bbox 873 1390 996 1463; x_wconf 80' lang='lat' dir='ltr'>sestam</span> <span class='ocrx_word' id='word_1_56' title='bbox 1025 1388 1240 1464; x_wconf 79' lang='lat' dir='ltr'>Ascenstonis</span> <span class='ocrx_word' id='word_1_57' title='bbox 1267 1389 1407 1462; x_wconf 83' lang='lat' dir='ltr'>Domini.</span> 
     </span>
     <span class='ocr_line' id='line_1_8' title="bbox 776 1544 961 1623; baseline 0.011 -20"><span class='ocrx_word' id='word_1_58' title='bbox 776 1555 838 1623; x_wconf 74' lang='lat'>(14.</span> <span class='ocrx_word' id='word_1_59' title='bbox 869 1544 961 1613; x_wconf 69' lang='lat' dir='ltr'>mari).</span> 
     </span>
    </p>
   </div>
   <div class='ocr_carea' id='block_1_4' title="bbox 239 1681 1506 2809">
    <p class='ocr_par' dir='ltr' id='par_1_5' title="bbox 239 1681 1506 2809">
     <span class='ocr_line' id='line_1_9' title="bbox 352 1681 1504 1767; baseline 0 -23"><span class='ocrx_word' id='word_1_60' title='bbox 352 1683 384 1744; x_wconf 90' lang='lat' dir='ltr'>ln</span> <span class='ocrx_word' id='word_1_61' title='bbox 411 1683 546 1746; x_wconf 90' lang='lat' dir='ltr'>consilio</span> <span class='ocrx_word' id='word_1_62' title='bbox 569 1684 711 1766; x_wconf 88' lang='lat' dir='ltr'>generali</span> <span class='ocrx_word' id='word_1_63' title='bbox 735 1698 802 1747; x_wconf 91' lang='lat' dir='ltr'>tota</span> <span class='ocrx_word' id='word_1_64' title='bbox 826 1685 1040 1747; x_wconf 91' lang='lat' dir='ltr'>communitas</span> <span class='ocrx_word' id='word_1_65' title='bbox 1067 1683 1261 1746; x_wconf 90' lang='lat' dir='ltr'>unanimiter</span> <span class='ocrx_word' id='word_1_66' title='bbox 1285 1695 1430 1767; x_wconf 84' lang='lat' dir='ltr'>presente</span> <span class='ocrx_word' id='word_1_67' title='bbox 1455 1681 1504 1765; x_wconf 90' lang='lat' dir='ltr'>ju·</span> 
     </span>
     <span class='ocr_line' id='line_1_10' title="bbox 243 1789 1505 1872; baseline 0.001 -22"><span class='ocrx_word' id='word_1_68' title='bbox 243 1789 314 1850; x_wconf 88' lang='lat' dir='ltr'>dice</span> <span class='ocrx_word' id='word_1_69' title='bbox 340 1789 498 1851; x_wconf 87' lang='lat' dir='ltr'>Michaele</span> <span class='ocrx_word' id='word_1_70' title='bbox 521 1789 589 1852; x_wconf 88' lang='lat' dir='ltr'>filio</span> <span class='ocrx_word' id='word_1_71' title='bbox 622 1791 811 1870; x_wconf 88' lang='lat' dir='ltr'>Sebastiani,</span> <span class='ocrx_word' id='word_1_72' title='bbox 841 1805 876 1854; x_wconf 94' lang='lat' dir='ltr'>ut</span> <span class='ocrx_word' id='word_1_73' title='bbox 903 1791 1123 1852; x_wconf 84' lang='lat' dir='ltr'>commissario</span> <span class='ocrx_word' id='word_1_74' title='bbox 1149 1790 1275 1872; x_wconf 82' lang='lat' dir='ltr'>negocii</span> <span class='ocrx_word' id='word_1_75' title='bbox 1301 1789 1505 1871; x_wconf 78' lang='lat' dir='ltr'>infrascripti,</span> 
     </span>
     <span class='ocr_line' id='line_1_11' title="bbox 243 1895 1506 1980; baseline 0.001 -24"><span class='ocrx_word' id='word_1_76' title='bbox 243 1897 287 1957; x_wconf 90' lang='lat' dir='ltr'>sic</span> <span class='ocrx_word' id='word_1_77' title='bbox 312 1909 344 1958; x_wconf 91' lang='lat' dir='ltr'>et</span> <span class='ocrx_word' id='word_1_78' title='bbox 367 1897 428 1958; x_wconf 89' lang='lat' dir='ltr'>isto</span> <span class='ocrx_word' id='word_1_79' title='bbox 463 1897 562 1959; x_wconf 93' lang='lat' dir='ltr'>modo</span> <span class='ocrx_word' id='word_1_80' title='bbox 594 1897 752 1980; x_wconf 90' lang='lat' dir='ltr'>disposuit</span> <span class='ocrx_word' id='word_1_81' title='bbox 780 1898 850 1980; x_wconf 89' lang='lat' dir='ltr'>ipso</span> <span class='ocrx_word' id='word_1_82' title='bbox 883 1897 1039 1960; x_wconf 88' lang='lat' dir='ltr'>Michaele</span> <span class='ocrx_word' id='word_1_83' title='bbox 1064 1895 1170 1978; x_wconf 91' lang='lat' dir='ltr'>judice</span> <span class='ocrx_word' id='word_1_84' title='bbox 1204 1895 1439 1974; x_wconf 88' lang='lat' dir='ltr'>consenciente,</span> <span class='ocrx_word' id='word_1_85' title='bbox 1471 1908 1506 1957; x_wconf 92' lang='lat' dir='ltr'>ut</span> 
     </span>
     <span class='ocr_line' id='line_1_12' title="bbox 243 1999 1504 2085; baseline 0 -23"><span class='ocrx_word' id='word_1_86' title='bbox 243 2001 392 2064; x_wconf 90' lang='lat' dir='ltr'>universe</span> <span class='ocrx_word' id='word_1_87' title='bbox 417 2022 466 2064; x_wconf 92' lang='lat' dir='ltr'>res</span> <span class='ocrx_word' id='word_1_88' title='bbox 489 2016 520 2065; x_wconf 91' lang='lat' dir='ltr'>et</span> <span class='ocrx_word' id='word_1_89' title='bbox 544 2004 628 2066; x_wconf 89' lang='lat' dir='ltr'>bona</span> <span class='ocrx_word' id='word_1_90' title='bbox 654 2005 808 2085; x_wconf 90' lang='lat' dir='ltr'>quelibet,</span> <span class='ocrx_word' id='word_1_91' title='bbox 839 2004 989 2066; x_wconf 89' lang='lat' dir='ltr'>videlicet</span> <span class='ocrx_word' id='word_1_92' title='bbox 1017 2003 1144 2082; x_wconf 87' lang='lat' dir='ltr'>domus,</span> <span class='ocrx_word' id='word_1_93' title='bbox 1176 2015 1270 2081; x_wconf 89' lang='lat' dir='ltr'>terre,</span> <span class='ocrx_word' id='word_1_94' title='bbox 1294 1999 1415 2080; x_wconf 86' lang='lat' dir='ltr'>fenilia,</span> <span class='ocrx_word' id='word_1_95' title='bbox 1440 2013 1504 2063; x_wconf 89' lang='lat' dir='ltr'>sta·</span> 
     </span>
     <span class='ocr_line' id='line_1_13' title="bbox 242 2106 1503 2192; baseline -0.001 -24"><span class='ocrx_word' id='word_1_96' title='bbox 242 2107 356 2169; x_wconf 90' lang='lat' dir='ltr'>bulum</span> <span class='ocrx_word' id='word_1_97' title='bbox 382 2107 483 2170; x_wconf 88' lang='lat' dir='ltr'>Elene</span> <span class='ocrx_word' id='word_1_98' title='bbox 507 2109 616 2172; x_wconf 87' lang='lat' dir='ltr'>uxoris</span> <span class='ocrx_word' id='word_1_99' title='bbox 641 2109 794 2192; x_wconf 84' lang='lat' dir='ltr'>Stephani</span> <span class='ocrx_word' id='word_1_100' title='bbox 818 2110 944 2189; x_wconf 90' lang='lat' dir='ltr'>literati,</span> <span class='ocrx_word' id='word_1_101' title='bbox 977 2109 1102 2172; x_wconf 90' lang='lat' dir='ltr'>noviter</span> <span class='ocrx_word' id='word_1_102' title='bbox 1126 2109 1245 2170; x_wconf 91' lang='lat' dir='ltr'>mortui</span> <span class='ocrx_word' id='word_1_103' title='bbox 1280 2121 1311 2169; x_wconf 88' lang='lat' dir='ltr'>et</span> <span class='ocrx_word' id='word_1_104' title='bbox 1336 2106 1503 2170; x_wconf 87' lang='lat' dir='ltr'>intoxiltati</span> 
     </span>
     <span class='ocr_line' id='line_1_14' title="bbox 239 2213 1504 2298; baseline 0 -24"><span class='ocrx_word' id='word_1_105' title='bbox 239 2233 295 2296; x_wconf 92' lang='lat' dir='ltr'>per</span> <span class='ocrx_word' id='word_1_106' title='bbox 319 2215 456 2276; x_wconf 90' lang='lat' dir='ltr'>eandem</span> <span class='ocrx_word' id='word_1_107' title='bbox 475 2217 611 2278; x_wconf 87' lang='lat' dir='ltr'>Elenam</span> <span class='ocrx_word' id='word_1_108' title='bbox 634 2230 764 2298; x_wconf 90' lang='lat' dir='ltr'>propter</span> <span class='ocrx_word' id='word_1_109' title='bbox 787 2218 891 2280; x_wconf 89' lang='lat' dir='ltr'>scelus</span> <span class='ocrx_word' id='word_1_110' title='bbox 912 2235 1007 2278; x_wconf 90' lang='lat' dir='ltr'>suum</span> <span class='ocrx_word' id='word_1_111' title='bbox 1025 2216 1237 2295; x_wconf 89' lang='lat' dir='ltr'>combustam,</span> <span class='ocrx_word' id='word_1_112' title='bbox 1262 2213 1375 2276; x_wconf 89' lang='lat' dir='ltr'>intres</span> <span class='ocrx_word' id='word_1_113' title='bbox 1397 2225 1504 2296; x_wconf 90' lang='lat' dir='ltr'>partes</span> 
     </span>
     <span class='ocr_line' id='line_1_15' title="bbox 241 2317 1504 2404; baseline -0.001 -24"><span class='ocrx_word' id='word_1_114' title='bbox 241 2320 342 2381; x_wconf 91' lang='lat' dir='ltr'>dividi</span> <span class='ocrx_word' id='word_1_115' title='bbox 377 2321 525 2401; x_wconf 88' lang='lat' dir='ltr'>debeant,</span> <span class='ocrx_word' id='word_1_116' title='bbox 557 2322 644 2404; x_wconf 90' lang='lat' dir='ltr'>prius</span> <span class='ocrx_word' id='word_1_117' title='bbox 675 2337 782 2384; x_wconf 90' lang='lat' dir='ltr'>tamen</span> <span class='ocrx_word' id='word_1_118' title='bbox 818 2323 958 2398; x_wconf 87' lang='lat' dir='ltr'>vendite,</span> <span class='ocrx_word' id='word_1_119' title='bbox 989 2341 1126 2404; x_wconf 88' lang='lat' dir='ltr'>quarum</span> <span class='ocrx_word' id='word_1_120' title='bbox 1158 2339 1221 2382; x_wconf 88' lang='lat' dir='ltr'>una</span> <span class='ocrx_word' id='word_1_121' title='bbox 1252 2319 1384 2403; x_wconf 93' lang='lat' dir='ltr'>porcio,</span> <span class='ocrx_word' id='word_1_122' title='bbox 1416 2317 1504 2380; x_wconf 89' lang='lat' dir='ltr'>vide·</span> 
     </span>
     <span class='ocr_line' id='line_1_16' title="bbox 241 2425 1503 2512; baseline 0 -26"><span class='ocrx_word' id='word_1_123' title='bbox 241 2426 316 2488; x_wconf 87' lang='lat' dir='ltr'>licet</span> <span class='ocrx_word' id='word_1_124' title='bbox 347 2427 443 2488; x_wconf 91' lang='lat' dir='ltr'>tercia</span> <span class='ocrx_word' id='word_1_125' title='bbox 466 2448 548 2510; x_wconf 91' lang='lat' dir='ltr'>pars,</span> <span class='ocrx_word' id='word_1_126' title='bbox 581 2447 638 2510; x_wconf 93' lang='lat' dir='ltr'>pro</span> <span class='ocrx_word' id='word_1_127' title='bbox 663 2429 769 2490; x_wconf 92' lang='lat' dir='ltr'>anima</span> <span class='ocrx_word' id='word_1_128' title='bbox 794 2429 894 2512; x_wconf 92' lang='lat' dir='ltr'>ipsius</span> <span class='ocrx_word' id='word_1_129' title='bbox 917 2429 1029 2506; x_wconf 87' lang='lat' dir='ltr'>Eleus,</span> <span class='ocrx_word' id='word_1_130' title='bbox 1061 2425 1200 2489; x_wconf 90' lang='lat' dir='ltr'>secunda</span> <span class='ocrx_word' id='word_1_131' title='bbox 1225 2425 1335 2508; x_wconf 88' lang='lat' dir='ltr'>porcio</span> <span class='ocrx_word' id='word_1_132' title='bbox 1360 2425 1400 2487; x_wconf 95' lang='lat' dir='ltr'>ad</span> <span class='ocrx_word' id='word_1_133' title='bbox 1421 2445 1503 2507; x_wconf 91' lang='lat' dir='ltr'>opus</span> 
     </span>
     <span class='ocr_line' id='line_1_17' title="bbox 240 2531 1503 2617; baseline 0.002 -25"><span class='ocrx_word' id='word_1_134' title='bbox 240 2531 323 2592; x_wconf 92' lang='lat' dir='ltr'>muri</span> <span class='ocrx_word' id='word_1_135' title='bbox 349 2534 606 2614; x_wconf 87' lang='lat' dir='ltr'>communitatis,</span> <span class='ocrx_word' id='word_1_136' title='bbox 637 2535 734 2596; x_wconf 92' lang='lat' dir='ltr'>tercia</span> <span class='ocrx_word' id='word_1_137' title='bbox 765 2555 837 2617; x_wconf 90' lang='lat' dir='ltr'>pars</span> <span class='ocrx_word' id='word_1_138' title='bbox 868 2534 965 2617; x_wconf 91' lang='lat' dir='ltr'>judici</span> <span class='ocrx_word' id='word_1_139' title='bbox 997 2547 1028 2594; x_wconf 93' lang='lat' dir='ltr'>et</span> <span class='ocrx_word' id='word_1_140' title='bbox 1058 2532 1168 2614; x_wconf 91' lang='lat' dir='ltr'>juratis</span> <span class='ocrx_word' id='word_1_141' title='bbox 1201 2532 1313 2594; x_wconf 90' lang='lat' dir='ltr'>cedere</span> <span class='ocrx_word' id='word_1_142' title='bbox 1345 2531 1503 2608; x_wconf 88' lang='lat' dir='ltr'>debeant;</span> 
     </span>
     <span class='ocr_line' id='line_1_18' title="bbox 241 2637 1506 2724; baseline 0.001 -27"><span class='ocrx_word' id='word_1_143' title='bbox 241 2637 390 2699; x_wconf 89' lang='lat' dir='ltr'>similiter</span> <span class='ocrx_word' id='word_1_144' title='bbox 423 2638 462 2700; x_wconf 89' lang='lat' dir='ltr'>de</span> <span class='ocrx_word' id='word_1_145' title='bbox 493 2640 586 2702; x_wconf 82' lang='lat' dir='ltr'>vinea</span> <span class='ocrx_word' id='word_1_146' title='bbox 619 2640 809 2724; x_wconf 90' lang='lat' dir='ltr'>dispositum</span> <span class='ocrx_word' id='word_1_147' title='bbox 841 2655 887 2703; x_wconf 92' lang='lat' dir='ltr'>est</span> <span class='ocrx_word' id='word_1_148' title='bbox 918 2653 949 2703; x_wconf 89' lang='lat' dir='ltr'>et</span> <span class='ocrx_word' id='word_1_149' title='bbox 981 2639 1176 2717; x_wconf 91' lang='lat' dir='ltr'>ordinatum,</span> <span class='ocrx_word' id='word_1_150' title='bbox 1209 2651 1243 2700; x_wconf 90' lang='lat' dir='ltr'>ut</span> <span class='ocrx_word' id='word_1_151' title='bbox 1275 2637 1422 2720; x_wconf 90' lang='lat' dir='ltr'>superius</span> <span class='ocrx_word' id='word_1_152' title='bbox 1459 2649 1506 2699; x_wconf 91' lang='lat' dir='ltr'>est</span> 
     </span>
     <span class='ocr_line' id='line_1_19' title="bbox 242 2757 401 2809; baseline 0.038 -6"><span class='ocrx_word' id='word_1_153' title='bbox 242 2757 401 2809; x_wconf 87' lang='lat' dir='ltr'>notatum.</span> 
     </span>
    </p>
   </div>
   <div class='ocr_carea' id='block_1_5' title="bbox 361 2943 1364 3040">
    <p class='ocr_par' dir='ltr' id='par_1_6' title="bbox 361 2943 1364 3040">
     <span class='ocr_line' id='line_1_20' title="bbox 361 2943 1364 3040; baseline 0.002 -24"><span class='ocrx_word' id='word_1_154' title='bbox 361 2943 458 3018; x_wconf 85' lang='lat' dir='ltr'>Feria</span> <span class='ocrx_word' id='word_1_155' title='bbox 487 2955 585 3020; x_wconf 80' lang='lat' dir='ltr'>sexta</span> <span class='ocrx_word' id='word_1_156' title='bbox 614 2951 767 3038; x_wconf 85' lang='lat' dir='ltr'>proxima</span> <span class='ocrx_word' id='word_1_157' title='bbox 795 2959 870 3040; x_wconf 86' lang='lat' dir='ltr'>post</span> <span class='ocrx_word' id='word_1_158' title='bbox 899 2951 1020 3022; x_wconf 82' lang='lat' dir='ltr'>festum</span> <span class='ocrx_word' id='word_1_159' title='bbox 1049 2951 1200 3039; x_wconf 90' lang='lat' dir='ltr'>corporis</span> <span class='ocrx_word' id='word_1_160' title='bbox 1229 2945 1364 3020; x_wconf 83' lang='lat' dir='ltr'>Christi.</span> 
     </span>
    </p>
   </div>
   <div class='ocr_carea' id='block_1_6' title="bbox 241 3100 1506 5132">
    <p class='ocr_par' dir='ltr' id='par_1_7' title="bbox 784 3100 949 3180">
     <span class='ocr_line' id='line_1_21' title="bbox 784 3100 949 3180; baseline 0.006 -1"><span class='ocrx_word' id='word_1_161' title='bbox 784 3100 828 3180; x_wconf 89' lang='lat'>(7·</span> <span class='ocrx_word' id='word_1_162' title='bbox 844 3103 949 3180; x_wconf 73' lang='lat' dir='ltr'>sunu.</span> 
     </span>
    </p>

    <p class='ocr_par' dir='ltr' id='par_1_8' title="bbox 242 3235 1505 3641">
     <span class='ocr_line' id='line_1_22' title="bbox 350 3235 1505 3304; baseline -0.003 -3"><span class='ocrx_word' id='word_1_163' title='bbox 350 3240 477 3302; x_wconf 86' lang='lat' dir='ltr'>iwanek</span> <span class='ocrx_word' id='word_1_164' title='bbox 501 3239 641 3302; x_wconf 88' lang='lat' dir='ltr'>decanus</span> <span class='ocrx_word' id='word_1_165' title='bbox 672 3261 744 3304; x_wconf 90' lang='lat' dir='ltr'>cum</span> <span class='ocrx_word' id='word_1_166' title='bbox 773 3241 943 3304; x_wconf 81' lang='lat' dir='ltr'>sufficienti</span> <span class='ocrx_word' id='word_1_167' title='bbox 973 3242 1160 3304; x_wconf 91' lang='lat' dir='ltr'>testimonio</span> <span class='ocrx_word' id='word_1_168' title='bbox 1184 3253 1365 3301; x_wconf 90' lang='lat' dir='ltr'>nostrorum</span> <span class='ocrx_word' id='word_1_169' title='bbox 1399 3235 1505 3298; x_wconf 91' lang='lat' dir='ltr'>conci-</span> 
     </span>
     <span class='ocr_line' id='line_1_23' title="bbox 242 3343 1505 3429; baseline -0.004 -22"><span class='ocrx_word' id='word_1_170' title='bbox 242 3347 331 3408; x_wconf 91' lang='lat' dir='ltr'>vium</span> <span class='ocrx_word' id='word_1_171' title='bbox 356 3347 591 3429; x_wconf 85' lang='lat' dir='ltr'>comprobavit,</span> <span class='ocrx_word' id='word_1_172' title='bbox 615 3360 650 3410; x_wconf 94' lang='lat' dir='ltr'>ut</span> <span class='ocrx_word' id='word_1_173' title='bbox 682 3366 755 3410; x_wconf 88' lang='lat' dir='ltr'>cum</span> <span class='ocrx_word' id='word_1_174' title='bbox 782 3349 962 3412; x_wconf 89' lang='lat' dir='ltr'>Demetrius</span> <span class='ocrx_word' id='word_1_175' title='bbox 995 3347 1090 3410; x_wconf 89' lang='lat' dir='ltr'>Ztrah</span> <span class='ocrx_word' id='word_1_176' title='bbox 1122 3347 1154 3408; x_wconf 92' lang='lat' dir='ltr'>in</span> <span class='ocrx_word' id='word_1_177' title='bbox 1188 3343 1336 3406; x_wconf 81' lang='lat' dir='ltr'>extremis</span> <span class='ocrx_word' id='word_1_178' title='bbox 1361 3343 1424 3404; x_wconf 92' lang='lat' dir='ltr'>vite</span> <span class='ocrx_word' id='word_1_179' title='bbox 1449 3359 1505 3402; x_wconf 90' lang='lat' dir='ltr'>sue</span> 
     </span>
     <span class='ocr_line' id='line_1_24' title="bbox 242 3446 1505 3531; baseline -0.006 -17"><span class='ocrx_word' id='word_1_180' title='bbox 242 3452 427 3531; x_wconf 83' lang='lat' dir='ltr'>laborasset,</span> <span class='ocrx_word' id='word_1_181' title='bbox 451 3467 527 3514; x_wconf 92' lang='lat' dir='ltr'>tunc</span> <span class='ocrx_word' id='word_1_182' title='bbox 544 3453 677 3516; x_wconf 92' lang='lat' dir='ltr'>domum</span> <span class='ocrx_word' id='word_1_183' title='bbox 694 3474 784 3516; x_wconf 88' lang='lat' dir='ltr'>suam</span> <span class='ocrx_word' id='word_1_184' title='bbox 803 3455 834 3516; x_wconf 91' lang='lat' dir='ltr'>in</span> <span class='ocrx_word' id='word_1_185' title='bbox 857 3455 929 3517; x_wconf 89' lang='lat' dir='ltr'>vico</span> <span class='ocrx_word' id='word_1_186' title='bbox 945 3467 1055 3516; x_wconf 89' lang='lat' dir='ltr'>nostro</span> <span class='ocrx_word' id='word_1_187' title='bbox 1073 3451 1220 3515; x_wconf 84' lang='lat' dir='ltr'>exteriori</span> <span class='ocrx_word' id='word_1_188' title='bbox 1238 3450 1379 3512; x_wconf 91' lang='lat' dir='ltr'>habitam</span> <span class='ocrx_word' id='word_1_189' title='bbox 1397 3446 1505 3530; x_wconf 90' lang='lat' dir='ltr'>dispo-</span> 
     </span>
     <span class='ocr_line' id='line_1_25' title="bbox 242 3559 876 3641; baseline 0.008 -22"><span class='ocrx_word' id='word_1_190' title='bbox 242 3559 356 3620; x_wconf 78' lang='lat' dir='ltr'>sitioni</span> <span class='ocrx_word' id='word_1_191' title='bbox 381 3559 480 3641; x_wconf 89' lang='lat' dir='ltr'>ipsius</span> <span class='ocrx_word' id='word_1_192' title='bbox 504 3559 631 3622; x_wconf 87' lang='lat' dir='ltr'>Iwanek</span> <span class='ocrx_word' id='word_1_193' title='bbox 655 3561 876 3624; x_wconf 89' lang='lat' dir='ltr'>commisisset.</span> 
     </span>
    </p>

    <p class='ocr_par' dir='ltr' id='par_1_9' title="bbox 347 3659 1504 3748">
     <span class='ocr_line' id='line_1_26' title="bbox 347 3659 1504 3748; baseline -0.003 -22"><span class='ocrx_word' id='word_1_194' title='bbox 347 3663 426 3726; x_wconf 87' lang='lat' dir='ltr'>Item</span> <span class='ocrx_word' id='word_1_195' title='bbox 447 3665 593 3728; x_wconf 87' lang='lat' dir='ltr'>Andreas</span> <span class='ocrx_word' id='word_1_196' title='bbox 620 3667 763 3728; x_wconf 89' lang='lat' dir='ltr'>secundo</span> <span class='ocrx_word' id='word_1_197' title='bbox 794 3667 908 3729; x_wconf 89' lang='lat' dir='ltr'>citatus</span> <span class='ocrx_word' id='word_1_198' title='bbox 939 3681 1048 3729; x_wconf 89' lang='lat' dir='ltr'>contra</span> <span class='ocrx_word' id='word_1_199' title='bbox 1075 3663 1190 3748; x_wconf 84' lang='lat' dir='ltr'>Grayff</span> <span class='ocrx_word' id='word_1_200' title='bbox 1217 3682 1282 3724; x_wconf 91' lang='lat' dir='ltr'>non</span> <span class='ocrx_word' id='word_1_201' title='bbox 1314 3659 1504 3744; x_wconf 88' lang='lat' dir='ltr'>comparuit.</span> 
     </span>
    </p>

    <p class='ocr_par' dir='ltr' id='par_1_10' title="bbox 243 3769 1506 3962">
     <span class='ocr_line' id='line_1_27' title="bbox 348 3769 1506 3854; baseline -0.003 -24"><span class='ocrx_word' id='word_1_202' title='bbox 348 3769 427 3831; x_wconf 88' lang='lat' dir='ltr'>Item</span> <span class='ocrx_word' id='word_1_203' title='bbox 452 3770 483 3832; x_wconf 92' lang='lat' dir='ltr'>in</span> <span class='ocrx_word' id='word_1_204' title='bbox 508 3791 602 3833; x_wconf 90' lang='lat' dir='ltr'>causa</span> <span class='ocrx_word' id='word_1_205' title='bbox 626 3773 708 3834; x_wconf 88' lang='lat' dir='ltr'>inter</span> <span class='ocrx_word' id='word_1_206' title='bbox 731 3773 917 3854; x_wconf 90' lang='lat' dir='ltr'>magistrum</span> <span class='ocrx_word' id='word_1_207' title='bbox 947 3773 1127 3834; x_wconf 89' lang='lat' dir='ltr'>Fabianum</span> <span class='ocrx_word' id='word_1_208' title='bbox 1152 3783 1186 3832; x_wconf 94' lang='lat' dir='ltr'>ut</span> <span class='ocrx_word' id='word_1_209' title='bbox 1210 3778 1451 3852; x_wconf 91' lang='lat' dir='ltr'>procuratorem</span> <span class='ocrx_word' id='word_1_210' title='bbox 1475 3777 1506 3827; x_wconf 90' lang='lat' dir='ltr'>et</span> 
     </span>
     <span class='ocr_line' id='line_1_28' title="bbox 243 3874 1351 3962; baseline -0.002 -26"><span class='ocrx_word' id='word_1_211' title='bbox 243 3876 359 3937; x_wconf 88' lang='lat' dir='ltr'>Katam</span> <span class='ocrx_word' id='word_1_212' title='bbox 384 3891 510 3959; x_wconf 90' lang='lat' dir='ltr'>recepta</span> <span class='ocrx_word' id='word_1_213' title='bbox 535 3891 581 3940; x_wconf 90' lang='lat' dir='ltr'>est</span> <span class='ocrx_word' id='word_1_214' title='bbox 604 3877 644 3940; x_wconf 91' lang='lat' dir='ltr'>ad</span> <span class='ocrx_word' id='word_1_215' title='bbox 669 3879 809 3961; x_wconf 90' lang='lat' dir='ltr'>primum</span> <span class='ocrx_word' id='word_1_216' title='bbox 833 3879 989 3962; x_wconf 75' lang='lat' dir='ltr'>judicium</span> <span class='ocrx_word' id='word_1_217' title='bbox 1013 3878 1054 3940; x_wconf 92' lang='lat' dir='ltr'>ad</span> <span class='ocrx_word' id='word_1_218' title='bbox 1078 3874 1351 3960; x_wconf 88' lang='lat' dir='ltr'>respondendum.</span> 
     </span>
    </p>

    <p class='ocr_par' dir='ltr' id='par_1_11' title="bbox 241 3975 1505 4280">
     <span class='ocr_line' id='line_1_29' title="bbox 351 3975 1505 4066; baseline -0.005 -23"><span class='ocrx_word' id='word_1_219' title='bbox 351 3983 430 4044; x_wconf 88' lang='lat' dir='ltr'>Item</span> <span class='ocrx_word' id='word_1_220' title='bbox 455 3983 487 4044; x_wconf 90' lang='lat' dir='ltr'>in</span> <span class='ocrx_word' id='word_1_221' title='bbox 512 4003 605 4046; x_wconf 89' lang='lat' dir='ltr'>causa</span> <span class='ocrx_word' id='word_1_222' title='bbox 631 3985 712 4047; x_wconf 91' lang='lat' dir='ltr'>inter</span> <span class='ocrx_word' id='word_1_223' title='bbox 728 3984 875 4047; x_wconf 89' lang='lat' dir='ltr'>homines</span> <span class='ocrx_word' id='word_1_224' title='bbox 892 3984 1025 4066; x_wconf 82' lang='lat' dir='ltr'>Georgii</span> <span class='ocrx_word' id='word_1_225' title='bbox 1042 3983 1181 4062; x_wconf 90' lang='lat' dir='ltr'>sartoris,</span> <span class='ocrx_word' id='word_1_226' title='bbox 1210 4000 1268 4064; x_wconf 91' lang='lat' dir='ltr'>pro</span> <span class='ocrx_word' id='word_1_227' title='bbox 1285 3979 1402 4062; x_wconf 90' lang='lat' dir='ltr'>quibus</span> <span class='ocrx_word' id='word_1_228' title='bbox 1426 3975 1505 4038; x_wconf 86' lang='lat' dir='ltr'>fide·</span> 
     </span>
     <span class='ocr_line' id='line_1_30' title="bbox 242 4085 1505 4172; baseline -0.003 -24"><span class='ocrx_word' id='word_1_229' title='bbox 242 4088 346 4169; x_wconf 84' lang='lat' dir='ltr'>jussor</span> <span class='ocrx_word' id='word_1_230' title='bbox 365 4088 450 4150; x_wconf 91' lang='lat' dir='ltr'>idem</span> <span class='ocrx_word' id='word_1_231' title='bbox 469 4089 628 4172; x_wconf 89' lang='lat' dir='ltr'>Georgius</span> <span class='ocrx_word' id='word_1_232' title='bbox 645 4104 675 4152; x_wconf 92' lang='lat' dir='ltr'>et</span> <span class='ocrx_word' id='word_1_233' title='bbox 688 4090 871 4153; x_wconf 82' lang='lat' dir='ltr'>Anthonius</span> <span class='ocrx_word' id='word_1_234' title='bbox 887 4091 1043 4169; x_wconf 88' lang='lat' dir='ltr'>Picucich,</span> <span class='ocrx_word' id='word_1_235' title='bbox 1057 4101 1227 4172; x_wconf 89' lang='lat' dir='ltr'>prorogata</span> <span class='ocrx_word' id='word_1_236' title='bbox 1244 4099 1290 4150; x_wconf 90' lang='lat' dir='ltr'>est</span> <span class='ocrx_word' id='word_1_237' title='bbox 1307 4085 1346 4147; x_wconf 94' lang='lat' dir='ltr'>ad</span> <span class='ocrx_word' id='word_1_238' title='bbox 1364 4085 1505 4167; x_wconf 90' lang='lat' dir='ltr'>primum</span> 
     </span>
     <span class='ocr_line' id='line_1_31' title="bbox 241 4189 1504 4280; baseline -0.002 -25"><span class='ocrx_word' id='word_1_239' title='bbox 241 4193 412 4274; x_wconf 87' lang='lat' dir='ltr'>judicium,</span> <span class='ocrx_word' id='word_1_240' title='bbox 436 4209 470 4257; x_wconf 95' lang='lat' dir='ltr'>ut</span> <span class='ocrx_word' id='word_1_241' title='bbox 493 4197 587 4258; x_wconf 91' lang='lat' dir='ltr'>ambe</span> <span class='ocrx_word' id='word_1_242' title='bbox 611 4211 716 4280; x_wconf 90' lang='lat' dir='ltr'>partes</span> <span class='ocrx_word' id='word_1_243' title='bbox 739 4210 832 4259; x_wconf 90' lang='lat' dir='ltr'>testes</span> <span class='ocrx_word' id='word_1_244' title='bbox 849 4198 1025 4280; x_wconf 89' lang='lat' dir='ltr'>producere</span> <span class='ocrx_word' id='word_1_245' title='bbox 1051 4196 1189 4258; x_wconf 87' lang='lat' dir='ltr'>debeant</span> <span class='ocrx_word' id='word_1_246' title='bbox 1213 4213 1306 4255; x_wconf 90' lang='lat' dir='ltr'>causa</span> <span class='ocrx_word' id='word_1_247' title='bbox 1330 4192 1362 4253; x_wconf 93' lang='lat' dir='ltr'>in</span> <span class='ocrx_word' id='word_1_248' title='bbox 1381 4189 1504 4252; x_wconf 89' lang='lat' dir='ltr'>eadem.</span> 
     </span>
    </p>

    <p class='ocr_par' dir='ltr' id='par_1_12' title="bbox 242 4295 1504 4491">
     <span class='ocr_line' id='line_1_32' title="bbox 349 4295 1504 4384; baseline -0.005 -22"><span class='ocrx_word' id='word_1_249' title='bbox 349 4301 427 4363; x_wconf 89' lang='lat' dir='ltr'>item</span> <span class='ocrx_word' id='word_1_250' title='bbox 453 4303 579 4364; x_wconf 89' lang='lat' dir='ltr'>Marcus</span> <span class='ocrx_word' id='word_1_251' title='bbox 603 4301 742 4364; x_wconf 82' lang='lat' dir='ltr'>carnifex</span> <span class='ocrx_word' id='word_1_252' title='bbox 767 4317 875 4365; x_wconf 89' lang='lat' dir='ltr'>contra</span> <span class='ocrx_word' id='word_1_253' title='bbox 905 4302 1082 4384; x_wconf 87' lang='lat' dir='ltr'>Georgium</span> <span class='ocrx_word' id='word_1_254' title='bbox 1110 4299 1303 4363; x_wconf 88' lang='lat' dir='ltr'>Pechetbnik</span> <span class='ocrx_word' id='word_1_255' title='bbox 1328 4297 1433 4382; x_wconf 90' lang='lat' dir='ltr'>primo</span> <span class='ocrx_word' id='word_1_256' title='bbox 1462 4295 1504 4356; x_wconf 93' lang='lat' dir='ltr'>ci·</span> 
     </span>
     <span class='ocr_line' id='line_1_33' title="bbox 242 4410 629 4491; baseline 0.01 -23"><span class='ocrx_word' id='word_1_257' title='bbox 242 4421 325 4469; x_wconf 90' lang='lat' dir='ltr'>tatus</span> <span class='ocrx_word' id='word_1_258' title='bbox 350 4427 414 4469; x_wconf 93' lang='lat' dir='ltr'>non</span> <span class='ocrx_word' id='word_1_259' title='bbox 440 4410 629 4491; x_wconf 89' lang='lat' dir='ltr'>comparuit.</span> 
     </span>
    </p>

    <p class='ocr_par' dir='ltr' id='par_1_13' title="bbox 242 4510 1504 4706">
     <span class='ocr_line' id='line_1_34' title="bbox 350 4510 1504 4600; baseline -0.003 -26"><span class='ocrx_word' id='word_1_260' title='bbox 350 4513 427 4576; x_wconf 85' lang='lat' dir='ltr'>{tem</span> <span class='ocrx_word' id='word_1_261' title='bbox 445 4515 556 4577; x_wconf 90' lang='lat' dir='ltr'>Petrus</span> <span class='ocrx_word' id='word_1_262' title='bbox 574 4515 746 4598; x_wconf 89' lang='lat' dir='ltr'>Hungarus</span> <span class='ocrx_word' id='word_1_263' title='bbox 763 4517 886 4600; x_wconf 89' lang='lat' dir='ltr'>pridem</span> <span class='ocrx_word' id='word_1_264' title='bbox 905 4517 1025 4598; x_wconf 81' lang='lat' dir='ltr'>juratus</span> <span class='ocrx_word' id='word_1_265' title='bbox 1041 4529 1150 4578; x_wconf 89' lang='lat' dir='ltr'>contra</span> <span class='ocrx_word' id='word_1_266' title='bbox 1168 4513 1362 4595; x_wconf 89' lang='lat' dir='ltr'>Gregorium</span> <span class='ocrx_word' id='word_1_267' title='bbox 1379 4510 1504 4592; x_wconf 89' lang='lat' dir='ltr'>pridem</span> 
     </span>
     <span class='ocr_line' id='line_1_35' title="bbox 242 4619 952 4706; baseline 0.008 -26"><span class='ocrx_word' id='word_1_268' title='bbox 242 4619 381 4698; x_wconf 88' lang='lat' dir='ltr'>juratum</span> <span class='ocrx_word' id='word_1_269' title='bbox 406 4621 512 4702; x_wconf 90' lang='lat' dir='ltr'>primo</span> <span class='ocrx_word' id='word_1_270' title='bbox 536 4621 649 4683; x_wconf 88' lang='lat' dir='ltr'>citatus</span> <span class='ocrx_word' id='word_1_271' title='bbox 674 4643 737 4684; x_wconf 91' lang='lat' dir='ltr'>non</span> <span class='ocrx_word' id='word_1_272' title='bbox 763 4623 952 4706; x_wconf 87' lang='lat' dir='ltr'>comparuit.</span> 
     </span>
    </p>

    <p class='ocr_par' dir='ltr' id='par_1_14' title="bbox 242 4722 1504 4918">
     <span class='ocr_line' id='line_1_36' title="bbox 351 4722 1504 4812; baseline -0.004 -25"><span class='ocrx_word' id='word_1_273' title='bbox 351 4725 429 4787; x_wconf 89' lang='lat' dir='ltr'>Item</span> <span class='ocrx_word' id='word_1_274' title='bbox 464 4746 556 4788; x_wconf 91' lang='lat' dir='ltr'>causa</span> <span class='ocrx_word' id='word_1_275' title='bbox 589 4728 671 4790; x_wconf 89' lang='lat' dir='ltr'>inter</span> <span class='ocrx_word' id='word_1_276' title='bbox 694 4729 884 4791; x_wconf 88' lang='lat' dir='ltr'>Michaelem</span> <span class='ocrx_word' id='word_1_277' title='bbox 909 4729 1033 4812; x_wconf 90' lang='lat' dir='ltr'>pridem</span> <span class='ocrx_word' id='word_1_278' title='bbox 1066 4727 1204 4810; x_wconf 81' lang='lat' dir='ltr'>judicem</span> <span class='ocrx_word' id='word_1_279' title='bbox 1236 4739 1266 4786; x_wconf 88' lang='lat' dir='ltr'>et</span> <span class='ocrx_word' id='word_1_280' title='bbox 1294 4722 1504 4786; x_wconf 75' lang='lat' dir='ltr'>benedictum</span> 
     </span>
     <span class='ocr_line' id='line_1_37' title="bbox 242 4831 1222 4918; baseline 0.002 -26"><span class='ocrx_word' id='word_1_281' title='bbox 242 4831 381 4912; x_wconf 81' lang='lat' dir='ltr'>juratum</span> <span class='ocrx_word' id='word_1_282' title='bbox 407 4846 531 4914; x_wconf 88' lang='lat' dir='ltr'>recepta</span> <span class='ocrx_word' id='word_1_283' title='bbox 557 4847 603 4895; x_wconf 92' lang='lat' dir='ltr'>est</span> <span class='ocrx_word' id='word_1_284' title='bbox 628 4834 668 4895; x_wconf 90' lang='lat' dir='ltr'>ad</span> <span class='ocrx_word' id='word_1_285' title='bbox 693 4855 803 4916; x_wconf 89' lang='lat' dir='ltr'>pacem</span> <span class='ocrx_word' id='word_1_286' title='bbox 828 4835 869 4896; x_wconf 90' lang='lat' dir='ltr'>ad</span> <span class='ocrx_word' id='word_1_287' title='bbox 893 4835 1032 4918; x_wconf 90' lang='lat' dir='ltr'>primum</span> <span class='ocrx_word' id='word_1_288' title='bbox 1057 4833 1222 4915; x_wconf 83' lang='lat' dir='ltr'>judicium.</span> 
     </span>
    </p>

    <p class='ocr_par' dir='ltr' id='par_1_15' title="bbox 243 4931 1504 5132">
     <span class='ocr_line' id='line_1_38' title="bbox 350 4931 1504 5023; baseline -0.001 -24"><span class='ocrx_word' id='word_1_289' title='bbox 350 4939 428 5000; x_wconf 89' lang='lat' dir='ltr'>Item</span> <span class='ocrx_word' id='word_1_290' title='bbox 454 4937 614 5021; x_wconf 89' lang='lat' dir='ltr'>Georgius</span> <span class='ocrx_word' id='word_1_291' title='bbox 638 4940 838 5023; x_wconf 89' lang='lat' dir='ltr'>Oprasnicha</span> <span class='ocrx_word' id='word_1_292' title='bbox 871 4955 980 5006; x_wconf 87' lang='lat' dir='ltr'>contra</span> <span class='ocrx_word' id='word_1_293' title='bbox 1009 4941 1188 5005; x_wconf 86' lang='lat' dir='ltr'>Fabianum</span> <span class='ocrx_word' id='word_1_294' title='bbox 1221 4937 1337 5023; x_wconf 86' lang='lat' dir='ltr'>Chupk</span> <span class='ocrx_word' id='word_1_295' title='bbox 1362 4931 1504 5001; x_wconf 89' lang='lat' dir='ltr'>secundo</span> 
     </span>
     <span class='ocr_line' id='line_1_39' title="bbox 243 5045 662 5132; baseline 0.01 -24"><span class='ocrx_word' id='word_1_296' title='bbox 243 5045 358 5110; x_wconf 86' lang='lat' dir='ltr'>citatus</span> <span class='ocrx_word' id='word_1_297' title='bbox 382 5063 448 5109; x_wconf 90' lang='lat' dir='ltr'>non</span> <span class='ocrx_word' id='word_1_298' title='bbox 473 5045 662 5132; x_wconf 90' lang='lat' dir='ltr'>comparuit.</span> 
     </span>
    </p>
   </div>
   <div class='ocr_carea' id='block_1_7' title="bbox 0 0 1877 5810">
    <p class='ocr_par' dir='ltr' id='par_1_16' title="bbox 0 0 1877 5810">
     <span class='ocr_line' id='line_1_40' title="bbox 0 0 1877 5810; baseline 0 0"><span class='ocrx_word' id='word_1_299' title='bbox 0 0 1877 5810; x_wconf 95' lang='lat' dir='ltr'> </span> 
     </span>
    </p>
   </div>
  </div>
 </body>
</html>
