3678 5800
574 510 661 568 Anno
684 520 774 587 1435.
797 543 841 554 --
865 523 893 570 1.
909 511 994 588 julii.

160 617 273 623 *-
1105 618 1132 622 -
1145 529 1422 622 Ἦ-Ῐέἕ

160 721 330 802 patrissui
355 721 492 783 carnalis
519 720 588 802 jure
621 719 816 783 hereditario
850 735 883 783 ut
906 721 1099 804 premittitur
1130 721 1188 782 rite
1213 735 1243 783 et
1267 721 1423 803 legittime

158 841 418 906 concernentem,
432 846 506 889 cum
526 827 689 908 premissis
706 828 828 890 cunctis
845 828 910 890 suis
927 828 1128 904 utilitatibus,
1146 828 1256 890 usibus
1279 841 1310 890 et
1327 828 1423 911 perti-

158 935 283 996 nenciis
306 955 342 996 ac
367 933 489 1014 juribus
523 933 680 996 universis
712 935 897 996 memoratis
921 934 1002 1017 Elye
1026 933 1130 1014 jurato
1162 954 1198 996 ac
1222 934 1324 996 Elene
1347 953 1423 996 con·

157 1042 236 1104 sorti
261 1043 317 1103 'sue
340 1061 376 1103 ac
400 1061 456 1122 per
473 1059 529 1102 eos
553 1041 696 1124 ipsorum
716 1039 889 1104 heredibus
906 1041 1089 1103 racionibus
1114 1055 1144 1103 et
1162 1041 1264 1102 causis
1289 1060 1325 1102 ex
1351 1060 1422 1122 pre·

159 1149 265 1210 missis
296 1148 466 1210 statuimus
500 1159 531 1209 et
566 1147 788 1210 commisimus
817 1147 885 1229 jure
916 1161 1073 1230 perpetuo
1111 1161 1141 1210 et
1173 1147 1423 1210 irrevocabiliter

157 1255 387 1338 possidendam
412 1269 443 1316 et
467 1255 776 1337 quomodocumque
799 1254 961 1317 voluerint
985 1254 1219 1336 disponendam
1244 1252 1330 1336 juxta
1347 1272 1422 1316 con-

157 1361 322 1424 dicionem
345 1361 483 1424 civitatis
506 1374 672 1444 prenotate
696 1362 736 1422 ab
761 1361 897 1442 antiquo
929 1363 1139 1444 approbatam
1163 1359 1421 1423 contradiccione

157 1468 378 1550 quorumlibet
401 1487 466 1530 non
492 1469 650 1546 obstante,
675 1467 868 1549 nemineque
885 1461 1008 1529 ibidem
1030 1467 1158 1549 penitus
1182 1465 1421 1528 contradicente

158 1595 217 1636 nec
241 1575 352 1656 aliquo
377 1574 610 1636 contradictore
637 1575 764 1656 penitus
787 1587 970 1657 apparente.

264 1681 342 1742 ltem
367 1681 443 1763 quia
468 1680 601 1762 provida
626 1680 742 1742 mulier
764 1681 865 1743 Elena
883 1693 1006 1760 vocata,
1031 1681 1140 1744 relicta
1165 1679 1302 1742 condam
1328 1678 1422 1742 Eme-

157 1788 214 1850 rici
246 1787 304 1850 filii
338 1787 430 1850 Pauli
460 1787 518 1849 filii
553 1787 635 1850 Petri
667 1785 723 1850 filii
757 1787 922 1849 Benedicti
953 1787 993 1848 de
1025 1787 1224 1850 Dauidowch
1257 1787 1289 1848 in
1314 1799 1423 1850 suaet

157 1894 321 1957 Valentini
346 1893 401 1956 filii
427 1907 458 1956 et
482 1894 683 1975 Margarethe
706 1892 772 1957 filie
796 1893 896 1976 ipsius
921 1894 1059 1956 Emerici
1093 1914 1131 1956 ex
1156 1893 1272 1956 eodem
1297 1906 1329 1956 et
1352 1911 1421 1976 pre·

157 2001 241 2064 dicta
266 2001 367 2064 Elena
392 2000 526 2064 muliere
558 2000 714 2082 legittime
746 2003 989 2083 progenitorum
1022 2002 1167 2084 personis
1199 1999 1364 2062 evidenter
1390 2012 1421 2062 et

157 2106 320 2189 hdedigne
345 2127 380 2170 ac
397 2106 591 2170 sufficienter
618 2108 842 2190 comprobavit
866 2108 898 2169 id
923 2127 1031 2170 coram
1059 2108 1163 2186 nobis,
1188 2121 1222 2168 ut
1247 2107 1423 2188 prelibatus

158 2215 326 2276 Emericus
351 2215 516 2276 intestatus
548 2227 579 2275 et
610 2215 732 2295 absque
756 2215 845 2276 omni
877 2214 1114 2277 testamentaria
1147 2213 1365 2296 disposicione
1389 2213 1422 2273 in

161 2320 315 2403 Capimlo
339 2341 396 2384 seu
419 2321 452 2382 in
476 2320 637 2383 territorio
663 2320 805 2402 Capituli
829 2321 963 2384 ecclesie
980 2321 1195 2404 zagrabiensis
1218 2319 1325 2382 subito
1342 2319 1421 2382 inte·

158 2441 301 2509 temptas
333 2439 379 2490 est
410 2446 447 2488 ex
478 2439 604 2505 acerto,
634 2426 784 2509 idemque
818 2427 984 2490 Emericus
1015 2427 1220 2490 medietatem
1253 2426 1420 2488 cuiusdam

157 2532 284 2611 domus,
303 2531 406 2612 fundi,
423 2533 542 2594 cellarii
561 2545 591 2594 et
614 2531 836 2595 hedificiorum
854 2534 886 2594 in
904 2533 975 2596 vico
996 2533 1095 2616 ipsius
1112 2533 1247 2596 civitatis
1272 2531 1421 2594 exteriori

159 2637 242 2700 inter
265 2637 384 2701 fundos
400 2652 431 2701 et
452 2639 566 2701 domos
581 2638 744 2702 Valentini
769 2639 901 2702 cultoris
926 2653 956 2702 et
973 2639 1056 2701 Petri
1076 2637 1275 2702 Dauidowch
1301 2638 1421 2719 habite,

160 2764 257 2806 unam
283 2759 428 2827 quartam
461 2758 492 2808 et
523 2765 619 2807 unam
653 2765 725 2806 cum
760 2745 866 2807 medis
890 2759 1036 2808 octavam
1070 2746 1102 2807 in
1127 2765 1160 2807 se
1192 2745 1421 2824 continentem,
1483 2809 1486 2817 ,

158 2849 292 2934 juridice
317 2865 348 2914 et
371 2852 545 2915 literatorie
569 2851 733 2934 possidere
757 2852 994 2931 dinoscebatur,
1032 2852 1162 2934 etquis
1187 2851 1258 2914 talis
1281 2851 1421 2914 hominis

158 2957 342 3020 decedentis
365 2959 583 3040 possessiones
607 2971 638 3020 et
661 2959 746 3020 bona
771 2958 915 3040 quelibet
944 2979 1039 3041 super
1063 2957 1197 3021 heredes
1221 2971 1252 3020 et
1276 2970 1421 3040 posteros

157 3062 303 3125 eiusdem
329 3063 466 3126 intestati
499 3064 639 3126 hominis
671 3064 703 3125 in
735 3065 896 3126 territorio
925 3077 1031 3126 nostre
1065 3063 1173 3126 habita
1205 3064 1290 3147 juxta
1323 3064 1422 3149 ipsius

156 3169 295 3232 civitatis
327 3170 492 3252 antiquam
524 3171 787 3232 consvetudinem
820 3185 851 3232 et
883 3171 1116 3253 privilegiatam
1149 3170 1330 3233 libertatem
1363 3171 1420 3233 rite

157 3275 287 3338 devolvi
320 3275 439 3339 debent
471 3290 503 3340 et
532 3276 716 3356 redundari,
748 3277 887 3358 ideoque
920 3297 979 3339 nos
1007 3277 1181 3360 predictam
1215 3277 1419 3340 medietatem

160 3383 260 3466 ipsius
284 3382 412 3463 domus,
436 3383 538 3463 fundi,
571 3384 691 3446 cellarii
723 3397 754 3446 et
785 3383 1018 3462 hedificiomm,
1051 3384 1240 3466 porcionem
1271 3383 1421 3445 videlicet

157 3489 256 3571 ipsius
281 3490 419 3552 Emerici
444 3491 549 3574 ipsum
572 3491 746 3552 literatorie
763 3504 1020 3569 concernentem,
1038 3510 1111 3552 cum
1136 3491 1201 3552 suis
1225 3490 1418 3552 utilitatibus

160 3608 190 3658 et
213 3596 420 3678 pertinenciis
443 3597 599 3658 universis
628 3609 803 3659 memorate
835 3597 935 3658 Elene
960 3596 1068 3658 relicte
1100 3609 1131 3657 et
1154 3596 1328 3659 Valentino
1352 3595 1420 3658 filio

157 3722 191 3763 ac
216 3701 419 3784 Margarethe
442 3701 507 3764 filie
532 3703 630 3785 ipsius
655 3703 794 3766 Emerici
818 3717 982 3785 tamquam
1011 3703 1182 3766 heredibus
1206 3717 1237 3766 et
1268 3705 1420 3786 supersti-

160 3807 244 3868 tibus
269 3807 414 3870 eiusdem
440 3809 578 3871 Emerici
602 3823 674 3890 post
699 3809 804 3892 ipsum
828 3809 909 3870 vivis
940 3811 1181 3872 remanentibus
1203 3811 1372 3872 statuimus
1390 3825 1421 3874 et

159 3913 379 3975 commisimus
408 3933 445 3976 ex
471 3915 634 3997 premissis
657 3915 725 3996 jure
748 3928 904 3997 perpetuo
932 3915 1159 3998 possidendam
1184 3930 1215 3979 et
1238 3917 1419 3998 quomodo·

158 4037 295 4100 eumque
313 4019 472 4082 voluerint
488 4021 721 4102 disponendam
748 4021 834 4104 juxta
850 4022 1075 4084 condicionem
1094 4023 1229 4085 civitatis
1253 4037 1418 4106 prenotate

159 4127 355 4208 abantiquo
382 4128 603 4209 approbatam.

263 4231 342 4294 ltem
367 4233 442 4314 quia
466 4232 665 4295 honorabilis
691 4234 739 4295 vir
771 4234 921 4296 dominus
947 4233 1122 4316 Gregorius
1154 4248 1259 4297 custos
1285 4237 1418 4300 ecclesie

161 4332 374 4419 zagrabiensis
398 4354 432 4400 ut
456 4353 543 4400 actor
567 4353 676 4401 contra
701 4339 894 4420 Gregorium
919 4359 974 4401 seu
990 4340 1030 4401 ad
1056 4340 1242 4402 instanciam
1270 4341 1418 4424 Gregorii

161 4444 233 4507 dicti
252 4443 393 4507 Curman
414 4445 550 4507 condam
575 4445 736 4508 servitoris
752 4447 800 4507 sui
818 4445 874 4508 filii
900 4447 1009 4508 Jacobi
1024 4448 1132 4527 magni
1149 4447 1188 4508 de
1207 4448 1289 4509 Alba
1308 4450 1418 4530 regali,

159 4569 254 4630 quem
278 4553 336 4613 sub
360 4552 492 4614 nomine
516 4550 594 4614 iuris
619 4552 651 4613 in
675 4553 834 4614 territorio
852 4567 960 4615 nostro
989 4553 1211 4634 potencialiter
1236 4554 1274 4616 de
1292 4551 1432 4638 (h)ortis‘

161 4669 316 4719 certorum
341 4659 522 4720 concivium
539 4673 722 4720 nostrorum
741 4678 839 4720 manu
855 4673 974 4720 armata
998 4679 1120 4740 suaque
1137 4660 1264 4742 propria
1290 4663 1418 4723 temeri-

159 4773 221 4824 tate
244 4777 276 4825 et
298 4765 447 4846 potencia
472 4765 635 4828 mediante
659 4765 821 4827 extrahere
846 4779 877 4828 et
901 4767 1045 4847 excipere
1070 4765 1144 4829 fecit
1168 4780 1198 4829 et
1223 4768 1355 4829 extraxit
1381 4789 1417 4831 ac

162 4869 281 4950 excepit
305 4883 337 4932 et
359 4870 490 4932 tandem
514 4891 570 4952 per
593 4869 733 4952 judicem
759 4871 894 4933 civitatis
911 4871 1050 4953 predicte
1076 4873 1177 4954 capite
1203 4893 1261 4934 suo
1287 4875 1417 4956 proprio

162 4972 300 5038 detinere
324 4989 355 5037 et
378 4976 534 5039 vinculari
558 4974 632 5038 lecit
657 4996 714 5055 pro
736 4975 860 5058 justicie
885 4976 972 5039 finali
997 4979 1234 5060 complemento
1263 4981 1345 5043 trina
1370 4979 1384 5042 f
1406 5016 1417 5029 ·
