3734 5796
461 575 522 659 308
847 579 933 638 Anno
955 594 1048 657 1439.
1070 613 1115 624 -
1137 591 1185 656 17.
1209 581 1324 655 aprilis.

564 789 642 850 ltem
674 791 750 870 quia
776 789 953 872 Elyzabeth
979 791 1106 870 mulier,
1139 791 1248 854 relicta
1276 790 1412 853 condam
1447 789 1534 853 Galli
1558 792 1712 874 arcuparis

459 896 491 957 in
516 916 572 957 sua
597 911 627 959 et
652 897 751 958 Elene
770 897 877 980 puelle
902 895 967 959 filie
984 896 1098 979 prefati
1123 897 1210 960 Galli
1227 897 1398 980 arcuparis,
1423 917 1461 959 ex
1486 897 1602 960 eodem
1621 896 1711 960 Gallo

457 1022 610 1084 arcupare
634 1017 665 1064 et
687 1023 725 1065 er
750 1003 816 1085 ipsa
842 1003 1021 1086 Elyzabeth
1046 1003 1181 1066 muliere
1211 1004 1368 1086 legittime
1391 1005 1559 1086 progenite
1591 1017 1623 1066 et
1646 1024 1713 1086 pro·

457 1121 570 1186 create,
594 1109 739 1190 personis
755 1109 795 1170 ad
812 1123 954 1172 nostram
970 1110 1103 1172 veniens
1123 1111 1321 1192 presenciam
1338 1111 1432 1172 nobis
1448 1129 1488 1172 eo
1504 1110 1605 1172 modo
1624 1110 1716 1191 signi-

458 1213 551 1276 ficare
575 1215 707 1295 curavit,
733 1230 765 1276 ut
782 1216 850 1299 ipsa
867 1216 899 1278 in
916 1235 1053 1298 persona
1070 1215 1192 1298 prefate
1210 1217 1309 1278 Elene
1334 1217 1441 1299 puelle
1460 1215 1526 1279 hlie
1551 1235 1607 1278 sue
1626 1215 1717 1278 talem

458 1322 732 1404 composicionem
757 1335 788 1384 et
812 1322 1055 1385 ordinacionem
1081 1321 1206 1386 lecisset
1226 1342 1297 1385 cum
1323 1323 1460 1405 provido
1484 1323 1553 1384 viro
1579 1321 1717 1403 Georgia

458 1440 683 1509 campanatore
715 1426 782 1489 filio
808 1427 941 1510 Georgii
970 1427 1027 1490 hlii
1061 1428 1257 1511 Mykethych
1280 1428 1320 1491 de
1346 1428 1510 1490 Gordwoa
1541 1427 1717 1490 habitatore

457 1535 540 1596 dicte
565 1535 712 1613 civitatis,
736 1549 771 1596 ut
795 1535 861 1618 ipse
885 1533 1046 1614 Georgius
1069 1549 1275 1618 campanator
1307 1555 1366 1618 pro
1398 1534 1571 1597 medietate
1595 1533 1719 1611 domus,
1828 1535 1829 1539 ’

459 1638 561 1718 fundi,
585 1621 773 1722 cellariique
797 1641 995 1702 subterranei
1027 1655 1058 1702 et
1089 1639 1313 1702 hedificiorum
1344 1639 1443 1723 ipsius
1474 1640 1613 1702 condam
1637 1637 1718 1701 Galli

459 1747 622 1828 arcuparis
646 1747 677 1808 in
703 1747 774 1808 vico
799 1747 948 1808 exteriori
980 1767 1036 1808 seu
1060 1747 1164 1830 platea
1197 1745 1432 1810 theuthonicali
1465 1745 1572 1808 habite
1596 1757 1629 1808 et
1659 1745 1720 1807 eri·

457 1855 578 1934 stentis,
603 1855 707 1937 ipsum
732 1854 854 1915 scilicet
878 1852 1010 1916 Gallum
1027 1872 1214 1935 arcuparem
1239 1853 1372 1934 juridice
1395 1866 1427 1916 et
1452 1851 1630 1914 literatorie
1647 1871 1720 1913 con-

456 1961 631 2039 cernentis,
664 1979 758 2042 supra
788 1958 936 2022 hedificia
967 1960 1122 2022 moderna
1155 1959 1254 2041 ipsius
1284 1959 1410 2037 domus,
1448 1959 1599 2020 videlicet
1628 1977 1719 2040 supra

456 2070 582 2129 stubam
600 2079 631 2128 et
647 2069 820 2147 coquinam
840 2065 983 2127 eiusdem
1007 2065 1124 2127 domus
1140 2065 1220 2128 duas
1243 2064 1394 2128 videlicet
1410 2084 1553 2126 cameras
1570 2065 1672 2126 bonas
1690 2075 1717 2124 et

457 2173 551 2234 utiles
567 2192 602 2234 ac
619 2171 784 2234 cellarium
802 2173 1044 2234 subterraneum
1061 2172 1120 2233 sub
1139 2171 1251 2232 endem
1269 2171 1368 2232 domo
1385 2183 1417 2232 et
1433 2171 1465 2232 in
1483 2170 1599 2232 eodem
1617 2168 1713 2231 fundo

456 2279 600 2340 habitum
615 2281 701 2340 hono
719 2278 818 2339 modo
831 2296 922 2339 more
939 2278 1099 2340 bonorum
1113 2277 1316 2339 cellariorum
1331 2275 1504 2338 reformare
1521 2291 1553 2338 et
1568 2277 1712 2338 ordinare

456 2386 618 2447 tenebitur
642 2399 673 2446 et
697 2385 828 2446 debebit
850 2398 885 2445 ut
908 2384 1079 2466 assumpsit
1103 2381 1184 2446 infra
1215 2383 1359 2466 spacium
1383 2383 1478 2444 unius
1502 2383 1618 2464 integri
1641 2381 1710 2442 anni

455 2491 548 2553 adie
573 2491 711 2574 presenti
737 2489 904 2572 usquead
929 2490 1086 2570 integram
1118 2489 1262 2551 eiusdem
1287 2489 1351 2550 diei
1383 2488 1557 2550 annualem
1589 2487 1708 2550 revolu·

455 2599 581 2660 cionem
609 2597 830 2679 computandi,
846 2609 957 2678 petens
974 2615 1032 2657 nos
1050 2595 1157 2658 debita
1181 2613 1254 2657 cum
1279 2595 1433 2656 instancia
1450 2606 1485 2656 ut
1508 2593 1613 2656 eidem
1631 2593 1709 2655 ordi·

454 2704 584 2766 nacioni
609 2717 640 2764 et
664 2703 897 2784 composicioni
922 2721 1027 2781 exeo,
1049 2701 1124 2782 quia
1142 2701 1255 2764 eadem
1281 2699 1459 2784 Elyzabetb
1484 2701 1601 2762 mulier
1618 2700 1708 2782 ipsam

454 2811 600 2888 domum,
625 2807 763 2871 fundum
788 2821 820 2870 et
843 2807 989 2870 hedificia
1011 2821 1141 2890 propter
1158 2821 1379 2890 paupertatem
1402 2826 1493 2868 suam
1510 2807 1643 2868 nimiam
1666 2824 1705 2866 re·

454 2915 592 2978 formare
617 2929 647 2978 et
669 2929 776 2996 tegere
801 2935 866 2976 non
890 2914 1027 2992 valebat,
1052 2927 1197 2974 nostrum
1232 2913 1420 2974 benivolum
1445 2931 1637 2975 consensum
1659 2930 1703 2993 pa-

454 3024 529 3084 riter
553 3035 585 3085 et
609 3041 774 3084 assensum
798 3021 951 3083 adhibere
968 3020 1194 3101 dignaremur;
1211 3019 1302 3082 cuius
1326 3019 1434 3101 itaque
1451 3018 1627 3102 Elyzabeth
1645 3035 1702 3078 mu·

454 3130 541 3191 lieris
564 3129 780 3212 peticionibus
818 3141 984 3209 tamquam
1017 3127 1106 3208 justis
1138 3125 1264 3208 jurique
1296 3125 1446 3207 congruis
1478 3137 1661 3201 annuentes,
1681 3134 1704 3182 et

453 3234 574 3318 prefate
600 3233 800 3295 ordinacioni
826 3247 857 3295 et
881 3231 1115 3314 composicioni
1139 3245 1285 3294 nostrum
1315 3229 1504 3293 benivolum
1528 3245 1700 3292 consensum

455 3343 573 3424 pariter
597 3355 629 3403 et
652 3359 814 3402 assensum
832 3341 1013 3421 prebentes,
1034 3338 1211 3419 predictam
1228 3335 1435 3400 medietatem
1452 3334 1576 3418 prefate
1592 3334 1699 3410 domus,

453 3447 555 3526 fundi,
573 3447 760 3528 cellariique
776 3445 974 3507 subterranei
993 3457 1024 3505 et
1037 3442 1271 3521 hedificiorum,
1290 3461 1387 3504 unam
1405 3441 1556 3504 videlicet
1573 3451 1699 3522 quartam

452 3556 539 3618 curie
563 3555 596 3616 in
618 3573 651 3614 se
675 3554 876 3630 retinentem,
893 3569 965 3613 cum
982 3551 1048 3612 suis
1071 3549 1264 3612 utilitatibus
1280 3563 1311 3612 et
1327 3548 1534 3631 pertinenciis
1558 3543 1697 3609 universis

452 3659 575 3742 prefato
608 3659 750 3740 Georgio
783 3656 1001 3739 campanatori
1025 3676 1061 3717 ac
1092 3675 1149 3737 per
1180 3675 1255 3718 eum
1289 3655 1354 3716 suis
1385 3653 1569 3733 heredibus,
1594 3665 1627 3714 ut
1645 3649 1698 3732 jam

452 3787 538 3828 novo
563 3765 687 3827 concivi
719 3777 839 3842 nostro,
863 3783 899 3824 ac
932 3781 987 3844 per
1019 3781 1093 3822 eurn
1126 3762 1191 3822 suis
1222 3760 1394 3822 heredibus
1421 3759 1467 3821 sic
1499 3773 1531 3822 et
1555 3753 1696 3820 eomodo

452 3873 620 3934 statuimus
643 3885 674 3932 et
690 3871 910 3932 commisimus
935 3881 1090 3951 perpetuo
1107 3867 1336 3950 possidendam
1356 3879 1387 3928 et
1403 3866 1695 3948 quomodocumque

452 3979 591 4040 voluerit
615 3977 849 4059 disponendam
874 3975 960 4057 juxta
984 3975 1209 4036 condicionem
1234 3973 1371 4035 civitatis
1403 3985 1572 4055 prenotate
1594 3970 1627 4031 ab
1648 3984 1694 4027 an·

452 4086 544 4166 tiquo
569 4085 779 4166 approbatam
806 4083 848 4144 ita
872 4081 1032 4158 videlicet,
1064 4095 1099 4141 ut
1131 4081 1198 4162 ipse
1225 4079 1385 4161 Georgius
1416 4089 1616 4160 campanator
1638 4089 1697 4154 pte·

453 4192 572 4254 dictam
604 4191 750 4269 domum,
783 4187 931 4266 fundum,
964 4187 1129 4248 cellarium
1159 4197 1190 4248 et
1221 4183 1367 4247 hedificia
1392 4204 1431 4246 eo
1464 4183 1563 4246 modo
1585 4193 1616 4243 ut
1642 4195 1703 4260 pre·

452 4299 585 4359 missum
611 4309 711 4358 estet
735 4295 906 4376 assumpsit
929 4292 1103 4355 reformare
1136 4307 1167 4354 et
1191 4290 1373 4370 hedificare,
1405 4303 1477 4372 post
1501 4304 1634 4372 quorum
1655 4302 1697 4344 re·

452 4403 684 4466 formacionem
709 4415 739 4463 et
762 4399 1025 4463 hedificacionem
1062 4399 1144 4460 dicta
1170 4399 1349 4482 Elyzabeth
1380 4398 1498 4460 mulier
1522 4398 1552 4458 in
1576 4407 1691 4478 persona

452 4509 573 4593 prefate
598 4509 699 4570 Elene
723 4508 787 4570 filie
811 4527 877 4579 sue,
903 4506 1109 4568 medietatem
1138 4505 1281 4586 ipsorum
1302 4503 1428 4584 domus,
1453 4502 1554 4582 fundi,
1576 4494 1691 4570 cellarii,

452 4616 686 4692 hedificiorum‚
711 4634 806 4676 unam
832 4613 979 4674 similiter
1003 4626 1149 4693 quartam
1167 4611 1253 4673 curie
1275 4611 1306 4672 in
1330 4631 1364 4673 se
1389 4609 1584 4685 retinentem,
1603 4617 1690 4682 quam

451 4723 600 4785 maluerit
624 4741 682 4803 pro
700 4742 733 4782 se
757 4733 788 4782 et
811 4740 869 4802 pro
887 4720 953 4801 ipsa
971 4718 1035 4780 filia
1060 4737 1116 4779 sua
1133 4717 1251 4798 eligere
1274 4729 1305 4779 et
1321 4715 1483 4778 residuam
1508 4713 1688 4776 medietatem

452 4829 640 4892 eorumdem
655 4829 781 4905 domus,
802 4825 893 4888 fundi
909 4839 940 4887 et
956 4824 1076 4886 cellarii
1094 4843 1130 4885 ac
1144 4821 1376 4900 hedificiorum,
1393 4841 1493 4884 unam
1506 4811 1691 4884 consimiliter

451 4950 599 5018 quartam
624 4935 709 4996 curie
736 4935 766 4996 in
792 4953 825 4994 se
841 4933 1043 5008 retinentem,
1061 4929 1165 4992 eidem
1185 4929 1328 5010 Georgia
1344 4925 1559 5011 campanatori
1572 4937 1622 5003 pro
1638 4932 1687 4976 ⁵11²

451 5045 604 5127 porcione
630 5042 714 5103 civili
741 5042 920 5121 relinquere
946 5037 1064 5121 poterit
1088 5051 1119 5100 et
1150 5037 1270 5098 valebit
1293 5049 1447 5118 perpetuo
1476 5022 1689 5117 possidendam·
