3678 5800
575 575 662 632 Anno
684 587 775 652 1435.
799 607 840 618 -
863 589 895 648 9.
914 577 1064 648 J'anuorii.

185 785 311 846 cunctis
335 785 400 847 suis
425 785 630 867 pertinenciis
654 784 759 846 eidem
783 785 947 847 Balthasar
964 785 1030 847 filio
1055 786 1199 848 eiusdem
1218 785 1348 847 domine
1368 786 1450 846 Mar·

182 890 317 972 garethe
341 891 421 952 alias
444 890 562 972 etjam
587 889 698 953 nostro
722 891 857 970 concivi,
882 911 919 953 ac
943 911 999 974 per
1015 911 1088 954 eum
1113 893 1178 953 suis
1202 892 1373 954 heredibus
1389 905 1450 952 sta·

184 997 307 1058 tuimus
339 1010 370 1059 et
400 997 621 1060 commisimus
652 1011 808 1079 perpetuo
839 998 1049 1080 possidendas
1078 1013 1109 1059 et
1140 998 1450 1080 quomodocumque

184 1103 326 1164 voluerit
349 1102 568 1186 disponendas
592 1104 678 1165 iuxta
702 1103 926 1166 condicionem
952 1104 1097 1166 civitatis.

258 1319 355 1394 Faria
384 1329 484 1394 sexta
511 1326 665 1412 proxima
693 1329 772 1413 post
799 1323 922 1394 lestum
951 1321 1212 1412 Epiphaniarom
1240 1323 1381 1394 Domini.

599 1475 646 1557 (9.
670 1474 825 1554 januarii,
848 1495 918 1538 ann.
943 1491 1003 1554 143
1022 1481 1047 1548 ).

293 1617 372 1678 ltem
389 1617 464 1699 quia
480 1618 581 1700 proba
606 1616 722 1678 mulier
738 1616 839 1678 Elena
852 1629 974 1695 vocata,
993 1616 1100 1678 relicta
1117 1616 1255 1678 condam
1274 1617 1370 1678 Blasii
1384 1636 1448 1678 sar·

184 1723 275 1801 toris,
291 1722 357 1785 filia
374 1741 450 1785 vero
467 1723 558 1785 Pauli
583 1723 658 1786 dicti
683 1722 821 1806 Wgryn,
838 1743 923 1784 nunc
940 1743 1070 1785 consors
1088 1723 1177 1784 Pauli
1195 1722 1374 1786 Carintiani
1392 1723 1445 1785 ha·

187 1830 315 1891 bitatrix
339 1829 424 1892 dicte
448 1830 593 1909 civitatis,
618 1830 650 1891 id
667 1849 740 1891 cum
764 1827 935 1891 sufficienti
960 1843 990 1892 et
1014 1828 1178 1910 fidedigno
1202 1829 1388 1890 testimonio
1412 1849 1447 1890 ac

185 1934 330 1998 evidenti
354 1935 532 1997 literatorio
556 1934 752 1998 documento
784 1935 868 1997 clare
900 1954 1007 1996 coram
1039 1935 1132 1996 nobis
1156 1935 1391 2016 comprobavit,
1416 1949 1450 1996 ut

184 2041 342 2103 medietas
366 2041 533 2103 cuiusdam
549 2043 643 2104 vinee
666 2040 779 2124 prefati
797 2041 934 2103 condam
955 2041 1050 2102 Blasii
1075 2042 1214 2119 sartoris,
1239 2042 1321 2102 inter
1338 2041 1448 2102 vineas

185 2147 366 2210 liberorum
390 2161 421 2210 et
451 2166 671 2210 successorum
703 2147 841 2210 condam
874 2148 1002 2210 Martini
1035 2148 1110 2209 dicti
1139 2147 1247 2210 Terba
1272 2168 1289 2208 a
1313 2162 1450 2229 septem-

185 2255 292 2316 trione
318 2269 389 2318 eta
418 2254 597 2316 meridione
630 2255 777 2316 similiter
807 2255 983 2316 liberorum
1008 2267 1038 2314 et
1068 2273 1287 2314 successorum
1312 2252 1448 2314 condam

186 2360 338 2442 Gregorii
363 2361 478 2422 literati
504 2361 573 2440 site,
597 2381 614 2423 a
640 2374 728 2444 parte
752 2360 903 2423 videlicet
928 2361 1069 2443 predicte
1087 2361 1179 2422 vinee
1204 2360 1345 2443 ipsorum
1371 2359 1449 2420 libe-

188 2488 301 2531 rorum
326 2482 358 2531 et
380 2487 600 2531 successorum
625 2468 701 2530 dicti
718 2468 847 2530 Martini
868 2468 975 2530 Terba
993 2467 1152 2548 adjacens,
1176 2485 1249 2528 cum
1273 2467 1338 2528 suis
1355 2465 1450 2548 perti-

186 2576 312 2637 nenciis
336 2589 367 2637 et
391 2574 583 2637 utilitatibus
607 2574 764 2636 universis
788 2574 847 2656 ipsi
881 2573 982 2635 Elene
1006 2573 1133 2635 mulieri
1158 2573 1261 2655 legata
1298 2572 1451 2634 extitisset

183 2682 254 2762 jure
276 2681 464 2764 perhennali
493 2681 697 2764 possidenda,
726 2681 864 2762 ideoque
882 2699 941 2742 nos
968 2680 1104 2742 eandem
1122 2679 1326 2740 medietatem
1355 2679 1448 2740 vinee

184 2809 203 2851 a
238 2788 323 2850 dicta
354 2789 447 2850 vinea
479 2787 623 2870 ipsorum
654 2788 830 2850 liberorum
861 2801 892 2849 et
922 2805 1141 2849 successorum
1173 2784 1287 2868 prefati
1320 2785 1449 2847 Martini

185 2896 296 2957 Terba
320 2895 425 2974 sitam,
449 2913 521 2957 cum
546 2893 708 2976 premissis
731 2893 796 2955 suis
832 2893 953 2955 cunctis
976 2892 1181 2976 pertinenciis
1206 2905 1236 2953 et
1260 2892 1451 2954 utilitatibus

184 3003 344 3065 universis
368 3000 490 3086 prefate
515 3001 616 3064 Elene
648 3001 775 3063 mulieri
808 3021 843 3062 ac
868 3020 924 3083 per
956 3019 1027 3062 eam
1051 3000 1116 3062 suis
1147 2998 1319 3061 heredibus
1342 2999 1450 3078 previa

185 3110 225 3172 de
249 3109 379 3171 racione
403 3109 573 3171 statuimus
595 3122 627 3170 et
650 3107 872 3170 commisimus
895 3120 1050 3190 perpetuo
1071 3105 1297 3189 possidendam
1323 3119 1353 3167 et
1369 3125 1449 3187 quo-

185 3214 428 3296 modocumque
451 3215 591 3277 voluerit
614 3213 849 3296 disponendam
874 3213 959 3294 juxta
977 3212 1202 3274 condicionem
1226 3211 1363 3273 civitatis
1380 3230 1449 3293 pre-

185 3322 269 3384 dicte
295 3322 335 3384 ab
360 3321 494 3404 antiquo
519 3323 746 3404 approbatam3
771 3320 858 3382 salva
889 3332 997 3382 tamen
1021 3319 1084 3381 alia
1108 3319 1278 3381 medietate
1304 3317 1448 3380 eiusdem

183 3429 279 3490 vinee
293 3448 311 3489 a
329 3426 451 3510 prelata
464 3429 557 3490 vinea
575 3427 717 3510 ipsorum
732 3427 909 3489 liberorum
927 3439 957 3489 et
973 3444 1191 3488 successorum
1209 3425 1285 3486 dicti
1300 3423 1448 3506 Gregorii

183 3534 303 3597 literati
327 3533 434 3596 habita
459 3548 490 3597 et
520 3535 646 3614 situata,
674 3535 928 3617 possessionibus
960 3533 1104 3594 eiusdem
1135 3531 1336 3616 presentibus
1363 3531 1450 3592 salva

184 3653 385 3704 remanente.

293 3747 372 3809 ltem
396 3748 472 3830 quia
489 3747 615 3810 discreti
640 3749 710 3828 viri,
728 3747 851 3810 domini
865 3745 1058 3824 Anthonius,
1076 3745 1195 3806 Paulus
1213 3757 1244 3806 et
1268 3743 1450 3805 Demetrius

183 3855 354 3940 presbiteri
379 3855 508 3938 plebani
541 3855 674 3918 ecclesie
705 3854 803 3916 sancti
833 3854 931 3915 Marci
957 3851 1174 3932 ewangeliste,
1208 3849 1240 3911 id
1265 3869 1337 3911 cum
1362 3847 1449 3910 suffi-

184 3964 283 4028 cienti
309 3975 340 4024 et
364 3961 528 4043 fidedigno
552 3975 734 4024 nostrorum
763 3961 944 4023 concivium
977 3959 1162 4020 testimonio
1186 3957 1220 4019 in
1244 3956 1319 4018 sede
1343 3968 1450 4018 nostra

183 4069 356 4152 judiciaria
373 4069 456 4131 clare
473 4070 725 4152 comprobarunt
741 4087 848 4130 coram
867 4067 970 4145 nobis,
994 4079 1028 4127 ut
1045 4065 1122 4126 dum
1147 4063 1288 4146 prefatus
1312 4062 1448 4124 condam

184 4178 352 4241 lohannes
385 4175 494 4238 Tarba
524 4176 555 4238 in
589 4176 738 4238 extremis
769 4175 832 4236 vite
860 4193 915 4236 sue
946 4172 1133 4255 temporalis
1165 4171 1349 4248 laborasset,
1374 4183 1449 4230 tunc

184 4285 254 4368 ipse
288 4282 452 4365 quandam
484 4283 611 4345 vineam
641 4301 732 4343 suam
768 4279 1024 4342 condicionalem
1059 4279 1091 4340 in
1122 4277 1281 4340 territorio
1314 4275 1450 4338 civitatis

186 4393 269 4454 inter
295 4391 406 4452 vineas
429 4388 550 4473 prefate
575 4389 706 4452 domine
731 4389 832 4451 Elene
865 4387 1008 4448 mulieris
1032 4397 1062 4447 et
1087 4385 1171 4446 Luce
1196 4383 1349 4461 habitam,
1375 4401 1447 4444 cum

186 4498 252 4560 suis
277 4497 483 4579 pertinenciis
507 4510 634 4558 etcum
659 4515 756 4557 censu
780 4496 918 4556 duorum
943 4512 1017 4554 cum
1034 4491 1141 4554 medio
1165 4490 1357 4553 cubulorum
1382 4489 1448 4549 vini

187 4605 366 4668 rectoribus
382 4604 501 4687 prefate
519 4603 650 4666 ecclesie
666 4603 765 4664 sancti
784 4602 881 4664 Marci
899 4599 1103 4680 ewangeliste
1119 4597 1253 4678 singulis
1269 4595 1361 4658 annis
1378 4614 1447 4676 per·

185 4710 356 4790 solvendo,
379 4711 549 4792 legavisset
572 4721 728 4792 perpetuo
753 4705 979 4789 possidendam
1004 4719 1034 4767 et
1059 4703 1366 4786 quomodocumque
1392 4719 1447 4762 vo·

187 4819 307 4882 luerint
332 4817 567 4900 disponendam
585 4815 670 4896 iuxta
688 4814 911 4877 condicionem
929 4811 1064 4874 civitatis
1080 4823 1245 4893 prenotate
1262 4811 1301 4870 ab
1315 4808 1448 4890 antiquo

187 4927 417 5010 approbatam3
450 4937 481 4987 et
512 4923 587 5005 quia
619 4921 760 5005 predicta
792 4921 884 4982 vinea
916 4918 1147 4981 condicionalis
1178 4915 1281 4978 adhuc
1305 4928 1448 4997 tempore

187 5031 322 5117 predicti
354 5031 483 5094 Martini
515 5029 623 5091 Terba
654 5041 684 5090 et
714 5047 769 5111 per
800 5045 1000 5108 consequens
1028 5025 1126 5107 ipsius
1159 5023 1314 5085 Johannis
1337 5021 1447 5104 generi
