3852 5820
397 547 414 588 2
790 527 877 585 Anno
898 540 988 605 1412.
1012 559 1056 568 -
1079 539 1109 585 2.
1132 526 1304 600 septmrbris.

397 740 463 822 ipse
487 759 572 801 nunc
596 738 676 800 feria
700 751 786 800 sexta
803 739 907 820 ipsum
937 739 1066 800 Petrum
1083 737 1319 819 quinquaginta
1335 736 1569 818 fidedignarum
1589 757 1659 819 per-

396 865 548 908 sonarum
572 846 704 908 veniens
728 857 760 906 et
781 844 894 927 viginti
919 845 1065 926 quinque
1089 843 1234 926 personis
1258 843 1425 924 pervenire
1449 843 1555 906 debet.

503 951 581 1014 Item
599 951 714 1013 iterum
738 963 910 1012 annotatus
934 951 1045 1012 Petrus
1076 949 1235 1032 prefatum
1260 948 1390 1012 Gerdak
1421 948 1504 1012 facto
1531 951 1564 1012 in
1588 970 1660 1032 pre·

396 1057 493 1119 misso
515 1058 555 1119 de
579 1057 682 1139 capite
706 1056 746 1118 ad
771 1069 866 1139 caput
890 1056 1038 1119 detinuit.

440 1239 537 1314 Feria
565 1251 664 1314 sexta
693 1243 848 1332 proxima
876 1248 954 1331 post
980 1241 1104 1313 festum
1132 1241 1306 1312 beatorum
1336 1241 1428 1312 Petri
1456 1247 1490 1312 et
1518 1240 1615 1313 Pauli

913 1365 1153 1455 apostolorum.

949 1509 989 1577 (J.
1007 1500 1112 1578 sulit).

504 1623 582 1686 Item
606 1623 682 1706 quia
706 1624 816 1685 Petrus
840 1622 982 1684 decanus
997 1621 1082 1685 filius
1106 1621 1235 1686 Gerdak
1253 1623 1285 1684 in
1303 1620 1474 1684 manifesto
1499 1619 1661 1682 furticinio

397 1729 526 1790 iraterne
547 1740 579 1790 et
601 1729 811 1811 pecuniarum
837 1741 946 1790 contra
971 1727 1265 1791 Gerdaksutorem
1291 1739 1435 1809 repertus
1458 1739 1490 1788 et
1513 1726 1662 1788 inventus

397 1833 550 1895 extitisset
573 1847 604 1895 et
627 1835 659 1895 in
684 1847 821 1897 mortem
845 1833 929 1896 facto
953 1854 1012 1917 pro
1029 1835 1185 1917 premisso
1201 1834 1402 1916 adjudicatus
1427 1846 1458 1896 et
1482 1833 1659 1914 condemp-

397 1954 489 2002 natus
513 1939 634 2019 suisset,
659 1955 820 2003 ettamen
844 1941 920 2023 quia
953 1942 1135 2024 complures
1159 1941 1254 2003 huius
1286 1941 1374 2023 regni
1400 1940 1525 2002 nobiles
1549 1959 1585 2001 ac
1608 1941 1657 2000 sui

396 2047 534 2129 proximi
559 2059 590 2109 et
615 2048 845 2128 consanguinei
869 2067 944 2108 cum
976 2048 1120 2110 discretis
1145 2048 1290 2130 personis
1314 2047 1407 2108 nobis
1438 2046 1560 2108 scilicet
1583 2045 1660 2106 civi-

396 2154 452 2216 tati
476 2153 675 2215 humillimas
706 2167 917 2236 porrexerunt
950 2174 1044 2216 causa
1075 2155 1126 2215 dei
1158 2154 1413 2237 supplicaciones
1444 2173 1502 2236 pro
1527 2172 1577 2232 e0,
1601 2171 1661 2214 nos

397 2259 501 2320 eidem
520 2259 614 2322 Petro
631 2259 730 2321 modo
748 2261 780 2321 in
797 2261 972 2342 prescripto
988 2261 1129 2342 graciam
1154 2275 1185 2322 et
1202 2259 1454 2322 misericordiam
1478 2259 1573 2342 capiti
1591 2259 1660 2320 eius

397 2363 532 2426 fecimus
556 2365 728 2446 specialem
753 2365 807 2444 ita,
831 2365 919 2447 quod
944 2367 1011 2448 ipse
1043 2367 1155 2428 Petrus
1179 2367 1219 2428 de
1243 2379 1348 2429 cetero
1381 2385 1440 2427 nec
1464 2366 1496 2426 in
1521 2365 1660 2446 juratum

397 2488 503 2552 neque
527 2471 734 2533 consiliarum
758 2492 815 2535 seu
831 2472 973 2554 aliquem
998 2493 1188 2534 assessorem
1206 2473 1359 2552 elevetur,
1377 2471 1432 2534 sed
1456 2472 1525 2534 eius
1548 2471 1661 2533 huma-

398 2577 480 2638 nitas
503 2595 561 2658 pro
578 2576 751 2639 duodecim
769 2577 909 2640 denariis
925 2591 1090 2661 reputetur
1102 2579 1145 2641 ita
1161 2592 1279 2658 tamen,
1297 2578 1385 2661 quod
1410 2578 1436 2640 si
1453 2597 1661 2660 quocumque

396 2695 543 2764 tempore
568 2682 634 2765 ipse
659 2683 771 2744 Petrus
794 2696 905 2746 contra
929 2684 1035 2766 ipsum
1059 2683 1188 2747 Gerdak
1217 2697 1248 2747 et
1271 2705 1346 2746 suos
1369 2685 1474 2747 socios
1497 2684 1549 2746 vel
1573 2703 1661 2746 com-

398 2787 588 2850 munitatem
613 2788 755 2870 aliquam
771 2789 861 2851 litem
883 2789 1048 2852 inchoaret
1064 2790 1116 2853 vel
1140 2805 1355 2873 promoveret,
1372 2804 1448 2854 tunc
1465 2791 1532 2873 ipse
1549 2791 1662 2852 Petrus

396 2905 461 2954 tam
487 2893 589 2976 capite
613 2913 711 2976 quam
735 2896 831 2958 rebus
853 2897 1005 2958 omnibus
1027 2897 1189 2959 tenebitur
1212 2897 1341 2979 privari.

435 3073 532 3148 Faria
559 3083 656 3149 sexta
685 3083 840 3167 proxima
867 3086 946 3170 post
973 3081 1097 3152 iestnm
1124 3081 1214 3154 beati
1242 3081 1415 3156 laurencii
1445 3085 1612 3154 martiris.

915 3215 977 3292 (12.
1001 3215 1140 3294 auguste).

498 3333 581 3396 'Item
608 3335 683 3416 quia
708 3333 853 3397 Thomas
876 3336 961 3399 iilius
986 3338 1070 3399 Petri
1095 3337 1135 3399 de
1151 3338 1334 3422 Pachetyna
1358 3339 1391 3401 in
1409 3338 1579 3402 manifesto
1596 3337 1662 3401 fur-

397 3439 509 3500 ticinio
534 3441 683 3501 inventus
707 3454 737 3502 et
760 3455 903 3524 repertus
927 3442 1047 3523 fuisset,
1070 3444 1265 3526 propriaque
1290 3444 1400 3526 lingua
1426 3458 1457 3507 et
1480 3465 1535 3508 ore
1560 3443 1662 3507 fassus

398 3547 562 3625 extitisset,
587 3559 622 3608 ut
646 3547 713 3629 ipse
745 3549 919 3630 quemdam
944 3552 1060 3611 bovem
1092 3551 1211 3612 Vrbani
1241 3549 1299 3613 filii
1331 3551 1417 3612 iwan
1441 3551 1480 3613 de
1504 3552 1662 3634 Pryztaua

398 3665 428 3713 et
452 3651 531 3713 alias
554 3651 675 3734 pluries
691 3654 907 3734 subtraxisset,
925 3675 983 3737 pro
1008 3675 1047 3717 eo
1068 3656 1160 3737 jurati
1179 3655 1361 3738 judicarunt
1377 3671 1413 3720 ut
1429 3657 1495 3740 ipse
1512 3658 1663 3718 Vrbanus

397 3757 518 3820 dictum
543 3757 707 3820 Thomam
730 3773 819 3822 sexto
843 3781 875 3822 se
898 3761 1043 3843 personis
1075 3763 1305 3844 perveniendo,
1338 3763 1426 3846 quod
1451 3777 1482 3825 et
1503 3764 1661 3847 pervenit,
1712 3787 1716 3792 ·

397 3863 438 3926 ad
462 3865 643 3947 patibulum
667 3865 861 3948 suspendere
885 3879 1059 3930 teneretur.

503 3970 582 4033 Item
606 3971 757 4032 dominus
788 3972 952 4034 Amadeus
984 3974 1157 4034 canonicus
1186 3973 1315 4036 Claram
1345 3975 1515 4037 mulierem
1540 3975 1580 4037 ad
1604 3996 1662 4037 au·

399 4075 553 4138 diendum
578 4089 687 4138 contra
713 4077 878 4140 dominam
904 4077 1140 4160 Margaretham
1157 4093 1338 4142 consortem
1363 4081 1460 4143 Blasii
1484 4081 1660 4144 Alexandri

399 4201 464 4243 non
488 4181 596 4264 posuit
620 4195 655 4244 ut
679 4182 799 4246 debuit.
1083 4180 1086 4186 “

436 4361 532 4436 Feria
560 4373 658 4437 sexta
685 4369 841 4456 proxima
868 4376 945 4458 post
972 4369 1096 4441 festum
1124 4369 1345 4445 desolacionis
1373 4373 1464 4445 beati
1487 4373 1629 4464 joannis

950 4493 1108 4582 baptiste.

907 4647 949 4721 (2.
972 4646 1159 4722 septembn's).

503 4779 580 4841 ltem
606 4781 789 4844 Anthonius
813 4783 943 4866 sellipar
967 4797 1077 4845 contra
1106 4785 1268 4848 Andream
1301 4781 1492 4871 Hungaruin
1517 4805 1659 4854 sutorem

398 4884 618 4948 testimonium
642 4889 821 4970 producere
846 4889 941 4951 debet
964 4888 1005 4950 ad
1037 4890 1178 4970 primum
1200 4891 1367 4975 judicium,
1399 4896 1551 4959 videlicet
1581 4916 1658 4959 con-

397 5002 516 5052 sortem
541 4991 661 5054 Mathei
685 4994 798 5056 decani
822 5009 853 5057 et
876 5013 1010 5057 uxorem
1034 4995 1126 5058 Pauli
1152 4997 1290 5082 Sugych.
