3678 5800
422 549 439 592 2
446 551 486 610 5o
818 529 1020 609 Anno1436.
1046 567 1086 576 —
1110 548 1140 593 2.
1162 531 1276 594 monii.

421 745 516 804 nobis
540 744 572 804 in
596 743 716 825 judicio
741 743 824 804 clare
848 745 1111 824 comprobarunt,
1136 757 1170 805 ut
1187 744 1265 805 dum
1286 743 1427 827 prelatus
1451 745 1633 807 Anthonius
1649 745 1675 804 in

421 849 570 912 extremis
594 851 657 910 vite
681 868 736 911 sue
760 850 955 932 temporalis·
968 849 1152 928 laborasset,
1169 865 1245 912 tunc
1269 851 1337 933 ipse
1355 851 1560 913 medietatem
1579 851 1675 912 cuius·

421 956 495 1017 dam
520 954 645 1034 domus,
670 954 761 1017 fundi
786 968 817 1016 et
848 953 1081 1035 hedificiorum,
1105 976 1167 1038 que
1200 957 1337 1019 condam
1363 958 1460 1018 Jaltus
1484 957 1673 1040 ltynterniste

420 1061 591 1144 prefuerat,
616 1062 802 1144 porcionem
834 1061 986 1124 videlicet
1015 1082 1118 1140 suam,
1150 1083 1247 1124 unam
1272 1064 1392 1126 scilicet
1422 1077 1571 1148 quartam
1595 1067 1673 1128 curie

421 1168 453 1229 in
478 1187 511 1230 se
536 1169 766 1246 continentem,
790 1168 895 1251 ipsum
920 1168 1053 1249 juridice
1078 1183 1109 1230 et
1130 1169 1304 1232 literatorie
1328 1185 1589 1250 concernentem,
1612 1191 1673 1254 pre-

422 1274 516 1336 dictis
542 1275 642 1336 Elene
666 1275 775 1337 relicte
799 1287 831 1336 et
855 1273 962 1353 Gallo,
991 1275 1131 1338 Martino
1154 1296 1191 1337 ac
1216 1276 1357 1358 Georgio
1382 1277 1456 1340 liliis
1479 1276 1593 1360 prelati
1618 1283 1675 1340 An·

420 1383 525 1443 thonii
549 1381 719 1463 legavisset
742 1381 796 1460 sic,
822 1393 857 1443 ut
881 1381 940 1463 ipsi
965 1380 1073 1444 debita
1097 1395 1128 1444 et
1152 1382 1241 1444 dacia
1258 1383 1360 1466 ipsam
1384 1383 1519 1446 domum
1538 1403 1594 1446 seu
1610 1403 1674 1466 por·

424 1488 551 1549 cionem
575 1487 691 1548 domus
716 1488 857 1568 predicte
880 1487 1052 1549 vendendo
1080 1488 1262 1570 persolvere
1287 1489 1434 1568 debeant,
1459 1491 1600 1571 ideoque
1624 1509 1674 1552 nos

424 1593 598 1675 predictam
623 1594 829 1656 medietatem
853 1593 952 1676 ipsius
968 1595 1094 1672 domus,
1118 1595 1305 1676 porcionem
1329 1595 1480 1658 videlicet
1496 1597 1597 1679 ipsius
1617 1603 1674 1658 An·

424 1700 539 1778 thonii,
563 1719 660 1761 unam
679 1712 713 1761 ut
736 1699 910 1782 predicitur
942 1715 1087 1781 quartam
1116 1701 1203 1762 curie
1233 1703 1265 1762 in
1289 1721 1323 1763 se
1347 1703 1580 1782 continentem,
1611 1721 1674 1764 cum

420 1807 485 1867 suis
505 1806 696 1868 utilitatibus
721 1805 841 1888 prefate
867 1807 967 1868 Elene
991 1806 1099 1869 relicte
1124 1821 1155 1868 et
1180 1806 1287 1886 Gallo,
1313 1809 1451 1870 Martino
1476 1829 1512 1870 ac
1538 1807 1671 1890 Georgia

420 1910 494 1974 filiis
518 1912 618 1994 ipsius
642 1911 797 1973 Anthonii
822 1913 992 1974 statuimus
1016 1912 1217 1975 vendendam
1242 1926 1273 1975 et
1298 1913 1440 1997 predicta
1472 1914 1581 1977 debita
1612 1935 1674 1996 per-

420 2019 503 2081 solvi
528 2031 559 2080 et
582 2018 671 2079 dacia
696 2017 917 2100 persolvenda.

525 2125 603 2188 Item
627 2125 703 2206 quia
728 2125 900 2187 Katherine
924 2125 1033 2187 relicta
1054 2125 1191 2188 condam
1209 2125 1336 2188 Andree
1353 2126 1427 2188 dicti
1450 2127 1670 2210 Ztepltowych,

423 2232 563 2294 concivis
580 2246 697 2310 nostra,
719 2231 750 2292 id
768 2251 840 2293 cum
865 2230 1034 2293 sufficienti
1056 2245 1087 2293 et
1102 2231 1266 2313 fidedigno
1290 2247 1472 2294 nostrorum
1497 2235 1670 2295 concivium

422 2339 608 2400 testimonio
633 2339 665 2399 in
690 2337 765 2401 sede
789 2351 895 2400 nostra
919 2337 1085 2419 judiciaria
1102 2339 1185 2400 clare
1208 2339 1430 2420 comprobavit
1451 2358 1561 2400 coram
1578 2340 1672 2416 nobis,

423 2457 457 2506 ut
481 2445 558 2506 dum
583 2442 723 2526 prefatus
754 2445 899 2505 Andreas
923 2445 1026 2506 dictus
1058 2444 1273 2527 Ztepkowych
1305 2445 1337 2505 in
1369 2446 1518 2506 extremis
1541 2447 1603 2506 vite
1625 2464 1673 2506 sue

418 2552 604 2633 temporalis
629 2552 816 2628 laborasset,
841 2565 915 2612 tunc
941 2553 1007 2633 ipse
1032 2550 1205 2632 quamdam
1224 2551 1350 2612 vineam
1375 2571 1464 2612 suam
1490 2552 1585 2613 simul
1608 2570 1672 2612 cum

419 2657 498 2719 silva
524 2671 554 2719 et
579 2658 650 2719 aliis
673 2657 739 2718 suis
762 2657 966 2739 pertinenciis
990 2657 1072 2718 inter
1104 2657 1200 2718 aliam
1223 2657 1336 2719 silvam
1361 2677 1452 2718 suam
1477 2671 1509 2720 et
1532 2659 1611 2720 inter
1632 2657 1670 2717 vi-

421 2781 514 2824 neam
541 2777 571 2824 et
595 2763 708 2824 silvam
734 2762 863 2845 Mathye
887 2764 1016 2824 sartoris
1039 2763 1071 2824 in
1095 2763 1256 2826 territorio
1280 2763 1417 2825 civitatis
1441 2763 1592 2846 predicte,
1615 2764 1671 2824 Ka·

418 2868 542 2930 therine
566 2887 625 2950 pro
649 2881 725 2930 tunc
748 2887 804 2930 sue
827 2869 966 2930 consorti
991 2868 1129 2930 vendere
1154 2882 1185 2932 et
1208 2869 1316 2931 debita
1339 2871 1521 2952 persolvere
1545 2890 1580 2931 ac
1602 2868 1670 2930 resi-

421 2975 521 3036 duum
546 2994 604 3056 pro
630 2975 736 3036 anima
761 2993 817 3036 sua
835 2975 1014 3056 expendere
1031 2975 1217 3056 legavisset5
1241 2977 1338 3038 aliam
1354 2996 1430 3037 vero
1454 2976 1567 3038 silvam
1589 2994 1669 3036 suam

421 3081 598 3164 predictam
616 3081 648 3142 in
665 3081 828 3142 vicinitate
845 3082 986 3162 predicte
1004 3082 1096 3142 vinee
1121 3096 1152 3144 et
1168 3081 1247 3144 silve
1271 3102 1306 3143 ac
1331 3083 1428 3144 aliam
1446 3082 1574 3144 vineam
1589 3100 1667 3142 suam

419 3207 518 3270 prope
544 3185 667 3248 fontem
692 3187 786 3248 llicza
810 3201 959 3248 vocatum
989 3188 1143 3264 habitam,
1175 3208 1234 3250 nec
1258 3208 1323 3250 non
1356 3189 1543 3270 porcionem
1566 3189 1670 3249 domus

421 3307 452 3355 et
477 3292 580 3372 fundi,
605 3293 791 3375 porcionem
818 3293 968 3354 videlicet
992 3293 1091 3375 ipsius
1109 3295 1246 3373 Andree,
1270 3315 1367 3356 unam
1392 3295 1514 3356 scilicet
1537 3307 1670 3376 quartam

418 3401 505 3461 curie
523 3400 555 3460 in
580 3419 612 3459 se
631 3399 861 3478 continentem,
878 3419 951 3460 cum
973 3401 1124 3460 omnibus
1140 3401 1205 3462 suis
1222 3401 1412 3463 utilitatibus
1428 3414 1459 3462 et
1476 3399 1669 3483 pertinenciis

418 3506 574 3567 universis
605 3506 711 3567 eidem
744 3505 918 3567 Katherine
950 3506 1058 3567 relicte
1090 3505 1158 3588 jure
1195 3506 1381 3588 perhennali
1414 3508 1551 3588 legasset
1581 3505 1669 3588 possi-

418 3612 568 3691 dendam,
593 3613 731 3693 ideoque
748 3632 808 3673 nos
831 3612 1007 3695 predictam
1032 3613 1160 3674 vineam
1178 3633 1251 3674 cum
1275 3614 1341 3696 ipsa
1359 3632 1422 3675 una
1447 3614 1528 3675 silva
1551 3613 1669 3695 plenam

416 3719 578 3780 vendendi
595 3731 626 3781 et
643 3719 741 3780 modo
759 3719 915 3801 premisso
932 3719 1136 3800 disponendi,
1153 3718 1309 3801 prefatam
1326 3733 1433 3780 autem
1451 3719 1548 3780 aliam
1565 3719 1667 3780 silvam

417 3847 453 3888 ac
483 3827 586 3908 ipsam
617 3827 744 3887 vineam
777 3827 859 3888 circa
891 3825 1067 3908 predictum
1101 3824 1222 3886 fontem
1255 3825 1347 3886 llicza
1380 3825 1522 3887 habitam
1553 3845 1587 3886 ac
1608 3843 1670 3906 pre-

418 3933 533 3994 dictam
551 3933 737 4015 porcionem
756 3933 872 3994 domus
885 3947 916 3994 et
933 3931 1035 4007 fundi,
1052 3932 1239 4014 porcionem
1257 3932 1407 3993 videlicet
1425 3933 1526 4014 ipsius
1540 3931 1666 4007 Andree,

417 4058 514 4099 unam
540 4039 658 4099 scilicet
683 4053 828 4119 quartam
853 4039 940 4098 curie
965 4039 997 4099 in
1026 4059 1059 4100 se
1091 4039 1319 4116 continentem,
1343 4057 1416 4099 cum
1441 4039 1592 4100 omnibus
1613 4036 1670 4098 suis

420 4144 611 4206 utilitatibus
627 4157 658 4205 et
674 4145 879 4226 pertinenciis
896 4145 1051 4206 universis
1068 4159 1243 4206 memorate
1262 4143 1436 4206 Katherine
1458 4145 1566 4206 relicte
1583 4145 1670 4226 ipsius

419 4251 548 4312 Andree
573 4271 609 4311 ac
633 4271 690 4332 per
714 4270 784 4310 eam
801 4252 866 4312 suis
890 4250 1061 4312 heredibus
1085 4251 1253 4313 statuimus
1270 4265 1426 4333 perpetuo
1451 4251 1667 4333 possidendam

418 4370 449 4418 et
474 4357 782 4438 quomodocumque
805 4357 943 4418 voluerit
967 4357 1213 4438 disponendam.
1574 4347 1576 4350 ⁸

525 4464 602 4524 ltem
627 4463 702 4543 quia
727 4463 812 4523 lwan
838 4463 942 4526 dictus
966 4463 1081 4524 Thurk
1112 4462 1197 4524 filius
1220 4462 1375 4524 lohannis
1406 4463 1548 4524 concivis
1573 4474 1667 4523 noster

417 4571 449 4631 id
474 4590 529 4651 per
552 4568 713 4630 sufficiens
737 4570 957 4630 testimonium
990 4569 1155 4631 evidenter
1185 4570 1408 4653 comprobavit
1440 4589 1549 4630 coram
1573 4567 1665 4642 nobis,

421 4689 455 4738 ut
479 4676 611 4758 quidam
637 4674 740 4737 Gurse
764 4674 903 4737 carnifex
927 4676 1086 4738 habitator
1114 4675 1249 4737 civitatis
1274 4676 1377 4757 ipsum
1402 4675 1489 4736 lwan
1517 4670 1667 4756 usquead

420 4783 584 4864 sanguinis
608 4782 796 4844 effusionem
822 4782 926 4844 affecit
949 4796 981 4844 et
1008 4782 1152 4860 offendit,
1185 4782 1259 4845 ideo
1289 4781 1382 4863 jurati
1407 4781 1667 4863 adjudicaverunt,

422 4903 456 4952 ut
481 4890 546 4971 ipse
577 4887 679 4951 Gurse
713 4889 920 4951 Corintianus
944 4889 1095 4950 remansit
1134 4902 1243 4950 contra
1276 4887 1455 4971 predictum
1481 4888 1564 4950 lwan
1588 4884 1666 4947 Turlt

418 4997 450 5059 in
477 4996 616 5078 birsagio
641 5009 779 5079 quatuor
810 5015 989 5059 marcarum
1018 4994 1222 5058 denariorum
1256 4995 1341 5058 salva
1374 4994 1527 5078 porcione
1557 4989 1666 5075 judicis.
