3740 5810
438 507 496 572 128
786 511 872 568 Anno
894 522 986 587 1430.
1010 543 1054 552 -
1076 521 1128 586 24.
1152 507 1320 569 novembris.

434 722 570 784 eandem
593 737 710 784 terram
734 719 822 802 juxta
845 721 1046 802 legacionem
1070 721 1145 782 dicti
1171 719 1327 782 lobannis
1342 719 1504 781 testatoris
1527 719 1703 784 statuimus

434 829 510 910 ipsis
533 829 650 910 quibus
675 828 832 890 incumbit
856 826 1090 909 disponendam
1107 840 1139 888 et
1160 825 1405 909 expendendam
1429 845 1487 908 pro
1512 826 1618 887 anima
1639 845 1698 886 sua

434 948 466 996 et
489 947 658 1017 parentum
683 955 720 996 ac
744 933 1006 1016 predecessorum
1037 951 1188 1010 suorum;
1220 932 1271 993 cui
1305 931 1438 1014 quidem
1461 929 1702 1014 adjudicacioni

435 1041 503 1124 ipsa
536 1040 667 1102 domina
701 1040 799 1102 Lucia
834 1060 898 1102 non
931 1038 1133 1117 contradixit,
1164 1038 1220 1100 sed
1249 1038 1361 1121 pocius
1391 1056 1487 1099 suum
1511 1037 1706 1098 benivolum

437 1167 628 1210 consensum
654 1147 781 1230 prebuit
804 1147 922 1229 pariter
946 1161 977 1208 et
999 1165 1176 1208 assensum.

541 1253 618 1315 Item
632 1252 725 1334 jurati
739 1252 1004 1328 adjudicaverunt
1017 1251 1106 1334 quod
1119 1251 1251 1313 domina
1269 1251 1421 1313 Katerina
1434 1251 1543 1314 relicta
1561 1249 1705 1312 condam

437 1358 636 1442 Sigismundi
652 1358 757 1440 jurati,
775 1379 860 1420 nunc
877 1378 1008 1420 consors
1025 1357 1155 1440 Mathye
1164 1357 1240 1418 dicti
1258 1357 1387 1438 Farlras,
1404 1371 1515 1420 contra
1532 1357 1703 1418 dominam

440 1466 573 1528 Luciam
595 1465 739 1528 relictam
763 1465 934 1546 Zigethsalr
958 1463 1061 1545 jurare
1094 1463 1190 1525 debet
1213 1483 1308 1546 super
1340 1483 1396 1543 eo,
1422 1476 1457 1525 ut
1479 1463 1549 1546 ipsa
1573 1464 1704 1524 nullum

438 1583 667 1634 testamentum
699 1571 853 1633 lobannis
886 1569 1046 1649 Grachin,
1077 1569 1176 1652 patris
1206 1569 1307 1652 ipsius
1338 1569 1470 1631 domine
1501 1569 1611 1648 Lucie,
1647 1589 1708 1630 nec

437 1677 563 1759 aliquas
586 1678 694 1740 literas
718 1677 848 1740 haberet
872 1697 930 1738 nec
963 1676 1061 1739 habet
1084 1675 1169 1759 apud
1203 1696 1237 1738 se
1261 1696 1320 1738 nec
1344 1677 1455 1758 aliquo
1486 1675 1572 1754 lecit,
1597 1695 1708 1757 neque

438 1784 583 1865 scitque
608 1782 676 1864 jura
700 1803 756 1845 seu
779 1795 1006 1846 testamentum
1036 1783 1137 1865 ipsam
1170 1781 1336 1844 dominam
1371 1783 1504 1844 Luciam
1529 1801 1706 1844 concerne-

438 1901 518 1968 rent,
543 1888 616 1950 ideo
641 1889 742 1971 ipsam
768 1889 990 1951 commisimus
1014 1888 1195 1971 expeditam
1220 1888 1389 1951 dominam
1414 1891 1613 1951 Katerinam.

548 1995 625 2056 ltem
658 1993 773 2057 Gallus
804 1995 921 2057 brodar
951 2007 1060 2057 contra
1094 1995 1239 2057 relictam
1271 1996 1437 2059 Michaelis
1470 1983 1512 2058 de'
1543 1997 1708 2078 Pobresya

443 2100 585 2162 secundo
607 2100 721 2163 citatus
744 2120 808 2162 non
837 2101 1028 2183 comparuit.

545 2206 623 2268 ltem
641 2207 759 2268 Paulus
772 2206 892 2288 juratus
905 2207 1080 2268 modernus
1093 2207 1188 2269 debet
1204 2208 1382 2290 producere
1395 2219 1489 2270 testes
1505 2209 1545 2269 ad
1563 2207 1709 2287 primum

443 2311 598 2394 judicium
624 2313 654 2374 in
681 2311 764 2374 lacto
789 2313 955 2374 cuiusdam
979 2327 1060 2374 terre
1086 2313 1224 2394 litigiose
1248 2314 1330 2376 inter
1362 2314 1467 2396 ipsum
1495 2327 1526 2375 et
1551 2313 1709 2375 Benedic-

447 2433 515 2481 tum
540 2419 678 2494 juratum
700 2419 822 2498 habito,
846 2419 942 2481 debet
973 2419 1150 2502 producere
1181 2439 1276 2503 super
1300 2439 1338 2481 eo
1362 2439 1470 2482 coram
1496 2419 1614 2502 quibus
1640 2419 1709 2501 ipse

448 2525 642 2588 Benedictus
661 2525 782 2607 juratus
806 2525 892 2588 finita
911 2544 1004 2586 causa
1029 2525 1110 2587 inter
1134 2525 1238 2608 ipsum
1256 2541 1287 2588 et
1304 2527 1438 2588 Elenam
1463 2526 1587 2607 glutem
1605 2544 1709 2600 suam,

447 2629 563 2693 dictam
587 2646 703 2693 terram
728 2632 788 2694 sibi
813 2631 1080 2694 vendicionaliter
1096 2630 1185 2694 fateri
1211 2647 1242 2694 et
1265 2631 1405 2694 vendere
1426 2632 1663 2713 assumpsisset.

459 2847 554 2920 Feria
582 2857 680 2921 sexta
708 2853 861 2940 proxima
889 2861 968 2923 ante
996 2851 1118 2924 festum
1146 2853 1242 2924 beate
1272 2853 1454 2924 llatheriue
1482 2853 1628 2940 virginis
1658 2859 1692 2922 et

994 2978 1159 3046 martiris.

940 3129 1004 3206 (24.
1027 3102 1209 3204 nooman).

552 3265 630 3328 ltem
656 3267 825 3329 Marchech
850 3267 971 3350 parvus'
998 3281 1109 3330 contra
1134 3267 1263 3330 Claram
1296 3269 1465 3330 mulierem
1489 3268 1635 3331 secundo
1669 3269 1710 3330 ci·

444 3385 527 3433 tatus
551 3391 616 3434 non
641 3373 830 3455 comparuit.

551 3477 630 3540 ltem
664 3478 843 3562 Stephanus
881 3479 1144 3542 Schetlrchowich
1184 3493 1294 3542 contra
1327 3479 1507 3562 Georgium
1545 3479 1709 3542 literatum

446 3582 563 3645 Thuch
588 3597 737 3646 vocaturn
761 3585 902 3647 secundo
926 3585 1040 3647 citatus
1063 3605 1128 3647 non
1153 3586 1342 3668 comparuit.

552 3689 629 3751 Item
655 3692 757 3752 Kussn
781 3692 898 3752 mulier
921 3691 1031 3753 relicta
1059 3692 1198 3753 condam
1231 3691 1359 3753 Thome
1386 3689 1477 3771 labri,
1501 3693 1635 3754 Petrum
1661 3711 1709 3753 su-

445 3807 548 3857 torem
573 3815 728 3876 generum
754 3797 882 3858 Martini
907 3797 1244 3860 Plemenschalrowich
1275 3799 1376 3882 prima
1402 3799 1470 3860 vice
1496 3799 1615 3877 citavit,
1642 3800 1709 3881 ipso

448 3901 542 3962 Petro
566 3921 632 3963 non
657 3915 872 3984 comparente.

553 4007 631 4068 Item
664 4008 738 4089 quia
772 4009 909 4070 lacobus
941 4008 1061 4090 juratus
1092 4023 1122 4070 et
1148 4009 1310 4072 lohannes
1342 4008 1437 4072 frater
1467 4030 1544 4072 suus
1567 4012 1709 4072 uterinus

451 4113 567 4192 junior,
592 4113 648 4175 filii
673 4114 794 4176 scilicet
810 4115 964 4176 lobannis
987 4116 1066 4177 olim
1084 4115 1199 4197 judicis
1222 4117 1429 4198 concivisque
1453 4116 1552 4178 nostri
1577 4115 1635 4178 filii
1661 4118 1708 4177 Ja-

452 4219 524 4279 cobi
549 4219 624 4280 dicti
649 4219 762 4302 Bolye‚
788 4239 894 4281 coram
920 4221 1013 4282 nobis
1038 4221 1166 4283 insede
1191 4237 1298 4284 nostra
1330 4221 1494 4304 judiciaria
1518 4235 1586 4282 turn
1612 4221 1710 4284 literis

451 4324 567 4384 nostris
590 4343 645 4385 seu
670 4323 769 4405 ipsius
793 4325 928 4386 civitatis
956 4326 1210 4408 privilegialibus
1245 4347 1303 4408 pro
1328 4339 1417 4410 parte
1442 4328 1575 4410 predicti
1600 4327 1709 4390 Jacobi

450 4429 525 4490 dicti
551 4430 653 4512 Bolye
677 4432 726 4491 avi
753 4431 897 4512 ipsorum
928 4451 1023 4514 super
1056 4431 1248 4513 quibusdam
1282 4433 1446 4516 particulis
1477 4434 1658 4496 vinealibus
1682 4447 1710 4495 et

448 4534 537 4596 silvis
560 4555 616 4596 seu
640 4536 786 4618 virgultis
810 4537 932 4599 eisdem
957 4541 1016 4600 sub
1041 4551 1072 4599 et
1088 4538 1430 4620 circumadjacentibus
1447 4539 1708 4616 infradeclaratis,

449 4639 602 4702 confectis
626 4655 656 4702 et
680 4645 835 4705 emanatis
860 4664 895 4704 ac
912 4665 1019 4706 coram
1045 4645 1139 4706 nobis
1157 4645 1188 4706 in
1206 4646 1311 4726 specie
1336 4647 1500 4725 exhibitis,
1523 4660 1592 4708 tum
1610 4649 1706 4709 eciam

450 4746 571 4809 ellicaci
596 4749 780 4810 testimonio
805 4763 900 4830 atque
925 4751 1121 4813 documento
1145 4752 1287 4832 plurium
1319 4752 1500 4814 concivium
1527 4767 1706 4814 nostrorum

451 4853 534 4914 clare
560 4856 820 4936 comprobarunt,
845 4857 1011 4936 quomodo
1036 4858 1102 4940 ipse
1134 4857 1289 4939 particule
1322 4858 1464 4919 vineales
1487 4857 1551 4937 jam
1575 4859 1706 4920 omniuo

451 4959 573 5020 deserte
600 4975 630 5020 et
654 4960 796 5022 desolate
821 4981 893 5022 cum
911 4963 1060 5043 predictis
1082 4963 1170 5024 silvis
1187 4976 1218 5026 et
1234 4964 1380 5044 virgultis
1404 4965 1469 5025 suis
1493 4965 1524 5025 iu
1549 4965 1705 5026 territorio
