<?xml version="1.0" encoding="UTF-8"?>
<!DOCTYPE html PUBLIC "-//W3C//DTD XHTML 1.0 Transitional//EN"
    "http://www.w3.org/TR/xhtml1/DTD/xhtml1-transitional.dtd">
<html xmlns="http://www.w3.org/1999/xhtml" xml:lang="en" lang="en">
 <head>
  <title>
</title>
<meta http-equiv="Content-Type" content="text/html;charset=utf-8" />
  <meta name='ocr-system' content='tesseract 3.04.00' />
  <meta name='ocr-capabilities' content='ocr_page ocr_carea ocr_par ocr_line ocrx_word'/>
</head>
<body>
  <div class='ocr_page' id='page_1' title='image "./monumentahistor14laszgoog_0170.png"; bbox 0 0 3740 5810; ppageno 0'>
   <div class='ocr_carea' id='block_1_1' title="bbox 441 561 1720 4243">
    <p class='ocr_par' dir='ltr' id='par_1_1' title="bbox 859 561 1288 642">
     <span class='ocr_line' id='line_1_1' title="bbox 859 561 1288 642; baseline 0.007 -19"><span class='ocrx_word' id='word_1_1' title='bbox 859 567 945 624; x_wconf 84' lang='lat' dir='ltr'><strong>Anno</strong></span> <span class='ocrx_word' id='word_1_2' title='bbox 967 580 1058 642; x_wconf 71' lang='lat'><em>1423.</em></span> <span class='ocrx_word' id='word_1_3' title='bbox 1085 600 1124 609; x_wconf 95' lang='lat'>—</span> <span class='ocrx_word' id='word_1_4' title='bbox 1153 561 1185 624; x_wconf 67' lang='grc' dir='ltr'><strong>ὁ).</strong></span> <span class='ocrx_word' id='word_1_5' title='bbox 1208 567 1288 626; x_wconf 78' lang='lat' dir='ltr'><strong>maii.</strong></span> 
     </span>
    </p>

    <p class='ocr_par' dir='ltr' id='par_1_2' title="bbox 442 777 1699 966">
     <span class='ocr_line' id='line_1_2' title="bbox 551 777 1699 861; baseline 0.002 -23"><span class='ocrx_word' id='word_1_6' title='bbox 551 777 628 838; x_wconf 87' lang='lat' dir='ltr'><strong>Item</strong></span> <span class='ocrx_word' id='word_1_7' title='bbox 662 777 824 840; x_wconf 87' lang='lat' dir='ltr'><strong>lohannes</strong></span> <span class='ocrx_word' id='word_1_8' title='bbox 855 791 957 839; x_wconf 84' lang='lat' dir='ltr'><strong>sartor</strong></span> <span class='ocrx_word' id='word_1_9' title='bbox 988 792 1098 840; x_wconf 90' lang='lat' dir='ltr'><strong>contra</strong></span> <span class='ocrx_word' id='word_1_10' title='bbox 1130 781 1295 841; x_wconf 85' lang='lat' dir='ltr'><strong>Andream</strong></span> <span class='ocrx_word' id='word_1_11' title='bbox 1320 780 1360 841; x_wconf 88' lang='lat' dir='ltr'><strong>de</strong></span> <span class='ocrx_word' id='word_1_12' title='bbox 1392 779 1550 842; x_wconf 87' lang='lat' dir='ltr'><strong>Zwiuaria</strong></span> <span class='ocrx_word' id='word_1_13' title='bbox 1582 780 1699 861; x_wconf 90' lang='lat' dir='ltr'>pridem</span> 
     </span>
     <span class='ocr_line' id='line_1_3' title="bbox 442 883 1153 966; baseline 0.003 -22"><span class='ocrx_word' id='word_1_14' title='bbox 442 883 582 964; x_wconf 86' lang='lat' dir='ltr'><strong>judicem</strong></span> <span class='ocrx_word' id='word_1_15' title='bbox 605 885 710 966; x_wconf 89' lang='lat' dir='ltr'><strong>primo</strong></span> <span class='ocrx_word' id='word_1_16' title='bbox 735 886 848 947; x_wconf 86' lang='lat' dir='ltr'><strong>citatus</strong></span> <span class='ocrx_word' id='word_1_17' title='bbox 873 904 939 946; x_wconf 89' lang='lat' dir='ltr'><strong>non</strong></span> <span class='ocrx_word' id='word_1_18' title='bbox 965 886 1153 966; x_wconf 80' lang='lat' dir='ltr'>comparuit.</span> 
     </span>
    </p>

    <p class='ocr_par' dir='ltr' id='par_1_3' title="bbox 441 989 1701 1287">
     <span class='ocr_line' id='line_1_4' title="bbox 546 989 1701 1074; baseline 0 -22"><span class='ocrx_word' id='word_1_19' title='bbox 546 989 626 1052; x_wconf 88' lang='lat' dir='ltr'><strong>Item</strong></span> <span class='ocrx_word' id='word_1_20' title='bbox 650 1011 743 1053; x_wconf 88' lang='lat' dir='ltr'><strong>causa</strong></span> <span class='ocrx_word' id='word_1_21' title='bbox 765 993 846 1052; x_wconf 91' lang='lat' dir='ltr'><strong>inter</strong></span> <span class='ocrx_word' id='word_1_22' title='bbox 864 991 878 1051; x_wconf 92' lang='lat' dir='ltr'>J</span> <span class='ocrx_word' id='word_1_23' title='bbox 885 993 1024 1052; x_wconf 91' lang='lat' dir='ltr'><strong>acobum</strong></span> <span class='ocrx_word' id='word_1_24' title='bbox 1041 991 1188 1053; x_wconf 89' lang='lat' dir='ltr'><strong>Horuath</strong></span> <span class='ocrx_word' id='word_1_25' title='bbox 1206 992 1398 1054; x_wconf 87' lang='lat' dir='ltr'><strong>modernum</strong></span> <span class='ocrx_word' id='word_1_26' title='bbox 1415 993 1553 1074; x_wconf 90' lang='lat' dir='ltr'><strong>juratum</strong></span> <span class='ocrx_word' id='word_1_27' title='bbox 1579 1013 1615 1054; x_wconf 88' lang='lat' dir='ltr'><strong>ac</strong></span> <span class='ocrx_word' id='word_1_28' title='bbox 1633 992 1701 1053; x_wconf 87' lang='lat' dir='ltr'><strong>Far·</strong></span> 
     </span>
     <span class='ocr_line' id='line_1_5' title="bbox 441 1097 1698 1180; baseline 0.002 -24"><span class='ocrx_word' id='word_1_29' title='bbox 441 1097 561 1158; x_wconf 88' lang='lat' dir='ltr'><strong>casium</strong></span> <span class='ocrx_word' id='word_1_30' title='bbox 585 1097 688 1160; x_wconf 91' lang='lat' dir='ltr'><strong>virum</strong></span> <span class='ocrx_word' id='word_1_31' title='bbox 716 1099 824 1160; x_wconf 89' lang='lat' dir='ltr'><strong>relicte</strong></span> <span class='ocrx_word' id='word_1_32' title='bbox 854 1099 992 1160; x_wconf 87' lang='lat' dir='ltr'><strong>condam</strong></span> <span class='ocrx_word' id='word_1_33' title='bbox 1024 1098 1222 1179; x_wconf 83' lang='lat' dir='ltr'><strong>Sigismundi</strong></span> <span class='ocrx_word' id='word_1_34' title='bbox 1247 1097 1340 1180; x_wconf 86' lang='lat' dir='ltr'><strong>jurati</strong></span> <span class='ocrx_word' id='word_1_35' title='bbox 1372 1098 1412 1160; x_wconf 93' lang='lat' dir='ltr'><strong>ad</strong></span> <span class='ocrx_word' id='word_1_36' title='bbox 1436 1112 1582 1160; x_wconf 86' lang='lat' dir='ltr'><strong>octavam</strong></span> <span class='ocrx_word' id='word_1_37' title='bbox 1617 1099 1698 1160; x_wconf 93' lang='lat' dir='ltr'><strong>diem</strong></span> 
     </span>
     <span class='ocr_line' id='line_1_6' title="bbox 441 1203 851 1287; baseline 0.007 -24"><span class='ocrx_word' id='word_1_38' title='bbox 441 1203 481 1263; x_wconf 90' lang='lat' dir='ltr'><strong>ad</strong></span> <span class='ocrx_word' id='word_1_39' title='bbox 506 1223 618 1285; x_wconf 83' lang='lat' dir='ltr'>pacem</span> <span class='ocrx_word' id='word_1_40' title='bbox 643 1219 690 1267; x_wconf 88' lang='lat' dir='ltr'><strong>est</strong></span> <span class='ocrx_word' id='word_1_41' title='bbox 714 1219 851 1287; x_wconf 90' lang='lat' dir='ltr'><strong>recepta.</strong></span> 
     </span>
    </p>

    <p class='ocr_par' dir='ltr' id='par_1_4' title="bbox 441 1309 1697 1605">
     <span class='ocr_line' id='line_1_7' title="bbox 547 1309 1697 1394; baseline 0 -23"><span class='ocrx_word' id='word_1_42' title='bbox 547 1309 623 1370; x_wconf 89' lang='lat' dir='ltr'>Item</span> <span class='ocrx_word' id='word_1_43' title='bbox 643 1311 788 1393; x_wconf 90' lang='lat' dir='ltr'><strong>Mathyas</strong></span> <span class='ocrx_word' id='word_1_44' title='bbox 812 1309 952 1372; x_wconf 79' lang='lat' dir='ltr'><strong>carnifex</strong></span> <span class='ocrx_word' id='word_1_45' title='bbox 977 1309 1071 1372; x_wconf 85' lang='lat' dir='ltr'><strong>frater</strong></span> <span class='ocrx_word' id='word_1_46' title='bbox 1095 1310 1250 1372; x_wconf 87' lang='lat' dir='ltr'><strong>Anthonii</strong></span> <span class='ocrx_word' id='word_1_47' title='bbox 1278 1311 1435 1373; x_wconf 86' lang='lat' dir='ltr'><strong>carnificis</strong></span> <span class='ocrx_word' id='word_1_48' title='bbox 1458 1332 1494 1373; x_wconf 93' lang='lat' dir='ltr'><strong>ac</strong></span> <span class='ocrx_word' id='word_1_49' title='bbox 1519 1311 1697 1394; x_wconf 81' lang='lat' dir='ltr'>Stephanus</span> 
     </span>
     <span class='ocr_line' id='line_1_8' title="bbox 441 1417 1697 1501; baseline 0.001 -25"><span class='ocrx_word' id='word_1_50' title='bbox 441 1435 550 1476; x_wconf 88' lang='lat' dir='ltr'><strong>servus</strong></span> <span class='ocrx_word' id='word_1_51' title='bbox 574 1417 719 1478; x_wconf 89' lang='lat' dir='ltr'><strong>eiusdem</strong></span> <span class='ocrx_word' id='word_1_52' title='bbox 744 1430 854 1479; x_wconf 89' lang='lat' dir='ltr'><strong>contra</strong></span> <span class='ocrx_word' id='word_1_53' title='bbox 870 1417 1078 1479; x_wconf 81' lang='lat' dir='ltr'><strong>Valentinum</strong></span> <span class='ocrx_word' id='word_1_54' title='bbox 1096 1418 1243 1479; x_wconf 91' lang='lat' dir='ltr'><strong>vitricum</strong></span> <span class='ocrx_word' id='word_1_55' title='bbox 1261 1418 1448 1480; x_wconf 89' lang='lat' dir='ltr'><strong>Mrankonis</strong></span> <span class='ocrx_word' id='word_1_56' title='bbox 1464 1417 1570 1501; x_wconf 93' lang='lat' dir='ltr'><strong>primo</strong></span> <span class='ocrx_word' id='word_1_57' title='bbox 1589 1419 1697 1480; x_wconf 90' lang='lat' dir='ltr'><strong>citatus</strong></span> 
     </span>
     <span class='ocr_line' id='line_1_9' title="bbox 442 1525 721 1605; baseline 0.004 -21"><span class='ocrx_word' id='word_1_58' title='bbox 442 1542 507 1584; x_wconf 92' lang='lat' dir='ltr'><strong>uon</strong></span> <span class='ocrx_word' id='word_1_59' title='bbox 532 1525 721 1605; x_wconf 84' lang='lat' dir='ltr'>comparuit.</span> 
     </span>
    </p>

    <p class='ocr_par' dir='ltr' id='par_1_5' title="bbox 442 1629 1697 1818">
     <span class='ocr_line' id='line_1_10' title="bbox 548 1629 1697 1714; baseline 0.001 -25"><span class='ocrx_word' id='word_1_60' title='bbox 548 1629 626 1690; x_wconf 86' lang='lat' dir='ltr'>Item</span> <span class='ocrx_word' id='word_1_61' title='bbox 651 1649 744 1691; x_wconf 88' lang='lat' dir='ltr'><strong>causa</strong></span> <span class='ocrx_word' id='word_1_62' title='bbox 769 1631 851 1692; x_wconf 91' lang='lat' dir='ltr'><strong>inter</strong></span> <span class='ocrx_word' id='word_1_63' title='bbox 872 1629 1069 1711; x_wconf 81' lang='lat' dir='ltr'><strong>Stephanum</strong></span> <span class='ocrx_word' id='word_1_64' title='bbox 1088 1630 1253 1714; x_wconf 90' lang='lat' dir='ltr'><strong>Doycbich</strong></span> <span class='ocrx_word' id='word_1_65' title='bbox 1278 1645 1309 1693; x_wconf 91' lang='lat' dir='ltr'><strong>et</strong></span> <span class='ocrx_word' id='word_1_66' title='bbox 1326 1631 1485 1693; x_wconf 85' lang='lat' dir='ltr'><strong>Brittium</strong></span> <span class='ocrx_word' id='word_1_67' title='bbox 1510 1631 1697 1714; x_wconf 81' lang='lat' dir='ltr'><strong>piscatorem</strong></span> 
     </span>
     <span class='ocr_line' id='line_1_11' title="bbox 442 1733 1438 1818; baseline 0.003 -23"><span class='ocrx_word' id='word_1_68' title='bbox 442 1733 543 1796; x_wconf 88' lang='lat' dir='ltr'><strong>filium</strong></span> <span class='ocrx_word' id='word_1_69' title='bbox 567 1735 663 1796; x_wconf 83' lang='lat' dir='ltr'><strong>Blasii</strong></span> <span class='ocrx_word' id='word_1_70' title='bbox 688 1736 727 1796; x_wconf 90' lang='lat' dir='ltr'><strong>ad</strong></span> <span class='ocrx_word' id='word_1_71' title='bbox 751 1749 896 1797; x_wconf 89' lang='lat' dir='ltr'><strong>octavam</strong></span> <span class='ocrx_word' id='word_1_72' title='bbox 921 1736 1007 1797; x_wconf 91' lang='lat' dir='ltr'><strong>diem</strong></span> <span class='ocrx_word' id='word_1_73' title='bbox 1032 1735 1071 1796; x_wconf 92' lang='lat' dir='ltr'><strong>ad</strong></span> <span class='ocrx_word' id='word_1_74' title='bbox 1097 1756 1207 1818; x_wconf 88' lang='lat' dir='ltr'><strong>pacem</strong></span> <span class='ocrx_word' id='word_1_75' title='bbox 1232 1751 1279 1798; x_wconf 89' lang='lat' dir='ltr'><strong>est</strong></span> <span class='ocrx_word' id='word_1_76' title='bbox 1302 1751 1438 1816; x_wconf 90' lang='lat' dir='ltr'><strong>recepta.</strong></span> 
     </span>
    </p>

    <p class='ocr_par' dir='ltr' id='par_1_6' title="bbox 441 1841 1720 2880">
     <span class='ocr_line' id='line_1_12' title="bbox 549 1841 1696 1926; baseline 0.002 -24"><span class='ocrx_word' id='word_1_77' title='bbox 549 1841 625 1902; x_wconf 89' lang='lat' dir='ltr'><strong>ltem</strong></span> <span class='ocrx_word' id='word_1_78' title='bbox 651 1843 727 1922; x_wconf 89' lang='lat' dir='ltr'><strong>quia</strong></span> <span class='ocrx_word' id='word_1_79' title='bbox 752 1843 862 1904; x_wconf 90' lang='lat' dir='ltr'><strong>Petrus</strong></span> <span class='ocrx_word' id='word_1_80' title='bbox 886 1843 1125 1904; x_wconf 84' lang='lat' dir='ltr'><strong>molendinator</strong></span> <span class='ocrx_word' id='word_1_81' title='bbox 1142 1842 1226 1904; x_wconf 89' lang='lat' dir='ltr'><strong>filius</strong></span> <span class='ocrx_word' id='word_1_82' title='bbox 1248 1845 1368 1926; x_wconf 88' lang='lat' dir='ltr'><strong>Munya</strong></span> <span class='ocrx_word' id='word_1_83' title='bbox 1393 1863 1465 1905; x_wconf 90' lang='lat' dir='ltr'><strong>curn</strong></span> <span class='ocrx_word' id='word_1_84' title='bbox 1481 1841 1650 1905; x_wconf 84' lang='lat' dir='ltr'><strong>sufficienti</strong></span> <span class='ocrx_word' id='word_1_85' title='bbox 1667 1857 1696 1905; x_wconf 93' lang='lat' dir='ltr'><strong>et</strong></span> 
     </span>
     <span class='ocr_line' id='line_1_13' title="bbox 442 1947 1698 2030; baseline 0.001 -21"><span class='ocrx_word' id='word_1_86' title='bbox 442 1947 607 2028; x_wconf 85' lang='lat' dir='ltr'><strong>fidedigno</strong></span> <span class='ocrx_word' id='word_1_87' title='bbox 633 1963 815 2010; x_wconf 86' lang='lat' dir='ltr'><strong>nostrorum</strong></span> <span class='ocrx_word' id='word_1_88' title='bbox 841 1950 1023 2010; x_wconf 86' lang='lat' dir='ltr'><strong>concivium</strong></span> <span class='ocrx_word' id='word_1_89' title='bbox 1055 1950 1240 2011; x_wconf 90' lang='lat' dir='ltr'><strong>testimonio</strong></span> <span class='ocrx_word' id='word_1_90' title='bbox 1269 1969 1376 2011; x_wconf 89' lang='lat' dir='ltr'><strong>coram</strong></span> <span class='ocrx_word' id='word_1_91' title='bbox 1409 1950 1502 2012; x_wconf 89' lang='lat' dir='ltr'><strong>nobis</strong></span> <span class='ocrx_word' id='word_1_92' title='bbox 1526 1951 1558 2010; x_wconf 93' lang='lat' dir='ltr'><strong>in</strong></span> <span class='ocrx_word' id='word_1_93' title='bbox 1585 1950 1698 2030; x_wconf 79' lang='lat' dir='ltr'><strong>iudicio</strong></span> 
     </span>
     <span class='ocr_line' id='line_1_14' title="bbox 441 2053 1696 2137; baseline 0.002 -24"><span class='ocrx_word' id='word_1_94' title='bbox 441 2054 674 2135; x_wconf 85' lang='lat' dir='ltr'><strong>comprobavit,</strong></span> <span class='ocrx_word' id='word_1_95' title='bbox 699 2055 786 2135; x_wconf 91' lang='lat' dir='ltr'><strong>quod</strong></span> <span class='ocrx_word' id='word_1_96' title='bbox 812 2055 960 2116; x_wconf 89' lang='lat' dir='ltr'><strong>Vrbanus</strong></span> <span class='ocrx_word' id='word_1_97' title='bbox 983 2053 1105 2136; x_wconf 84' lang='lat' dir='ltr'><strong>juratus</strong></span> <span class='ocrx_word' id='word_1_98' title='bbox 1128 2055 1212 2116; x_wconf 86' lang='lat' dir='ltr'><strong>filius</strong></span> <span class='ocrx_word' id='word_1_99' title='bbox 1245 2055 1327 2117; x_wconf 86' lang='lat' dir='ltr'><strong>Petri</strong></span> <span class='ocrx_word' id='word_1_100' title='bbox 1353 2056 1428 2117; x_wconf 90' lang='lat' dir='ltr'><strong>dicti</strong></span> <span class='ocrx_word' id='word_1_101' title='bbox 1453 2055 1600 2137; x_wconf 91' lang='lat' dir='ltr'><strong>Crapech</strong></span> <span class='ocrx_word' id='word_1_102' title='bbox 1625 2056 1696 2116; x_wconf 94' lang='lat' dir='ltr'><strong>dum</strong></span> 
     </span>
     <span class='ocr_line' id='line_1_15' title="bbox 442 2160 1696 2242; baseline 0.002 -22"><span class='ocrx_word' id='word_1_103' title='bbox 442 2160 568 2221; x_wconf 90' lang='lat' dir='ltr'><strong>vixisset</strong></span> <span class='ocrx_word' id='word_1_104' title='bbox 592 2160 756 2242; x_wconf 86' lang='lat' dir='ltr'><strong>quoddam</strong></span> <span class='ocrx_word' id='word_1_105' title='bbox 791 2161 1015 2222; x_wconf 86' lang='lat' dir='ltr'><strong>molendinum</strong></span> <span class='ocrx_word' id='word_1_106' title='bbox 1048 2181 1143 2222; x_wconf 92' lang='lat' dir='ltr'><strong>suum</strong></span> <span class='ocrx_word' id='word_1_107' title='bbox 1175 2161 1208 2222; x_wconf 91' lang='lat' dir='ltr'><strong>in</strong></span> <span class='ocrx_word' id='word_1_108' title='bbox 1233 2176 1342 2222; x_wconf 91' lang='lat' dir='ltr'><strong>nostro</strong></span> <span class='ocrx_word' id='word_1_109' title='bbox 1373 2162 1533 2223; x_wconf 89' lang='lat' dir='ltr'><strong>territorio</strong></span> <span class='ocrx_word' id='word_1_110' title='bbox 1558 2162 1696 2222; x_wconf 90' lang='lat' dir='ltr'><strong>habitum</strong></span> 
     </span>
     <span class='ocr_line' id='line_1_16' title="bbox 443 2266 1698 2346; baseline 0.001 -20"><span class='ocrx_word' id='word_1_111' title='bbox 443 2279 474 2327; x_wconf 89' lang='lat' dir='ltr'><strong>et</strong></span> <span class='ocrx_word' id='word_1_112' title='bbox 498 2266 681 2346; x_wconf 84' lang='lat' dir='ltr'><strong>decurrens,</strong></span> <span class='ocrx_word' id='word_1_113' title='bbox 704 2269 764 2328; x_wconf 93' lang='lat' dir='ltr'><strong>sub</strong></span> <span class='ocrx_word' id='word_1_114' title='bbox 789 2267 1034 2328; x_wconf 92' lang='lat' dir='ltr'><strong>condicionibus</strong></span> <span class='ocrx_word' id='word_1_115' title='bbox 1059 2281 1089 2328; x_wconf 92' lang='lat' dir='ltr'><strong>et</strong></span> <span class='ocrx_word' id='word_1_116' title='bbox 1120 2267 1341 2329; x_wconf 79' lang='lat' dir='ltr'><strong>solutionibus</strong></span> <span class='ocrx_word' id='word_1_117' title='bbox 1366 2268 1405 2329; x_wconf 91' lang='lat' dir='ltr'><strong>de</strong></span> <span class='ocrx_word' id='word_1_118' title='bbox 1438 2268 1554 2329; x_wconf 90' lang='lat' dir='ltr'><strong>eodem</strong></span> <span class='ocrx_word' id='word_1_119' title='bbox 1579 2268 1698 2329; x_wconf 89' lang='lat' dir='ltr'><strong>molen-</strong></span> 
     </span>
     <span class='ocr_line' id='line_1_17' title="bbox 442 2373 1720 2455; baseline 0 -21"><span class='ocrx_word' id='word_1_120' title='bbox 442 2374 519 2434; x_wconf 92' lang='lat' dir='ltr'><strong>dino</strong></span> <span class='ocrx_word' id='word_1_121' title='bbox 543 2374 766 2435; x_wconf 87' lang='lat' dir='ltr'><strong>communitati</strong></span> <span class='ocrx_word' id='word_1_122' title='bbox 799 2373 1078 2455; x_wconf 84' lang='lat' dir='ltr'><strong>pervenientibus,</strong></span> <span class='ocrx_word' id='word_1_123' title='bbox 1104 2375 1135 2434; x_wconf 92' lang='lat' dir='ltr'><strong>in</strong></span> <span class='ocrx_word' id='word_1_124' title='bbox 1167 2375 1265 2434; x_wconf 88' lang='lat' dir='ltr'><strong>literis</strong></span> <span class='ocrx_word' id='word_1_125' title='bbox 1297 2375 1412 2436; x_wconf 87' lang='lat' dir='ltr'><strong>nostris</strong></span> <span class='ocrx_word' id='word_1_126' title='bbox 1436 2375 1603 2453; x_wconf 90' lang='lat' dir='ltr'><strong>contentis,</strong></span> <span class='ocrx_word' id='word_1_127' title='bbox 1629 2387 1720 2435; x_wconf 85' lang='lat' dir='ltr'><strong>cum¹</strong></span> 
     </span>
     <span class='ocr_line' id='line_1_18' title="bbox 443 2477 1697 2563; baseline 0 -23"><span class='ocrx_word' id='word_1_128' title='bbox 443 2481 509 2541; x_wconf 92' lang='lat' dir='ltr'><strong>suis</strong></span> <span class='ocrx_word' id='word_1_129' title='bbox 540 2481 749 2562; x_wconf 88' lang='lat' dir='ltr'><strong>proventibus</strong></span> <span class='ocrx_word' id='word_1_130' title='bbox 781 2493 812 2541; x_wconf 93' lang='lat' dir='ltr'><strong>et</strong></span> <span class='ocrx_word' id='word_1_131' title='bbox 844 2479 1035 2541; x_wconf 89' lang='lat' dir='ltr'><strong>utilitatibus</strong></span> <span class='ocrx_word' id='word_1_132' title='bbox 1065 2477 1189 2561; x_wconf 90' lang='lat' dir='ltr'><strong>prefato</strong></span> <span class='ocrx_word' id='word_1_133' title='bbox 1222 2481 1315 2542; x_wconf 88' lang='lat' dir='ltr'><strong>Petro</strong></span> <span class='ocrx_word' id='word_1_134' title='bbox 1339 2479 1407 2542; x_wconf 87' lang='lat' dir='ltr'><strong>filio</strong></span> <span class='ocrx_word' id='word_1_135' title='bbox 1439 2481 1560 2563; x_wconf 90' lang='lat' dir='ltr'><strong>Munya</strong></span> <span class='ocrx_word' id='word_1_136' title='bbox 1593 2479 1697 2541; x_wconf 91' lang='lat' dir='ltr'><strong>vendi-</strong></span> 
     </span>
     <span class='ocr_line' id='line_1_19' title="bbox 443 2585 1699 2667; baseline -0.001 -21"><span class='ocrx_word' id='word_1_137' title='bbox 443 2585 540 2648; x_wconf 87' lang='lat' dir='ltr'><strong>disset</strong></span> <span class='ocrx_word' id='word_1_138' title='bbox 571 2599 726 2667; x_wconf 90' lang='lat' dir='ltr'><strong>perpetuo</strong></span> <span class='ocrx_word' id='word_1_139' title='bbox 758 2585 1007 2667; x_wconf 89' lang='lat' dir='ltr'><strong>possidendum,</strong></span> <span class='ocrx_word' id='word_1_140' title='bbox 1038 2585 1112 2646; x_wconf 89' lang='lat' dir='ltr'><strong>ideo</strong></span> <span class='ocrx_word' id='word_1_141' title='bbox 1144 2605 1203 2646; x_wconf 91' lang='lat' dir='ltr'><strong>nos</strong></span> <span class='ocrx_word' id='word_1_142' title='bbox 1234 2586 1354 2647; x_wconf 90' lang='lat' dir='ltr'><strong>dictum</strong></span> <span class='ocrx_word' id='word_1_143' title='bbox 1389 2585 1612 2647; x_wconf 87' lang='lat' dir='ltr'><strong>molendinum</strong></span> <span class='ocrx_word' id='word_1_144' title='bbox 1644 2586 1699 2645; x_wconf 90' lang='lat' dir='ltr'><strong>sub</strong></span> 
     </span>
     <span class='ocr_line' id='line_1_20' title="bbox 443 2691 1698 2774; baseline -0.002 -20"><span class='ocrx_word' id='word_1_145' title='bbox 443 2692 565 2754; x_wconf 89' lang='lat' dir='ltr'><strong>eisdem</strong></span> <span class='ocrx_word' id='word_1_146' title='bbox 597 2693 843 2754; x_wconf 89' lang='lat' dir='ltr'><strong>condicionibus</strong></span> <span class='ocrx_word' id='word_1_147' title='bbox 874 2691 980 2753; x_wconf 87' lang='lat' dir='ltr'><strong>eidem</strong></span> <span class='ocrx_word' id='word_1_148' title='bbox 1013 2692 1106 2752; x_wconf 89' lang='lat' dir='ltr'><strong>Petro</strong></span> <span class='ocrx_word' id='word_1_149' title='bbox 1138 2691 1206 2772; x_wconf 90' lang='lat' dir='ltr'><strong>jure</strong></span> <span class='ocrx_word' id='word_1_150' title='bbox 1238 2692 1425 2774; x_wconf 91' lang='lat' dir='ltr'><strong>perhennali</strong></span> <span class='ocrx_word' id='word_1_151' title='bbox 1458 2693 1626 2753; x_wconf 88' lang='lat' dir='ltr'><strong>statuimus</strong></span> <span class='ocrx_word' id='word_1_152' title='bbox 1657 2705 1698 2752; x_wconf 92' lang='lat' dir='ltr'><strong>te-</strong></span> 
     </span>
     <span class='ocr_line' id='line_1_21' title="bbox 445 2799 907 2880; baseline -0.002 -20"><span class='ocrx_word' id='word_1_153' title='bbox 445 2799 587 2861; x_wconf 88' lang='lat' dir='ltr'><strong>nendum</strong></span> <span class='ocrx_word' id='word_1_154' title='bbox 612 2813 643 2862; x_wconf 92' lang='lat' dir='ltr'><strong>et</strong></span> <span class='ocrx_word' id='word_1_155' title='bbox 667 2799 907 2880; x_wconf 89' lang='lat' dir='ltr'><strong>possidendum.</strong></span> 
     </span>
    </p>

    <p class='ocr_par' dir='ltr' id='par_1_7' title="bbox 548 2904 1696 2986">
     <span class='ocr_line' id='line_1_22' title="bbox 548 2904 1696 2986; baseline -0.003 -20"><span class='ocrx_word' id='word_1_156' title='bbox 548 2905 626 2968; x_wconf 90' lang='lat' dir='ltr'><strong>Item</strong></span> <span class='ocrx_word' id='word_1_157' title='bbox 641 2906 748 2968; x_wconf 90' lang='lat' dir='ltr'><strong>Kneht</strong></span> <span class='ocrx_word' id='word_1_158' title='bbox 765 2919 873 2966; x_wconf 92' lang='lat' dir='ltr'><strong>contra</strong></span> <span class='ocrx_word' id='word_1_159' title='bbox 888 2904 1173 2985; x_wconf 84' lang='lat' dir='ltr'><strong>Dragchechonem</strong></span> <span class='ocrx_word' id='word_1_160' title='bbox 1185 2905 1291 2986; x_wconf 92' lang='lat' dir='ltr'><strong>primo</strong></span> <span class='ocrx_word' id='word_1_161' title='bbox 1305 2905 1418 2968; x_wconf 89' lang='lat' dir='ltr'><strong>citatus</strong></span> <span class='ocrx_word' id='word_1_162' title='bbox 1435 2924 1499 2966; x_wconf 90' lang='lat' dir='ltr'><strong>non</strong></span> <span class='ocrx_word' id='word_1_163' title='bbox 1514 2904 1696 2986; x_wconf 88' lang='lat' dir='ltr'><strong>comparuit.</strong></span> 
     </span>
    </p>

    <p class='ocr_par' dir='ltr' id='par_1_8' title="bbox 442 3009 1697 3517">
     <span class='ocr_line' id='line_1_23' title="bbox 550 3009 1695 3092; baseline -0.003 -20"><span class='ocrx_word' id='word_1_164' title='bbox 550 3011 628 3074; x_wconf 91' lang='lat' dir='ltr'><strong>ltem</strong></span> <span class='ocrx_word' id='word_1_165' title='bbox 653 3011 745 3092; x_wconf 88' lang='lat' dir='ltr'><strong>jurati</strong></span> <span class='ocrx_word' id='word_1_166' title='bbox 770 3011 1035 3092; x_wconf 85' lang='lat' dir='ltr'><strong>adjudicaverunt</strong></span> <span class='ocrx_word' id='word_1_167' title='bbox 1066 3011 1122 3072; x_wconf 90' lang='lat' dir='ltr'><strong>tali</strong></span> <span class='ocrx_word' id='word_1_168' title='bbox 1147 3011 1256 3090; x_wconf 89' lang='lat' dir='ltr'><strong>mod0,</strong></span> <span class='ocrx_word' id='word_1_169' title='bbox 1289 3025 1323 3072; x_wconf 89' lang='lat' dir='ltr'><strong>ut</strong></span> <span class='ocrx_word' id='word_1_170' title='bbox 1354 3011 1486 3074; x_wconf 89' lang='lat' dir='ltr'><strong>Barthol</strong></span> <span class='ocrx_word' id='word_1_171' title='bbox 1510 3010 1593 3072; x_wconf 89' lang='lat' dir='ltr'><strong>filius</strong></span> <span class='ocrx_word' id='word_1_172' title='bbox 1616 3009 1695 3070; x_wconf 80' lang='lat' dir='ltr'><strong>lvvan</strong></span> 
     </span>
     <span class='ocr_line' id='line_1_24' title="bbox 444 3116 1695 3198; baseline -0.002 -20"><span class='ocrx_word' id='word_1_173' title='bbox 444 3117 562 3198; x_wconf 89' lang='lat' dir='ltr'><strong>jurabit</strong></span> <span class='ocrx_word' id='word_1_174' title='bbox 584 3119 683 3179; x_wconf 89' lang='lat' dir='ltr'><strong>tercio</strong></span> <span class='ocrx_word' id='word_1_175' title='bbox 706 3138 738 3178; x_wconf 91' lang='lat' dir='ltr'><strong>se</strong></span> <span class='ocrx_word' id='word_1_176' title='bbox 765 3119 950 3179; x_wconf 91' lang='lat' dir='ltr'><strong>concivibus</strong></span> <span class='ocrx_word' id='word_1_177' title='bbox 973 3131 1087 3178; x_wconf 88' lang='lat' dir='ltr'><strong>octavo</strong></span> <span class='ocrx_word' id='word_1_178' title='bbox 1112 3118 1164 3180; x_wconf 94' lang='lat' dir='ltr'><strong>die</strong></span> <span class='ocrx_word' id='word_1_179' title='bbox 1185 3131 1293 3180; x_wconf 88' lang='lat' dir='ltr'><strong>contra</strong></span> <span class='ocrx_word' id='word_1_180' title='bbox 1319 3119 1448 3180; x_wconf 90' lang='lat' dir='ltr'><strong>Petrum</strong></span> <span class='ocrx_word' id='word_1_181' title='bbox 1474 3116 1695 3179; x_wconf 87' lang='lat' dir='ltr'><strong>Plemenscbak</strong></span> 
     </span>
     <span class='ocr_line' id='line_1_25' title="bbox 444 3223 1697 3306; baseline -0.001 -22"><span class='ocrx_word' id='word_1_182' title='bbox 444 3239 475 3285; x_wconf 90' lang='lat' dir='ltr'><strong>et</strong></span> <span class='ocrx_word' id='word_1_183' title='bbox 500 3224 674 3285; x_wconf 84' lang='lat' dir='ltr'><strong>Martinam</strong></span> <span class='ocrx_word' id='word_1_184' title='bbox 699 3223 800 3285; x_wconf 87' lang='lat' dir='ltr'><strong>filium</strong></span> <span class='ocrx_word' id='word_1_185' title='bbox 827 3223 970 3284; x_wconf 90' lang='lat' dir='ltr'><strong>eiusdem</strong></span> <span class='ocrx_word' id='word_1_186' title='bbox 1002 3244 1097 3305; x_wconf 89' lang='lat' dir='ltr'><strong>super</strong></span> <span class='ocrx_word' id='word_1_187' title='bbox 1129 3245 1178 3301; x_wconf 93' lang='lat' dir='ltr'><strong>eo,</strong></span> <span class='ocrx_word' id='word_1_188' title='bbox 1203 3237 1238 3285; x_wconf 90' lang='lat' dir='ltr'><strong>ut</strong></span> <span class='ocrx_word' id='word_1_189' title='bbox 1269 3225 1336 3306; x_wconf 91' lang='lat' dir='ltr'><strong>ipse</strong></span> <span class='ocrx_word' id='word_1_190' title='bbox 1361 3223 1492 3286; x_wconf 90' lang='lat' dir='ltr'><strong>Barthol</strong></span> <span class='ocrx_word' id='word_1_191' title='bbox 1517 3243 1624 3285; x_wconf 88' lang='lat' dir='ltr'><strong>vaccas</strong></span> <span class='ocrx_word' id='word_1_192' title='bbox 1649 3241 1697 3284; x_wconf 94' lang='lat' dir='ltr'><strong>eo-</strong></span> 
     </span>
     <span class='ocr_line' id='line_1_26' title="bbox 442 3328 1695 3411; baseline -0.002 -21"><span class='ocrx_word' id='word_1_193' title='bbox 442 3330 589 3390; x_wconf 88' lang='lat' dir='ltr'><strong>rumdem</strong></span> <span class='ocrx_word' id='word_1_194' title='bbox 615 3350 679 3390; x_wconf 92' lang='lat' dir='ltr'><strong>non</strong></span> <span class='ocrx_word' id='word_1_195' title='bbox 706 3329 822 3391; x_wconf 84' lang='lat' dir='ltr'><strong>fixisset</strong></span> <span class='ocrx_word' id='word_1_196' title='bbox 853 3350 926 3390; x_wconf 91' lang='lat' dir='ltr'><strong>cum</strong></span> <span class='ocrx_word' id='word_1_197' title='bbox 958 3330 1101 3411; x_wconf 89' lang='lat' dir='ltr'><strong>cuspide,</strong></span> <span class='ocrx_word' id='word_1_198' title='bbox 1132 3351 1193 3392; x_wconf 87' lang='lat' dir='ltr'><strong>nec</strong></span> <span class='ocrx_word' id='word_1_199' title='bbox 1216 3329 1292 3411; x_wconf 81' lang='lat' dir='ltr'><strong>fingi</strong></span> <span class='ocrx_word' id='word_1_200' title='bbox 1318 3344 1373 3392; x_wconf 89' lang='lat' dir='ltr'><strong>aut</strong></span> <span class='ocrx_word' id='word_1_201' title='bbox 1404 3328 1538 3392; x_wconf 89' lang='lat' dir='ltr'><strong>interfici</strong></span> <span class='ocrx_word' id='word_1_202' title='bbox 1569 3328 1695 3406; x_wconf 88' lang='lat' dir='ltr'><strong>fecisset,</strong></span> 
     </span>
     <span class='ocr_line' id='line_1_27' title="bbox 444 3435 1631 3517; baseline 0.002 -21"><span class='ocrx_word' id='word_1_203' title='bbox 444 3435 498 3496; x_wconf 91' lang='lat' dir='ltr'><strong>sed</strong></span> <span class='ocrx_word' id='word_1_204' title='bbox 524 3436 556 3496; x_wconf 92' lang='lat' dir='ltr'><strong>in</strong></span> <span class='ocrx_word' id='word_1_205' title='bbox 579 3436 668 3496; x_wconf 91' lang='lat' dir='ltr'><strong>totali</strong></span> <span class='ocrx_word' id='word_1_206' title='bbox 694 3437 824 3497; x_wconf 87' lang='lat' dir='ltr'><strong>accione</strong></span> <span class='ocrx_word' id='word_1_207' title='bbox 849 3451 880 3496; x_wconf 90' lang='lat' dir='ltr'><strong>et</strong></span> <span class='ocrx_word' id='word_1_208' title='bbox 904 3437 1121 3517; x_wconf 86' lang='lat' dir='ltr'><strong>acquisicione</strong></span> <span class='ocrx_word' id='word_1_209' title='bbox 1150 3437 1339 3498; x_wconf 87' lang='lat' dir='ltr'><strong>eorumdem</strong></span> <span class='ocrx_word' id='word_1_210' title='bbox 1365 3438 1520 3498; x_wconf 88' lang='lat' dir='ltr'><strong>innocens</strong></span> <span class='ocrx_word' id='word_1_211' title='bbox 1544 3449 1631 3498; x_wconf 90' lang='lat' dir='ltr'><strong>esset.</strong></span> 
     </span>
    </p>

    <p class='ocr_par' dir='ltr' id='par_1_9' title="bbox 443 3541 1696 3837">
     <span class='ocr_line' id='line_1_28' title="bbox 550 3541 1695 3622; baseline -0.002 -20"><span class='ocrx_word' id='word_1_212' title='bbox 550 3542 628 3602; x_wconf 89' lang='lat' dir='ltr'><strong>ltem</strong></span> <span class='ocrx_word' id='word_1_213' title='bbox 661 3541 777 3622; x_wconf 88' lang='lat' dir='ltr'><strong>jurabit</strong></span> <span class='ocrx_word' id='word_1_214' title='bbox 813 3544 948 3603; x_wconf 82' lang='lat' dir='ltr'><strong>Mranlro</strong></span> <span class='ocrx_word' id='word_1_215' title='bbox 981 3557 1095 3604; x_wconf 92' lang='lat' dir='ltr'><strong>octavo</strong></span> <span class='ocrx_word' id='word_1_216' title='bbox 1132 3543 1183 3604; x_wconf 93' lang='lat' dir='ltr'><strong>die</strong></span> <span class='ocrx_word' id='word_1_217' title='bbox 1208 3557 1317 3604; x_wconf 88' lang='lat' dir='ltr'><strong>contra</strong></span> <span class='ocrx_word' id='word_1_218' title='bbox 1352 3543 1515 3604; x_wconf 86' lang='lat' dir='ltr'><strong>Andream</strong></span> <span class='ocrx_word' id='word_1_219' title='bbox 1552 3541 1695 3603; x_wconf 81' lang='lat' dir='ltr'><strong>Zvvechar</strong></span> 
     </span>
     <span class='ocr_line' id='line_1_29' title="bbox 446 3647 1694 3732; baseline -0.001 -24"><span class='ocrx_word' id='word_1_220' title='bbox 446 3667 543 3730; x_wconf 91' lang='lat' dir='ltr'><strong>penes</strong></span> <span class='ocrx_word' id='word_1_221' title='bbox 566 3649 763 3729; x_wconf 82' lang='lat' dir='ltr'><strong>sangwinent</strong></span> <span class='ocrx_word' id='word_1_222' title='bbox 782 3663 813 3710; x_wconf 93' lang='lat' dir='ltr'><strong>et</strong></span> <span class='ocrx_word' id='word_1_223' title='bbox 834 3651 965 3710; x_wconf 90' lang='lat' dir='ltr'><strong>verbera</strong></span> <span class='ocrx_word' id='word_1_224' title='bbox 990 3651 1132 3711; x_wconf 89' lang='lat' dir='ltr'><strong>secundo</strong></span> <span class='ocrx_word' id='word_1_225' title='bbox 1157 3671 1190 3710; x_wconf 94' lang='lat' dir='ltr'><strong>se</strong></span> <span class='ocrx_word' id='word_1_226' title='bbox 1207 3670 1303 3732; x_wconf 92' lang='lat' dir='ltr'><strong>super</strong></span> <span class='ocrx_word' id='word_1_227' title='bbox 1327 3670 1376 3726; x_wconf 92' lang='lat' dir='ltr'><strong>eo,</strong></span> <span class='ocrx_word' id='word_1_228' title='bbox 1402 3663 1436 3710; x_wconf 90' lang='lat' dir='ltr'><strong>ut</strong></span> <span class='ocrx_word' id='word_1_229' title='bbox 1453 3649 1539 3710; x_wconf 90' lang='lat' dir='ltr'><strong>idem</strong></span> <span class='ocrx_word' id='word_1_230' title='bbox 1558 3647 1694 3710; x_wconf 84' lang='lat' dir='ltr'><strong>Andreas</strong></span> 
     </span>
     <span class='ocr_line' id='line_1_30' title="bbox 443 3747 1696 3837; baseline 0 -23"><span class='ocrx_word' id='word_1_231' title='bbox 443 3754 563 3815; x_wconf 91' lang='lat' dir='ltr'><strong>dictum</strong></span> <span class='ocrx_word' id='word_1_232' title='bbox 577 3756 766 3835; x_wconf 83' lang='lat' dir='ltr'><strong>sanguinem</strong></span> <span class='ocrx_word' id='word_1_233' title='bbox 781 3747 955 3816; x_wconf 82' lang='lat' dir='ltr'><strong>et‘verbera</strong></span> <span class='ocrx_word' id='word_1_234' title='bbox 969 3755 1073 3816; x_wconf 90' lang='lat' dir='ltr'><strong>eidem</strong></span> <span class='ocrx_word' id='word_1_235' title='bbox 1085 3756 1243 3817; x_wconf 91' lang='lat' dir='ltr'><strong>intulisset</strong></span> <span class='ocrx_word' id='word_1_236' title='bbox 1258 3770 1288 3818; x_wconf 92' lang='lat' dir='ltr'><strong>et</strong></span> <span class='ocrx_word' id='word_1_237' title='bbox 1301 3776 1396 3837; x_wconf 93' lang='lat' dir='ltr'><strong>super</strong></span> <span class='ocrx_word' id='word_1_238' title='bbox 1414 3756 1554 3817; x_wconf 90' lang='lat' dir='ltr'><strong>eundem</strong></span> <span class='ocrx_word' id='word_1_239' title='bbox 1572 3754 1696 3816; x_wconf 86' lang='lat' dir='ltr'><strong>fecisset.</strong></span> 
     </span>
    </p>

    <p class='ocr_par' dir='ltr' id='par_1_10' title="bbox 443 3861 1698 4243">
     <span class='ocr_line' id='line_1_31' title="bbox 547 3861 1695 3942; baseline -0.001 -22"><span class='ocrx_word' id='word_1_240' title='bbox 547 3861 624 3922; x_wconf 91' lang='lat' dir='ltr'><strong>ltem</strong></span> <span class='ocrx_word' id='word_1_241' title='bbox 657 3861 732 3942; x_wconf 89' lang='lat' dir='ltr'><strong>quia</strong></span> <span class='ocrx_word' id='word_1_242' title='bbox 758 3861 861 3922; x_wconf 89' lang='lat' dir='ltr'><strong>Sabka</strong></span> <span class='ocrx_word' id='word_1_243' title='bbox 888 3861 1070 3922; x_wconf 86' lang='lat' dir='ltr'><strong>Prasichina</strong></span> <span class='ocrx_word' id='word_1_244' title='bbox 1095 3877 1205 3922; x_wconf 90' lang='lat' dir='ltr'><strong>contra</strong></span> <span class='ocrx_word' id='word_1_245' title='bbox 1230 3863 1441 3923; x_wconf 89' lang='lat' dir='ltr'><strong>Benedictum</strong></span> <span class='ocrx_word' id='word_1_246' title='bbox 1467 3861 1608 3942; x_wconf 87' lang='lat' dir='ltr'><strong>juratum</strong></span> <span class='ocrx_word' id='word_1_247' title='bbox 1630 3879 1695 3919; x_wconf 93' lang='lat' dir='ltr'><strong>mo·</strong></span> 
     </span>
     <span class='ocr_line' id='line_1_32' title="bbox 444 3965 1698 4050; baseline -0.002 -23"><span class='ocrx_word' id='word_1_248' title='bbox 444 3968 577 4028; x_wconf 88' lang='lat' dir='ltr'><strong>demum</strong></span> <span class='ocrx_word' id='word_1_249' title='bbox 603 3967 706 4028; x_wconf 84' lang='lat' dir='ltr'><strong>filium</strong></span> <span class='ocrx_word' id='word_1_250' title='bbox 732 3966 860 4049; x_wconf 90' lang='lat' dir='ltr'><strong>Gyuani</strong></span> <span class='ocrx_word' id='word_1_251' title='bbox 885 3968 1024 4028; x_wconf 90' lang='lat' dir='ltr'><strong>secunda</strong></span> <span class='ocrx_word' id='word_1_252' title='bbox 1049 3989 1082 4029; x_wconf 89' lang='lat' dir='ltr'><strong>se</strong></span> <span class='ocrx_word' id='word_1_253' title='bbox 1107 3967 1323 4048; x_wconf 89' lang='lat' dir='ltr'><strong>juramentum</strong></span> <span class='ocrx_word' id='word_1_254' title='bbox 1356 3967 1506 4050; x_wconf 90' lang='lat' dir='ltr'><strong>deposuit</strong></span> <span class='ocrx_word' id='word_1_255' title='bbox 1538 3981 1572 4029; x_wconf 92' lang='lat' dir='ltr'><strong>ut</strong></span> <span class='ocrx_word' id='word_1_256' title='bbox 1595 3965 1698 4026; x_wconf 91' lang='lat' dir='ltr'><strong>debuit</strong></span> 
     </span>
     <span class='ocr_line' id='line_1_33' title="bbox 443 4070 1692 4156; baseline -0.003 -22"><span class='ocrx_word' id='word_1_257' title='bbox 443 4093 537 4155; x_wconf 90' lang='lat' dir='ltr'><strong>super</strong></span> <span class='ocrx_word' id='word_1_258' title='bbox 561 4093 610 4151; x_wconf 89' lang='lat' dir='ltr'><strong>en,</strong></span> <span class='ocrx_word' id='word_1_259' title='bbox 634 4087 669 4135; x_wconf 93' lang='lat' dir='ltr'><strong>ut</strong></span> <span class='ocrx_word' id='word_1_260' title='bbox 693 4094 751 4134; x_wconf 90' lang='lat' dir='ltr'><strong>nec</strong></span> <span class='ocrx_word' id='word_1_261' title='bbox 776 4074 882 4134; x_wconf 90' lang='lat' dir='ltr'><strong>claves</strong></span> <span class='ocrx_word' id='word_1_262' title='bbox 906 4094 963 4134; x_wconf 88' lang='lat' dir='ltr'><strong>nec</strong></span> <span class='ocrx_word' id='word_1_263' title='bbox 988 4094 1090 4135; x_wconf 87' lang='lat' dir='ltr'><strong>seram</strong></span> <span class='ocrx_word' id='word_1_264' title='bbox 1117 4075 1215 4156; x_wconf 90' lang='lat' dir='ltr'><strong>ipsius</strong></span> <span class='ocrx_word' id='word_1_265' title='bbox 1240 4073 1403 4136; x_wconf 90' lang='lat' dir='ltr'><strong>Benedicti</strong></span> <span class='ocrx_word' id='word_1_266' title='bbox 1429 4074 1612 4155; x_wconf 90' lang='lat' dir='ltr'><strong>aperuisset,</strong></span> <span class='ocrx_word' id='word_1_267' title='bbox 1640 4070 1692 4131; x_wconf 90' lang='lat' dir='ltr'><strong>sed</strong></span> 
     </span>
     <span class='ocr_line' id='line_1_34' title="bbox 445 4180 1345 4243; baseline 0.002 -3"><span class='ocrx_word' id='word_1_268' title='bbox 445 4180 597 4243; x_wconf 90' lang='lat' dir='ltr'><strong>innocens</strong></span> <span class='ocrx_word' id='word_1_269' title='bbox 622 4195 704 4242; x_wconf 88' lang='lat' dir='ltr'><strong>esset</strong></span> <span class='ocrx_word' id='word_1_270' title='bbox 728 4195 759 4242; x_wconf 89' lang='lat' dir='ltr'><strong>et</strong></span> <span class='ocrx_word' id='word_1_271' title='bbox 784 4181 925 4241; x_wconf 91' lang='lat' dir='ltr'><strong>inmunis</strong></span> <span class='ocrx_word' id='word_1_272' title='bbox 949 4182 981 4241; x_wconf 92' lang='lat' dir='ltr'><strong>in</strong></span> <span class='ocrx_word' id='word_1_273' title='bbox 1005 4181 1096 4242; x_wconf 88' lang='lat' dir='ltr'><strong>totali</strong></span> <span class='ocrx_word' id='word_1_274' title='bbox 1122 4201 1178 4241; x_wconf 89' lang='lat' dir='ltr'><strong>sua</strong></span> <span class='ocrx_word' id='word_1_275' title='bbox 1203 4181 1345 4242; x_wconf 90' lang='lat' dir='ltr'><strong>accione.</strong></span> 
     </span>
    </p>
   </div>
   <div class='ocr_carea' id='block_1_2' title="bbox 520 4381 1629 4472">
    <p class='ocr_par' dir='ltr' id='par_1_11' title="bbox 520 4381 1629 4472">
     <span class='ocr_line' id='line_1_35' title="bbox 520 4381 1629 4472; baseline -0.005 -19"><span class='ocrx_word' id='word_1_276' title='bbox 520 4383 666 4454; x_wconf 83' lang='lat' dir='ltr'><strong>Sabbato</strong></span> <span class='ocrx_word' id='word_1_277' title='bbox 694 4385 848 4472; x_wconf 83' lang='lat' dir='ltr'><strong>proximo</strong></span> <span class='ocrx_word' id='word_1_278' title='bbox 877 4389 953 4471; x_wconf 87' lang='lat' dir='ltr'><strong>post</strong></span> <span class='ocrx_word' id='word_1_279' title='bbox 981 4382 1104 4452; x_wconf 86' lang='lat' dir='ltr'><strong>festum</strong></span> <span class='ocrx_word' id='word_1_280' title='bbox 1133 4382 1340 4452; x_wconf 86' lang='lat' dir='ltr'><strong>luvenclonis</strong></span> <span class='ocrx_word' id='word_1_281' title='bbox 1368 4387 1486 4451; x_wconf 86' lang='lat' dir='ltr'><strong>sancte</strong></span> <span class='ocrx_word' id='word_1_282' title='bbox 1515 4381 1629 4451; x_wconf 89' lang='lat' dir='ltr'><strong>crucis.</strong></span> 
     </span>
    </p>
   </div>
   <div class='ocr_carea' id='block_1_3' title="bbox 442 4531 1695 4952">
    <p class='ocr_par' dir='ltr' id='par_1_12' title="bbox 442 4531 1695 4952">
     <span class='ocr_line' id='line_1_36' title="bbox 991 4531 1154 4610; baseline 0.012 -19"><span class='ocrx_word' id='word_1_283' title='bbox 991 4531 1036 4609; x_wconf 77' lang='lat'><strong>(8.</strong></span> <span class='ocrx_word' id='word_1_284' title='bbox 1060 4535 1154 4610; x_wconf 75' lang='lat' dir='ltr'><strong>man).</strong></span> 
     </span>
     <span class='ocr_line' id='line_1_37' title="bbox 548 4651 1695 4738; baseline -0.006 -21"><span class='ocrx_word' id='word_1_285' title='bbox 548 4657 626 4719; x_wconf 90' lang='lat' dir='ltr'><strong>ltem</strong></span> <span class='ocrx_word' id='word_1_286' title='bbox 659 4657 803 4718; x_wconf 91' lang='lat' dir='ltr'><strong>seniores</strong></span> <span class='ocrx_word' id='word_1_287' title='bbox 835 4656 957 4736; x_wconf 90' lang='lat' dir='ltr'><strong>judices</strong></span> <span class='ocrx_word' id='word_1_288' title='bbox 989 4675 1129 4718; x_wconf 51' lang='lat' dir='ltr'><strong>causam¹</strong></span> <span class='ocrx_word' id='word_1_289' title='bbox 1148 4675 1207 4738; x_wconf 90' lang='lat' dir='ltr'><strong>pro</strong></span> <span class='ocrx_word' id='word_1_290' title='bbox 1239 4656 1331 4717; x_wconf 89' lang='lat' dir='ltr'><strong>vinea</strong></span> <span class='ocrx_word' id='word_1_291' title='bbox 1365 4655 1505 4736; x_wconf 90' lang='lat' dir='ltr'><strong>quadam</strong></span> <span class='ocrx_word' id='word_1_292' title='bbox 1532 4651 1695 4736; x_wconf 86' lang='lat' dir='ltr'><strong>Stoykonis</strong></span> 
     </span>
     <span class='ocr_line' id='line_1_38' title="bbox 442 4757 1693 4844; baseline -0.006 -20"><span class='ocrx_word' id='word_1_293' title='bbox 442 4762 499 4824; x_wconf 90' lang='lat' dir='ltr'><strong>filii</strong></span> <span class='ocrx_word' id='word_1_294' title='bbox 523 4763 680 4842; x_wconf 85' lang='lat' dir='ltr'><strong>Agathich</strong></span> <span class='ocrx_word' id='word_1_295' title='bbox 707 4764 787 4824; x_wconf 89' lang='lat' dir='ltr'><strong>inter</strong></span> <span class='ocrx_word' id='word_1_296' title='bbox 822 4764 924 4844; x_wconf 89' lang='lat' dir='ltr'><strong>ipsum</strong></span> <span class='ocrx_word' id='word_1_297' title='bbox 959 4777 989 4825; x_wconf 93' lang='lat' dir='ltr'><strong>et</strong></span> <span class='ocrx_word' id='word_1_298' title='bbox 1021 4762 1187 4824; x_wconf 89' lang='lat' dir='ltr'><strong>dominam</strong></span> <span class='ocrx_word' id='word_1_299' title='bbox 1214 4763 1348 4824; x_wconf 90' lang='lat' dir='ltr'><strong>Elenam</strong></span> <span class='ocrx_word' id='word_1_300' title='bbox 1379 4761 1523 4823; x_wconf 91' lang='lat' dir='ltr'><strong>relictam</strong></span> <span class='ocrx_word' id='word_1_301' title='bbox 1551 4757 1693 4831; x_wconf 87' lang='lat' dir='ltr'><strong>Stephani</strong></span> 
     </span>
     <span class='ocr_line' id='line_1_39' title="bbox 442 4867 1688 4952; baseline -0.005 -21"><span class='ocrx_word' id='word_1_302' title='bbox 442 4869 535 4951; x_wconf 86' lang='lat' dir='ltr'><strong>jurati</strong></span> <span class='ocrx_word' id='word_1_303' title='bbox 559 4869 707 4931; x_wconf 87' lang='lat' dir='ltr'><strong>Perstech</strong></span> <span class='ocrx_word' id='word_1_304' title='bbox 731 4869 871 4932; x_wconf 89' lang='lat' dir='ltr'><strong>habitam</strong></span> <span class='ocrx_word' id='word_1_305' title='bbox 897 4869 1161 4952; x_wconf 83' lang='lat' dir='ltr'><strong>adjudicaverunt</strong></span> <span class='ocrx_word' id='word_1_306' title='bbox 1183 4888 1221 4930; x_wconf 90' lang='lat' dir='ltr'><strong>eo</strong></span> <span class='ocrx_word' id='word_1_307' title='bbox 1247 4868 1356 4948; x_wconf 91' lang='lat' dir='ltr'><strong>modo,</strong></span> <span class='ocrx_word' id='word_1_308' title='bbox 1381 4867 1469 4950; x_wconf 93' lang='lat' dir='ltr'><strong>quod</strong></span> <span class='ocrx_word' id='word_1_309' title='bbox 1494 4867 1560 4950; x_wconf 85' lang='lat' dir='ltr'><strong>ipse</strong></span> <span class='ocrx_word' id='word_1_310' title='bbox 1578 4867 1688 4946; x_wconf 88' lang='lat' dir='ltr'><strong>Stoyko</strong></span> 
     </span>
    </p>
   </div>
   <div class='ocr_carea' id='block_1_4' title="bbox 444 4970 1687 5147">
    <p class='ocr_par' dir='ltr' id='par_1_13' title="bbox 444 4970 1687 5147">
     <span class='ocr_line' id='line_1_40' title="bbox 444 4970 1687 5059; baseline -0.005 -21"><span class='ocrx_word' id='word_1_311' title='bbox 444 4977 503 5059; x_wconf 91' lang='lat' dir='ltr'><strong>ipsi</strong></span> <span class='ocrx_word' id='word_1_312' title='bbox 529 4977 659 5038; x_wconf 88' lang='lat' dir='ltr'><strong>domine</strong></span> <span class='ocrx_word' id='word_1_313' title='bbox 685 4978 785 5038; x_wconf 88' lang='lat' dir='ltr'><strong>Elene</strong></span> <span class='ocrx_word' id='word_1_314' title='bbox 811 4996 912 5057; x_wconf 90' lang='lat' dir='ltr'><strong>usque</strong></span> <span class='ocrx_word' id='word_1_315' title='bbox 937 4976 975 5037; x_wconf 92' lang='lat' dir='ltr'><strong>ad</strong></span> <span class='ocrx_word' id='word_1_316' title='bbox 994 4975 1174 5058; x_wconf 90' lang='lat' dir='ltr'><strong>quindenas</strong></span> <span class='ocrx_word' id='word_1_317' title='bbox 1198 4974 1237 5039; x_wconf 90' lang='lat' dir='ltr'><strong>de</strong></span> <span class='ocrx_word' id='word_1_318' title='bbox 1266 4989 1394 5039; x_wconf 89' lang='lat' dir='ltr'><strong>centum</strong></span> <span class='ocrx_word' id='word_1_319' title='bbox 1410 4987 1441 5038; x_wconf 89' lang='lat' dir='ltr'><strong>et</strong></span> <span class='ocrx_word' id='word_1_320' title='bbox 1464 4973 1576 5058; x_wconf 85' lang='lat' dir='ltr'><strong>viginti</strong></span> <span class='ocrx_word' id='word_1_321' title='bbox 1591 4970 1687 5056; x_wconf 90' lang='lat' dir='ltr'><strong>pensis</strong></span> 
     </span>
     <span class='ocr_line' id='line_1_41' title="bbox 447 5082 986 5147; baseline 0.006 -3"><span class='ocrx_word' id='word_1_322' title='bbox 447 5084 652 5145; x_wconf 89' lang='lat' dir='ltr'><strong>denariorum</strong></span> <span class='ocrx_word' id='word_1_323' title='bbox 677 5083 772 5146; x_wconf 90' lang='lat' dir='ltr'><strong>debet</strong></span> <span class='ocrx_word' id='word_1_324' title='bbox 796 5082 986 5147; x_wconf 87' lang='lat' dir='ltr'><strong>satisfacere.</strong></span> 
     </span>
    </p>
   </div>
   <div class='ocr_carea' id='block_1_5' title="bbox 0 0 1875 5810">
    <p class='ocr_par' dir='ltr' id='par_1_14' title="bbox 0 0 1875 5810">
     <span class='ocr_line' id='line_1_42' title="bbox 0 0 1875 5810; baseline 0 0"><span class='ocrx_word' id='word_1_325' title='bbox 0 0 1875 5810; x_wconf 95' lang='lat' dir='ltr'><strong> </strong></span> 
     </span>
    </p>
   </div>
  </div>
 </body>
</html>
