3678 5800
401 586 459 648 ¹72
781 567 870 627 Anno
893 583 984 644 1432.
1011 601 1051 612 -
1075 581 1126 644 29·
1151 570 1278 642 augusti.
1354 569 1361 580 “

396 777 506 839 rienda
533 778 576 838 rei
602 797 688 840 mera
722 780 852 841 veritate
885 779 917 840 in
949 777 1033 840 facto
1065 769 1240 841 testimonii
1265 779 1305 840 ad
1336 779 1475 861 primurn
1500 778 1661 860 judiciuin

396 897 443 945 est
467 897 649 974 prorogata.

501 991 580 1052 ltcm
596 992 671 1073 quia
690 992 814 1054 Marcus
828 991 912 1054 filius
929 992 1094 1055 Benedicti
1119 992 1159 1054 de
1185 992 1271 1054 Bana
1289 993 1367 1072 zela,
1386 992 1517 1074 jobagio
1535 991 1661 1054 domini

396 1097 512 1180 prioris
535 1097 575 1160 dc
602 1098 760 1180 Bosyalto,
793 1099 824 1160 in
859 1098 943 1161 lacto
974 1099 1176 1162 vendicionis
1199 1098 1366 1160 cuiusdam
1398 1117 1657 1178 currus,c1eo,

396 1203 471 1286 quia
496 1203 600 1287 ipsum
627 1223 754 1267 currum
778 1205 906 1268 duobus
928 1206 1116 1268 hominibus
1138 1204 1320 1267 vendidisse
1345 1205 1531 1288 perhibetur
1555 1205 1588 1266 in
1612 1204 1662 1265 di·

397 1311 544 1372 versitate
568 1325 751 1393 temporum
776 1325 807 1374 et
830 1331 889 1394 pro
913 1311 1033 1394 duplici
1059 1312 1177 1394 precio,
1202 1325 1233 1373 et
1256 1331 1274 1373 a
1298 1311 1444 1394 quolibet
1467 1331 1580 1373 eorum
1601 1330 1660 1393 per

396 1437 430 1478 se
454 1417 657 1499 singulariter
673 1417 817 1500 precium
841 1418 993 1501 percepit,
1007 1418 1039 1479 in
1056 1415 1227 1480 manifesto
1244 1417 1332 1496 dol0,
1350 1416 1477 1480 falsaris
1501 1431 1533 1480 et
1549 1417 1661 1479 fraude

400 1537 568 1607 reppertus
592 1539 637 1586 est
668 1543 704 1586 ex
729 1523 777 1586 sui
801 1525 930 1608 propria
962 1522 1101 1586 iussione
1132 1543 1239 1586 coram
1272 1524 1365 1586 nobis
1396 1524 1429 1586 in
1460 1523 1582 1605 judicio
1603 1543 1663 1606 per

398 1630 537 1692 eundem
562 1630 707 1692 Marcum
732 1629 823 1710 lacta,
848 1630 987 1712 ideoque
1011 1629 1086 1692 licet
1109 1631 1177 1712 ipse
1202 1631 1327 1692 Marcus
1350 1630 1528 1692 secundum
1551 1630 1659 1712 legem

394 1751 425 1799 et
449 1737 606 1819 justiciam
631 1752 772 1800 nostram
796 1737 1029 1820 privilegiatam
1053 1737 1139 1818 juxta
1171 1757 1228 1798 sua
1252 1737 1406 1799 demerita
1430 1756 1489 1819 pro
1517 1735 1656 1815 falsaris,

397 1843 475 1906 dolo
499 1857 530 1906 et
554 1842 665 1906 fraude
689 1863 745 1906 sua
769 1843 955 1906 huiusmodi
979 1845 1107 1927 capitali
1139 1844 1301 1907 sentencia
1327 1857 1394 1906 erat
1416 1843 1601 1926 puniendus
1625 1859 1657 1906 et

394 1950 531 2012 eandem
555 1951 614 2013 rite
633 1969 850 2033 perpessurus,
874 1970 910 2012 ac
928 1965 1034 2014 tamen
1059 1970 1095 2012 ex
1114 1951 1242 2012 instanti
1259 1951 1401 2033 plurium
1418 1951 1562 2012 virorum
1579 1951 1659 2033 ydo-

395 2076 530 2119 neotum
555 2071 586 2118 et
610 2057 913 2140 circumspectorum
947 2057 1089 2119 virorum
1119 2075 1155 2118 ac
1183 2058 1284 2119 eciam
1316 2057 1498 2120 villicorum
1524 2057 1564 2118 de
1588 2076 1660 2138 prc-

394 2161 477 2224 dicta
503 2163 650 2246 Bosyako
675 2176 706 2225 et
730 2163 886 2226 comitum
911 2163 950 2225 de
975 2163 1087 2225 eadem
1120 2183 1178 2245 pro
1203 2163 1320 2225 eodem
1352 2164 1446 2225 nobis
1469 2161 1552 2225 facta
1576 2163 1657 2246 peti·

396 2269 501 2348 cionc,
527 2269 708 2350 intuituque
733 2269 951 2332 misericordie
973 2269 1024 2330 dei
1042 2289 1077 2331 ac
1102 2269 1235 2351 predicti
1260 2269 1377 2352 prioris
1400 2269 1525 2330 domini
1549 2270 1599 2332 sui
1617 2271 1659 2331 ob

397 2389 587 2458 respectum,
612 2389 647 2437 ut
671 2377 737 2458 ipse
764 2377 891 2438 Marcus
918 2375 1103 2438 huiusmodi
1125 2395 1181 2438 sua
1214 2373 1417 2438 fraudulenta
1449 2389 1480 2436 et
1504 2375 1658 2458 nepharia

396 2481 477 2544 lacta
502 2502 561 2565 pro
585 2483 687 2566 prima
718 2482 920 2546 correccione
952 2481 1125 2564 deplangat
1149 2495 1180 2544 et
1210 2481 1327 2543 similia
1348 2481 1408 2544 hiis
1432 2481 1566 2543 ulterius
1590 2501 1654 2543 non

396 2590 587 2668 committat,
604 2589 709 2651 eidem
728 2590 837 2652 Marco
855 2588 1106 2650 misericordiam
1124 2601 1154 2650 et
1169 2589 1309 2670 graciam
1326 2587 1461 2651 lechnus
1473 2588 1657 2670 specialem,

396 2695 534 2757 eundem
561 2697 707 2758 Marcum
732 2696 825 2757 dictis
856 2695 1119 2756 intercessoribus
1148 2695 1224 2774 suis,
1252 2715 1311 2778 pro
1343 2709 1471 2757 mortuo
1496 2714 1553 2755 seu
1578 2707 1657 2756 tam·

395 2821 492 2883 quam
518 2815 682 2864 mortuum
708 2802 857 2864 duximus
874 2801 1105 2863 restituendum
1129 2802 1186 2863 tali
1204 2801 1314 2880 modo,
1339 2814 1374 2863 ut
1393 2801 1418 2862 si
1444 2801 1511 2882 ipse
1532 2801 1658 2862 Marcus

395 2910 426 2970 in
451 2909 549 2970 simili
576 2909 731 2992 nephario
756 2928 852 2991 opere
878 2907 1016 2990 amplius
1044 2907 1242 2990 deprehendi
1265 2907 1393 2990 poterit,
1418 2907 1504 2990 juxta
1529 2927 1587 2969 sua
1604 2907 1656 2968 de·

395 3015 505 3076 merita
531 3035 647 3098 penam
673 3015 822 3098 supplicii
846 3035 942 3097 quarn
968 3014 1163 3077 demeruerit
1185 3027 1410 3096 consequetur.

501 3121 580 3183 ltem
604 3120 696 3203 jurati
722 3121 996 3202 adjudicaverunt,
1026 3135 1060 3182 ut
1089 3141 1169 3182 uxor
1194 3121 1290 3182 Blasii
1320 3120 1503 3202 jobagionis
1528 3120 1655 3182 Thome

395 3227 487 3309 jurati
523 3226 579 3289 filii
615 3227 733 3306 Choni‚
764 3227 903 3288 secunda
934 3247 966 3289 se
998 3245 1096 3309 penes
1127 3226 1316 3288 effusionem
1348 3227 1513 3308 sanguinis
1548 3239 1656 3289 contra

394 3353 529 3396 uxorem
559 3334 649 3396 Pauli
674 3333 803 3416 Teltlyn
837 3333 1071 3413 Margaretham
1104 3334 1246 3412 nomine,
1278 3345 1392 3395 octavo
1425 3333 1477 3394 die
1500 3353 1600 3416 super
1623 3353 1659 3394 eo

394 3439 497 3520 jurare
523 3440 618 3502 debet
642 3459 738 3522 super
761 3459 859 3518 aram,
885 3454 919 3500 ut
943 3440 1009 3521 ipsa
1034 3439 1233 3520 Margarctha
1258 3439 1375 3501 dictam
1405 3459 1539 3500 uxorem
1564 3439 1659 3501 Blasii

396 3547 429 3606 in
456 3545 646 3608 molendino
671 3546 867 3607 verberasset
896 3565 997 3626 usque
1025 3544 1065 3605 ad
1095 3545 1256 3606 cicatrices
1280 3560 1311 3607 et
1341 3545 1506 3626 sanguinis
1531 3544 1658 3607 effusio-

396 3671 469 3712 nem
497 3665 527 3712 et
551 3652 639 3733 quod
665 3652 798 3713 mileum
823 3671 916 3712 suum
941 3670 1013 3713 cum
1038 3671 1130 3712 sacco
1154 3653 1193 3714 ab
1215 3651 1327 3714 eadem
1352 3670 1450 3713 uxore
1475 3651 1573 3714 Blasii
1593 3653 1657 3714 vio-

395 3758 497 3820 lenter
521 3772 552 3820 et
576 3759 724 3840 potencia
748 3757 910 3820 mediante
934 3755 1138 3840 (recepisset).

505 3864 581 3925 ltem
606 3865 699 3944 jurati
725 3863 1000 3945 adjudicaverunt,
1032 3877 1066 3924 ut
1098 3864 1254 3926 Martinus
1285 3863 1389 3926 dictus
1413 3863 1524 3926 Ztizlta
1556 3877 1653 3943 sutor,

394 3971 537 4033 secundo
562 3992 595 4033 se
620 3990 718 4053 penes
743 3970 931 4034 effusionem
948 3969 1113 4050 sanguinis
1136 3983 1245 4032 contra
1260 3969 1437 4052 Georgium
1461 3970 1654 4048 sellatorem,

395 4076 584 4138 servitorem
611 4076 701 4138 Pauli
720 4076 812 4158 jurati
829 4076 995 4154 sellatoris,
1021 4089 1134 4138 octavo
1158 4076 1210 4138 die
1227 4097 1322 4160 super
1339 4096 1426 4138 aram
1444 4077 1549 4159 jurare
1566 4076 1658 4138 debet

395 4201 489 4264 super
515 4201 565 4260 eo,
590 4195 624 4244 ut
648 4183 715 4265 ipse
746 4181 906 4264 Georgius
938 4182 1043 4263 ipsum
1075 4181 1249 4244 Martinam
1281 4195 1422 4244 sutorem
1455 4183 1657 4264 percussisset

395 4307 496 4370 usque
520 4289 684 4370 sanguinis
708 4288 907 4351 effusionem.

439 4489 536 4564 Faria
564 4503 662 4563 serta
690 4493 844 4580 proxima
873 4499 950 4580 post
982 4491 1104 4563 testum
1141 4493 1231 4564 beuti
1260 4489 1439 4581 Augusttnt
1468 4493 1612 4581 episcopi

884 4625 988 4714 atque
1013 4615 1171 4688 doctoris.

909 4785 977 4866 (29.
1001 4785 1144 4870 augusti).

505 4929 579 4989 Item
607 4927 682 5008 quia
707 4929 806 5009 probe
831 4941 862 4989 et
885 4928 1018 4992 honeste
1044 4931 1194 4992 mulieres
1218 4929 1355 4992 Maricza
1374 4929 1483 4990 relicta
1507 4942 1539 4990 et
1555 4927 1652 4989 Elena

396 5035 487 5100 aliter
512 5035 601 5098 Jellta
626 5047 748 5112 vocata,
774 5031 838 5093 filia
866 5035 1002 5096 condam
1035 5035 1159 5118 providi
1192 5036 1250 5096 viri
1275 5035 1439 5118 Stephani,
1464 5034 1553 5117 olym
1577 5051 1647 5094 con·
