3876 5798
415 601 481 662 410
796 586 997 664 Am1445.
1022 619 1062 630 -·
1087 582 1119 647 8.
1134 589 1289 663 januant'.

417 795 520 856 Kusse
544 796 689 858 mulieris
713 816 786 859 cum
811 798 962 860 omnibus
985 817 1094 860 earum
1113 797 1304 862 utilitatibus
1328 813 1359 863 et
1383 801 1588 884 pertinenciis
1604 805 1676 864 uni·

417 901 514 962 versis
539 903 644 964 eidem
669 903 842 966 Valentino
866 904 971 986 jurato
995 903 1164 968 statuimus
1187 924 1225 968 ex
1241 907 1403 989 premissis
1427 909 1630 971 vendendam
1647 923 1678 972 et

417 1007 515 1070 modo
539 1010 694 1092 premisso
719 1010 964 1094 disponendam.

524 1116 602 1178 ltem
627 1117 779 1179 dominus
803 1116 963 1198 Georgius
985 1119 1141 1200 presbiter
1164 1120 1267 1184 dictus
1292 1120 1447 1203 Piuarych
1472 1133 1581 1182 contra
1596 1121 1679 1183 Lau·

417 1224 560 1285 rencium
585 1224 707 1286 dictum
732 1223 883 1286 Zwecbar
906 1223 1008 1286 filium
1033 1224 1194 1288 Valentini
1220 1227 1259 1289 de
1282 1227 1341 1288 sub
1366 1226 1514 1309 Kawnyk
1537 1226 1680 1288 secundo

419 1330 548 1412 publice
574 1331 789 1412 proclamatus
812 1331 845 1392 in
870 1329 940 1393 soro
976 1350 1084 1394 coram
1109 1333 1202 1394 nobis
1225 1333 1265 1394 ad
1295 1333 1548 1414 comparendum
1572 1351 1679 1396 coram

421 1436 515 1499 nobis
540 1449 571 1500 et
595 1437 635 1499 ad
659 1436 858 1499 reddendam
881 1437 1043 1500 racionem
1068 1437 1107 1499 de
1132 1439 1360 1502 vulneracione
1385 1439 1484 1522 ipsius
1509 1439 1677 1502 Laurencii

417 1562 473 1624 per
497 1544 601 1626 ipsum
626 1542 795 1605 dominum
829 1541 1007 1624 Georgium
1040 1545 1252 1626 presbiterum
1276 1565 1371 1627 super
1403 1545 1473 1628 ipso
1499 1546 1679 1608 Laurencio

416 1647 497 1712 facta
522 1662 552 1712 et
576 1661 771 1732 perpetrata,
795 1662 936 1712 nostram
958 1650 990 1712 in
1022 1651 1219 1733 presenciam
1244 1671 1309 1714 non
1341 1653 1428 1714 venit
1451 1651 1549 1714 hodie
1573 1673 1678 1735 neque

417 1756 559 1837 aliquem
584 1775 641 1838 pro
665 1775 698 1816 se
722 1756 818 1819 misit.

521 1845 600 1908 Item
625 1845 736 1906 Petrus
762 1843 865 1906 dictus
890 1845 973 1905 Kuss
1004 1843 1088 1907 filius
1119 1846 1203 1908 Petri
1228 1845 1426 1908 Dauidowcz
1460 1847 1534 1910 dicti
1569 1862 1678 1910 contra

416 1951 571 2034 Ztoykam
596 1970 686 2013 suam
710 1970 853 2013 sororem
876 1950 1018 2013 secundo
1046 1953 1159 2015 citatus
1183 1973 1248 2016 non
1273 1955 1462 2037 comparuit.

524 2057 600 2120 ltem
626 2059 702 2140 quis
727 2058 887 2120 Fabianus
911 2058 1051 2138 agricola
1075 2058 1160 2121 filius
1188 2058 1317 2123 Thonis
1353 2059 1385 2121 id
1409 2080 1482 2123 cum
1508 2060 1677 2124 sufficienti

414 2163 602 2225 testimonio
627 2177 658 2225 et
684 2162 848 2245 fidedigno
880 2177 1062 2226 nostrorum
1092 2164 1268 2245 juratorum
1302 2165 1494 2246 concivium,
1528 2168 1677 2230 videlicet

416 2269 580 2331 Valentini
603 2269 696 2351 jurati
729 2284 760 2332 et
792 2270 922 2354 Mathye
952 2271 1062 2352 generi
1095 2271 1252 2334 Rakarich
1281 2271 1313 2333 id
1344 2271 1538 2336 sufficienter
1569 2293 1676 2336 coram

415 2376 518 2456 nobis,
542 2391 618 2458 puta
642 2376 749 2458 judice
774 2391 805 2440 et
819 2377 929 2458 juratis
953 2379 985 2439 in
1009 2377 1085 2440 sede
1102 2391 1208 2440 nostra
1232 2377 1398 2460 judiciaria
1415 2378 1500 2441 clare
1524 2399 1671 2462 compto-

415 2484 511 2560 bavit,
537 2497 572 2545 ut
594 2483 696 2546 Elena
721 2483 785 2547 filia
809 2484 946 2547 condam
979 2486 1065 2547 Luce
1097 2483 1178 2546 fabri
1202 2497 1233 2547 et
1262 2484 1386 2567 Agatha
1419 2484 1538 2548 famula
1563 2507 1599 2549 ac
1623 2489 1677 2549 Jo-

416 2590 539 2654 hannes
562 2605 664 2654 sartor
686 2611 784 2673 gener
809 2592 908 2674 ipsius
933 2591 1033 2654 Elene
1058 2591 1212 2671 mulieris,
1233 2591 1408 2674 quamdam
1437 2592 1550 2656 silvam
1576 2594 1675 2677 ipsius

415 2698 553 2760 condam
578 2699 665 2761 Luce
689 2698 770 2761 labri
796 2698 827 2760 in
847 2699 1007 2761 territorio
1031 2699 1167 2761 civitatis
1183 2699 1324 2781 predicte
1342 2697 1495 2777 habitam,
1520 2719 1591 2762 cum
1609 2701 1674 2762 suis

416 2805 622 2887 pertinenciis
639 2805 783 2887 predicto
801 2805 944 2867 Fabiano
961 2805 1099 2887 agricole
1112 2824 1171 2886 pro
1182 2803 1310 2866 duobus
1324 2803 1393 2868 flor.
1410 2805 1479 2866 auri
1496 2819 1527 2868 et
1544 2825 1602 2888 pro
1615 2807 1673 2868 XX

417 2912 556 2974 denariis
580 2913 829 2996 wyennensibus
855 2911 1071 2974 vendiderunt
1093 2924 1249 2994 perpetuo
1274 2910 1512 2994 possidendam,
1538 2912 1677 2994 ideoque

416 3039 474 3080 nos
498 3020 634 3082 eandem
659 3020 771 3081 silvam
802 3038 874 3080 cum
906 3018 971 3080 suis
1002 3017 1193 3080 utilitatibus
1222 3030 1252 3080 et
1284 3017 1489 3100 pertinenciis
1521 3018 1678 3080 universis

416 3125 521 3188 eidem
547 3126 691 3188 Fabiano
716 3125 855 3208 agricole
880 3145 917 3186 ex
942 3143 1100 3187 consensu
1122 3123 1301 3186 vicinorum
1325 3124 1424 3206 ipsius
1447 3124 1537 3204 silve,
1562 3144 1598 3186 ac
1621 3145 1678 3207 per

414 3253 489 3295 eum
513 3233 579 3295 suis
603 3231 773 3295 heredibus
797 3231 965 3294 statuimus
992 3244 1147 3313 perpetuo
1179 3229 1406 3314 possidendam
1438 3243 1469 3292 et
1493 3229 1675 3312 quomodo·

415 3358 555 3421 cumque
580 3339 718 3401 voluerit
743 3337 977 3420 disponendam
1003 3335 1087 3418 juxta
1105 3336 1331 3398 condicionem
1348 3336 1484 3398 civitatis
1498 3347 1676 3416 prenotate.

525 3445 602 3506 Item
634 3444 788 3527 providus
812 3444 860 3505 vir
891 3441 1054 3506 lohannes
1084 3442 1188 3504 dictus
1219 3443 1321 3504 Janko
1346 3441 1429 3503 filius
1461 3442 1599 3505 condam
1624 3443 1678 3504 Jo-

414 3551 528 3614 hannis
552 3551 668 3633 judicis
693 3549 768 3612 dicti
794 3550 894 3632 Bolye
919 3549 950 3610 in
975 3569 1031 3610 sua
1056 3564 1087 3611 et
1104 3549 1188 3611 Petri
1205 3568 1241 3610 ac
1266 3548 1352 3610 Luce
1376 3547 1518 3610 filiorum
1543 3563 1574 3610 et
1591 3549 1677 3610 Mar·

414 3659 544 3740 garethe
568 3658 643 3737 filie,
667 3677 800 3719 suorum
836 3656 980 3739 personis
1004 3657 1043 3717 ab
1073 3675 1134 3717 una
1167 3669 1266 3738 parte,
1290 3656 1329 3716 ab
1362 3654 1460 3718 altera
1484 3674 1561 3717 vero
1585 3667 1675 3737 parte

415 3765 550 3849 provida
574 3765 691 3828 mulier
718 3768 826 3846 Agnes
857 3775 980 3843 vocata,
1013 3763 1121 3825 relicta
1152 3762 1289 3824 condam
1322 3762 1432 3824 Jacobi
1456 3761 1548 3824 aliter
1573 3761 1678 3823 larini

413 3872 528 3954 judicis
550 3870 608 3934 filii
633 3870 746 3954 prefati
770 3869 924 3932 lobannis
948 3869 1063 3950 judicis
1088 3869 1163 3930 dicti
1197 3868 1309 3952 Bolye,
1333 3866 1480 3930 similiter
1504 3869 1535 3929 in
1560 3887 1618 3930 sua
1643 3882 1675 3930 et

413 3979 567 4041 Demetrii
592 3997 628 4040 ac
652 3977 791 4040 Emerici
816 3975 956 4038 filiorum
980 3975 1113 4058 predicti
1132 3975 1240 4038 Jacobi
1265 3974 1379 4057 judicis
1403 3975 1548 4057 personis
1565 3993 1672 4037 coram

414 4086 508 4147 nobis
533 4098 765 4167 comparentes,
791 4083 822 4144 id
848 4083 991 4144 unanimi
1017 4095 1047 4144 et
1070 4081 1222 4144 concordi
1247 4102 1282 4143 ac
1312 4081 1459 4143 benivola
1484 4099 1596 4142 eorum
1620 4099 1677 4141 vo-

414 4193 537 4253 luntate
561 4210 668 4253 coram
695 4189 798 4269 nobis,
823 4203 899 4271 puta
923 4188 1028 4270 judice
1046 4201 1077 4250 et
1101 4187 1212 4270 juratis
1229 4207 1263 4250 ac
1281 4187 1436 4250 universis
1460 4187 1583 4249 civibus
1599 4186 1677 4248 civi·

412 4299 486 4360 tatis
519 4298 660 4380 predicte
690 4311 764 4358 sunt
796 4294 943 4374 confessi,
974 4308 1009 4356 ut
1041 4295 1100 4377 ipsi
1131 4295 1295 4356 universas
1326 4307 1357 4356 et
1387 4294 1530 4375 singulas
1562 4312 1675 4355 eorum

414 4405 631 4486 possessiones
656 4419 687 4465 et
711 4403 879 4486 porciones
903 4401 1168 4484 possessionarias
1198 4401 1314 4482 quovis
1344 4399 1484 4461 nominis
1516 4399 1675 4461 vocabulo

412 4511 577 4589 vocitatas,
602 4529 865 4590 unamquamque
898 4507 1083 4570 earumdem
1120 4508 1264 4588 parcium
1288 4505 1421 4588 juridice
1446 4519 1477 4568 et
1500 4505 1675 4567 literatorie

412 4637 468 4678 seu
494 4615 742 4698 quomodolibet
766 4615 858 4677 aliter
882 4635 898 4675 a
923 4614 1108 4696 parentibus
1126 4626 1156 4675 et
1172 4613 1450 4695 predecessoribus
1474 4630 1586 4672 eorum
1605 4611 1677 4693 qui·

412 4725 610 4805 bustumque
626 4722 694 4804 jure
711 4721 869 4803 legittimo
886 4741 941 4783 seu
961 4719 1152 4782 hereditario
1177 4733 1231 4781 aut
1249 4719 1431 4801 alioquovis
1448 4718 1515 4799 jure
1534 4731 1565 4780 et
1581 4716 1677 4780 titulo

413 4845 653 4907 concernentes,
679 4848 751 4890 cum
769 4848 878 4890 earum
897 4828 1018 4889 cunctis
1035 4826 1226 4888 utilitatibus
1244 4839 1274 4888 et
1290 4825 1494 4908 pertinenciis
1520 4825 1679 4886 universis

412 4937 444 4998 in
471 4936 550 4998 duas
574 4948 675 4998 rectas
699 4948 730 4996 et
754 4934 884 5016 equales
907 4947 1012 5017 partes
1037 4933 1117 4994 inter
1140 4953 1173 4994 se
1198 4933 1341 4994 dividere
1359 4931 1509 4994 benivole
1533 4949 1677 5012 assump-

411 5057 520 5104 serunt
537 5041 604 5124 jure
634 5041 821 5124 perhennali
850 5039 1060 5124 possidendas
1090 5053 1120 5105 et
1148 5038 1456 5122 quomodocumque
1483 5053 1679 5118 unaqueque
