3876 5798
727 569 814 627 Anno
837 581 927 646 1443.
956 602 995 612 —
1020 582 1070 646 14.
1093 567 1179 628 maii.
1514 566 1576 650 387

421 780 498 842 Item
516 780 590 861 quia
616 780 727 842 Petrus
744 781 876 842 maritus
897 780 1073 861 legittimus
1090 779 1289 861 Margaretbe
1313 781 1420 842 relicte
1439 781 1576 842 condam

316 887 485 949 Laurencii
512 887 639 948 sartoris
664 887 740 949 dicti
765 887 930 949 Cburman
953 901 988 949 ut
1012 887 1043 948 in
1062 907 1188 948 causam
1213 901 1371 966 attractus,
1396 887 1435 949 ad
1459 887 1576 950 trinam

315 992 473 1055 forensem
498 993 659 1075 publicam
686 993 875 1055 citaciouem
901 1007 932 1056 et
956 993 1246 1076 proclamacionem
1271 995 1444 1076 superinde
1462 993 1502 1056 ad
1526 993 1573 1075 ju-

316 1101 520 1162 riconsonam
561 1100 756 1182 peticionem
788 1100 913 1162 Nicolai
948 1101 1063 1162 literati
1108 1100 1200 1182 jurati
1241 1101 1334 1162 nobis
1374 1100 1578 1183 juricongrue

318 1204 432 1268 factam
450 1220 559 1269 contra
584 1205 722 1268 eundern
740 1207 911 1268 Nicolaum
933 1207 1093 1268 literatum
1111 1220 1142 1268 et
1162 1220 1344 1268 consortem
1368 1225 1458 1268 suam
1483 1206 1575 1288 legit-

318 1314 429 1376 timam
455 1313 486 1374 in
513 1311 596 1374 lacto
622 1326 652 1375 et
672 1333 765 1374 causa
790 1313 1005 1395 percussionis
1030 1312 1173 1374 eiusdem
1199 1313 1305 1374 uxoris
1329 1313 1428 1395 ipsius
1452 1312 1576 1374 Nicolai

315 1433 456 1480 nostram
481 1419 513 1481 in
538 1419 737 1501 presenciam
761 1439 819 1481 nec
843 1419 952 1481 venire
983 1439 1041 1480 nec
1066 1419 1191 1480 mittere
1223 1419 1345 1480 curavit
1369 1418 1408 1480 ad
1433 1417 1574 1480 dandam

315 1525 477 1586 racionem
496 1539 526 1586 et
542 1525 582 1586 ad
596 1524 856 1588 satisfaciendum
874 1525 932 1608 ipsi
957 1525 1092 1587 Nicolao
1109 1525 1235 1586 literato
1266 1537 1297 1585 et
1314 1525 1404 1586 uxori
1421 1524 1577 1604 eiusdem,

315 1632 390 1693 ideo
415 1631 481 1714 ipse
506 1632 617 1694 Petrus
641 1632 794 1694 remansit
827 1633 859 1693 in
883 1632 973 1694 totali
1005 1651 1099 1694 causa
1124 1632 1222 1712 ipsius
1255 1631 1468 1713 percussionis
1493 1630 1575 1692 dicte

316 1739 424 1800 uxoris
448 1737 547 1819 ipsius
579 1738 706 1800 Nicolai
738 1739 854 1801 literati
884 1753 914 1799 et
946 1739 977 1799 in
1003 1737 1087 1800 lacto
1119 1737 1301 1820 calumpnia
1333 1739 1365 1799 in
1391 1739 1458 1820 ipsa
1484 1758 1577 1799 causa

315 1865 413 1926 quam
438 1847 692 1927 prosequebatur
716 1859 823 1907 contra
857 1865 923 1924 eos,
956 1845 1108 1906 remansit
1131 1857 1241 1906 contra
1274 1845 1360 1926 ipsos
1384 1843 1578 1926 judicialiter

316 1951 481 2012 convictus
506 1965 537 2012 et
560 1964 759 2032 aggravatus.

422 2093 500 2154 ltem
534 2093 608 2175 quia
634 2094 726 2156 litere
749 2093 964 2176 privilegiales
993 2092 1131 2154 condam
1156 2093 1311 2154 lobannis
1344 2093 1496 2156 institoris
1520 2091 1577 2154 lilii

319 2199 448 2262 Thome
473 2214 503 2261 et
527 2201 610 2262 Petri
636 2199 741 2281 jurati,
765 2197 869 2261 fratris
885 2199 933 2260 sui
959 2199 1104 2277 carnalis,
1128 2218 1187 2281 pro
1210 2211 1298 2281 parte
1323 2199 1467 2281 ipsorum
1483 2218 1578 2280 super

317 2307 456 2389 quadam
473 2308 566 2368 vinea
584 2307 728 2388 ipsorum
746 2307 927 2368 Jelenowcz
943 2319 1066 2384 vocata,
1084 2325 1181 2386 quam
1201 2305 1260 2387 ipsi
1278 2325 1295 2366 a
1313 2305 1442 2388 Mathya
1460 2304 1578 2366 Farkas

318 2427 585 2496 comparaverunt
609 2427 640 2474 et
663 2433 758 2496 super
782 2413 923 2494 quodam
956 2411 1045 2472 fenili
1070 2411 1212 2493 ipsorum
1246 2411 1277 2472 in
1306 2430 1419 2494 campo
1444 2411 1578 2472 civitatis

314 2520 467 2602 predicte,
491 2519 579 2601 quod
605 2519 705 2580 eciam
730 2539 747 2580 a
772 2517 902 2600 Mathya
928 2518 1045 2578 Farlras
1076 2529 1353 2598 comparaverunt,
1377 2514 1521 2578 confecte
1546 2530 1577 2578 et

316 2639 474 2705 emanare,
498 2645 561 2707 que
585 2625 676 2687 litere
701 2644 757 2707 per
781 2625 885 2706 ipsum
911 2623 1048 2685 condam
1066 2623 1245 2684 lohannem
1270 2622 1447 2684 institorem
1474 2621 1576 2683 hono-

314 2732 406 2793 rabili
432 2731 500 2793 viro
526 2731 660 2793 domino
679 2731 771 2792 Petro
799 2729 1027 2791 Theuthonico
1045 2728 1271 2790 archidiacono
1296 2729 1335 2789 de
1361 2727 1501 2791 Kemluk
1518 2747 1576 2810 pro

319 2837 454 2920 pecunia
479 2851 563 2899 certa
590 2837 792 2920 inpignorate
823 2833 959 2914 fuerant,
991 2855 1047 2917 per
1079 2834 1310 2916 negligenciam
1337 2848 1368 2896 et
1400 2833 1577 2896 indebitam

319 2944 600 3006 conservacionem
625 2943 724 3026 ipsius
754 2941 878 3004 domini
904 2941 987 3003 Petri
1020 2941 1186 3002 casualiter
1218 2941 1332 3003 amisse
1357 2955 1388 3002 et
1411 2941 1577 3024 deperdite

314 3048 453 3128 luerunt,
478 3049 517 3111 ad
543 3050 660 3111 trinam
678 3047 838 3112 forensem
863 3062 894 3111 et
910 3047 1072 3131 publicam
1096 3047 1387 3129 proclamacionem
1405 3046 1576 3130 superinde

314 3153 429 3217 iactam
454 3155 570 3218 nullibi
588 3155 742 3238 repperiri
768 3169 798 3217 et
819 3154 955 3216 inveniri
973 3167 1156 3236 potuerunt,
1174 3153 1313 3235 ideoque
1338 3173 1397 3214 nos
1420 3152 1576 3236 prefatam

314 3263 441 3324 vineam
467 3275 497 3324 et
520 3262 625 3344 ipsum
652 3259 750 3323 fenile
774 3281 846 3323 cum
865 3262 1006 3343 ipsorum
1032 3259 1221 3321 utilitatibus
1238 3273 1268 3322 et
1284 3261 1488 3342 pertinenciis
1506 3261 1576 3322 uni·

313 3368 411 3429 versis
436 3367 536 3430 Elene
561 3367 670 3430 relicte
696 3368 796 3450 ipsius
821 3367 975 3429 Johannis
1000 3365 1152 3428 institoris
1169 3367 1284 3448 partim
1309 3380 1340 3428 et
1364 3367 1478 3448 partim
1504 3387 1574 3449 pre·

314 3471 380 3535 fato
405 3473 498 3536 Petro
523 3472 610 3536 fratri
638 3473 782 3536 eiusdem
809 3473 973 3550 lobannis,
1006 3493 1061 3554 per
1094 3492 1213 3555 eosque
1238 3473 1380 3554 ipsorum
1404 3473 1575 3534 heredibus

314 3580 515 3662 presentibus
538 3581 638 3642 literis
663 3581 779 3643 nostris
803 3581 1058 3664 privilegialibus
1083 3579 1274 3642 ratificamus
1297 3595 1327 3642 et
1351 3580 1577 3643 confirmamus

317 3685 384 3768 jure
421 3700 578 3769 perpetuo
614 3700 645 3749 et
691 3687 941 3748 irrevocabiliter
978 3686 1171 3768 possidenda
1204 3699 1235 3749 et
1270 3686 1577 3769 quomodocumque

315 3793 476 3855 voluerint
500 3793 699 3876 disponenda
724 3793 810 3875 juxta
832 3792 1055 3856 condicionem
1080 3793 1216 3855 civitatis
1239 3807 1415 3876 prenotate.

421 3935 499 3996 Item
524 3935 598 4015 quia
624 3935 775 3997 dominus
796 3935 949 3996 Nicolaus
965 3936 1120 4017 presbiter
1137 3935 1293 4016 plebanus
1317 3936 1450 3998 ecclesie
1468 3949 1574 3998 nostre

316 4039 508 4121 parochialis
531 4041 615 4102 beati
641 4041 738 4102 Marci
764 4041 968 4124 ewangeliste
1005 4042 1036 4102 id
1061 4061 1133 4102 curn
1163 4039 1332 4102 sufficienti
1358 4055 1388 4102 et
1411 4040 1574 4122 fidedigno

316 4160 500 4208 nostrorum
526 4147 708 4208 concivium
725 4149 910 4210 testimonio
935 4149 966 4209 in
984 4149 1059 4208 sede
1076 4161 1181 4208 nostra
1200 4147 1365 4228 judiciaria
1390 4149 1473 4208 clare
1490 4167 1576 4209 com·

315 4253 462 4333 probavit
487 4272 592 4314 coram
619 4253 723 4332 nobis,
747 4267 781 4315 ut
806 4254 883 4315 dum
908 4254 1017 4314 relicta
1035 4254 1172 4314 condam
1195 4252 1327 4334 Georgii
1351 4253 1482 4314 cultoris
1499 4253 1575 4315 dicti

317 4358 415 4440 Zywa
439 4358 471 4419 in
490 4359 638 4420 extremis
661 4359 725 4421 vite
742 4380 797 4421 sue
814 4361 999 4442 temporalis
1016 4360 1200 4438 laborasset,
1218 4373 1292 4421 tunc
1310 4359 1377 4441 ipsa
1402 4360 1574 4441 quamdam

317 4464 449 4526 domum
483 4485 572 4526 suam
606 4485 678 4526 cum
712 4463 812 4527 fundo
846 4481 876 4529 et
906 4465 1063 4528 hedificiis
1094 4467 1232 4528 indicta
1266 4466 1392 4527 civitate
1423 4465 1576 4546 habitam,

314 4571 415 4653 ipsam
441 4571 574 4653 juridice
591 4585 848 4652 concernentem,
873 4571 1016 4654 predicto
1033 4573 1166 4634 domino
1192 4572 1327 4634 Nicolao
1345 4572 1483 4654 plebano
1500 4593 1575 4634 ven·

317 4679 393 4738 dere
418 4691 448 4740 et
472 4697 530 4759 pro
554 4677 699 4760 pecuniis
729 4697 788 4760 pro
820 4679 937 4760 quibus
968 4677 1160 4740 venderetur
1191 4680 1358 4741 oraciones
1382 4691 1413 4739 et
1436 4697 1575 4740 comme·

315 4784 516 4844 moraciones
540 4784 693 4846 salutares
717 4804 775 4866 pro
801 4785 907 4846 anima
932 4805 987 4846 sua
1012 4799 1043 4845 et
1059 4784 1319 4866 predecessorum
1344 4804 1474 4846 suorum
1501 4805 1575 4846 con·

315 4889 488 4950 scienciose
520 4888 622 4952 facere
662 4891 777 4952 debeat
807 4905 903 4972 prout
934 4893 993 4952 sibi
1027 4892 1141 4953 melius
1174 4892 1315 4972 videtur,
1348 4893 1486 4975 ideoque
1519 4913 1576 4954 nos

314 4995 488 5077 predictam
514 4995 646 5058 domum
673 5011 703 5059 et
726 4996 861 5058 fundum
896 4998 994 5079 ipsius
1027 4999 1135 5060 relicte
1167 4997 1281 5080 prelati
1318 4997 1449 5081 Georgii
1476 4999 1573 5082 Zywa
