3740 5810
643 591 729 647 Anno
753 603 843 667 1419.
871 623 911 634 —
936 605 965 648 2.
982 589 1075 665 J'ranii.

387 807 484 882 Ferit
511 817 610 882 sexta
638 812 791 900 proxima
821 818 899 884 ante
926 811 1049 884 festum
1078 809 1324 881 Pentheeostes.

777 981 821 1058 (2.
837 981 942 1060 sensi).

333 1141 515 1225 Stephanus
538 1141 685 1204 Pundich
709 1154 819 1204 contra
853 1140 1020 1204 dominam
1048 1141 1220 1204 Arnicham
1245 1142 1350 1224 primo
1374 1139 1488 1204 citatus

224 1266 291 1310 nou
317 1248 507 1330 comparuit.

332 1353 411 1415 ltem
442 1352 596 1436 providus
627 1365 658 1416 et
681 1353 834 1416 honestus
863 1353 912 1414 vir
939 1351 1034 1416 Chon
1066 1351 1151 1415 filius
1182 1352 1336 1416 lobannis
1360 1354 1486 1436 pridem

224 1459 324 1540 judex
348 1479 422 1522 curn
445 1457 615 1521 sufficienti
632 1459 818 1521 testimonio
843 1471 1025 1521 nostrorum
1042 1459 1223 1521 concivium
1240 1459 1273 1520 id
1297 1459 1380 1522 clare
1397 1478 1485 1521 com-

225 1567 385 1649 probavit,
404 1567 492 1649 quod
509 1567 586 1629 dum
600 1566 763 1628 lohannes
778 1564 864 1628 filius
881 1564 1035 1649 Stephani
1052 1566 1128 1628 dicti
1146 1567 1234 1629 Bozo
1251 1566 1375 1649 pridem
1392 1567 1488 1649 judex

225 1675 369 1735 concivis
393 1685 500 1735 noster
524 1675 557 1735 in
582 1672 730 1734 extremis
752 1672 817 1734 vite
845 1671 1030 1750 laborasset,
1061 1685 1139 1734 tunc
1161 1685 1307 1755 presente
1332 1673 1489 1737 Michaele

226 1781 368 1863 presenti
386 1780 492 1862 judice
517 1793 548 1842 et
564 1779 634 1841 aliis
651 1778 897 1861 quampluribus
913 1778 952 1840 ad
968 1779 1000 1840 id
1017 1779 1137 1840 vocatia
1153 1791 1185 1841 et
1207 1779 1337 1860 rogatis,
1355 1780 1489 1841 domum

226 1905 319 1948 suam
344 1899 506 1948 muratum
531 1886 583 1947 hic
614 1885 767 1964 habitam,
796 1885 871 1946 item
903 1883 1022 1963 vineas,
1047 1903 1150 1966 agros,
1182 1883 1286 1962 silvas,
1310 1897 1420 1964 terras,
1445 1884 1490 1946 le·

226 1993 316 2072 nilia,
340 1991 475 2076 (b)ortos
506 2005 537 2054 et
567 1992 731 2054 universas
761 1990 980 2073 possessiones
1003 1990 1119 2072 quovis
1148 1991 1280 2052 nomine
1304 2005 1433 2052 vocatas
1457 2004 1488 2053 et

225 2099 375 2162 universa
400 2099 484 2161 bona
509 2098 644 2161 mobilia
669 2112 700 2160 et
723 2096 891 2159 inmobilia
916 2096 1022 2180 ipsum
1054 2096 1234 2159 Johannem
1258 2098 1488 2160 concernentia

225 2203 352 2289 prelato
370 2204 463 2268 Chon
489 2205 521 2268 in
538 2217 730 2288 perpetuum
747 2203 896 2266 donasset
912 2203 1105 2286 possidenda
1130 2217 1161 2265 et
1177 2202 1325 2266 habenda
1349 2223 1385 2264 ac
1402 2203 1488 2284 juxta

225 2313 452 2375 condicionem
468 2312 564 2374 huius
587 2311 723 2374 civitatis
739 2329 946 2392 quocumque
962 2309 1101 2372 voluerit
1119 2308 1331 2390 disponenda,
1356 2321 1487 2392 excepta
1580 2384 1586 2397 Ι

225 2439 290 2480 una
314 2419 419 2498 vinea,
445 2438 542 2501 quam
566 2419 675 2480 relicte
695 2437 751 2479 sue
769 2416 890 2478 dimisit
914 2429 945 2478 et
968 2415 1097 2497 legavit,
1121 2414 1165 2476 sic
1182 2415 1271 2497 quod
1288 2415 1374 2478 idem
1392 2415 1487 2479 Chon

225 2525 384 2607 legittima
410 2524 515 2586 debita
541 2523 723 2607 persolvere
746 2535 902 2584 teneatur.

332 2649 412 2710 ltem
444 2647 604 2730 Georgius
636 2647 721 2710 filius
752 2646 885 2708 Fabiani
918 2665 992 2707 cum
1016 2645 1186 2708 sufficienti
1217 2646 1404 2710 testimonio
1429 2666 1485 2709 no·

224 2769 365 2817 scrotum
396 2755 578 2817 concivium
603 2753 634 2816 id
668 2755 750 2816 clare
782 2752 1015 2835 comprobavit,
1044 2765 1078 2814 ut
1110 2753 1187 2816 dum
1222 2752 1359 2815 Michael
1390 2752 1486 2816 frater

225 2883 303 2925 suus
327 2865 359 2924 in
384 2863 533 2925 extremis
556 2862 621 2924 vite
645 2880 701 2922 sue
725 2860 910 2938 laborasset,
934 2873 1011 2920 tunc
1025 2860 1213 2942 porcionem
1237 2859 1354 2922 domus
1377 2879 1434 2922 sue
1458 2873 1489 2922 et

224 2969 432 3031 medietatem
456 2968 576 3030 cellarii
601 2987 637 3029 ac
661 2985 758 3028 unam
787 2965 914 3028 vineam
939 2985 1038 3048 penes
1068 2965 1195 3028 vineam
1221 2965 1335 3029 Briccii
1360 2965 1486 3049 pridem

222 3073 328 3155 jurati,
352 3075 457 3136 eidem
482 3073 625 3156 Georgio
650 3075 682 3135 in
706 3087 897 3156 perpetuum
933 3073 1106 3135 dimisisset
1129 3072 1367 3156 possidendam.

329 3199 408 3262 ltem
433 3199 626 3261 Benedictus
650 3196 854 3260 lwanlrouich
886 3210 917 3258 et
941 3197 1086 3259 Andreas
1109 3195 1250 3280 freuipar
1273 3197 1485 3260 commissarii

223 3323 254 3369 et
287 3306 386 3368 Lucia
419 3305 527 3368 relicta
559 3305 696 3368 condam
729 3303 820 3366 Pauli
844 3303 961 3366 sutoris
992 3323 1065 3365 cum
1096 3304 1283 3366 testimonio
1314 3302 1485 3366 sufficienti

223 3433 331 3477 coram
356 3413 451 3475 nobis
475 3413 506 3473 id
531 3412 615 3474 clare
640 3412 901 3493 comprobarunt,
921 3410 1010 3492 quod
1035 3409 1113 3472 dum
1130 3409 1216 3472 idem
1241 3410 1359 3472 Paulus
1383 3410 1415 3472 in
1433 3429 1484 3471 ex·

224 3520 335 3582 tremis
365 3521 429 3581 vite
453 3539 508 3581 sue
539 3519 726 3597 laborasset,
754 3531 831 3579 tunc
867 3517 1019 3578 directam
1052 3517 1259 3580 medietatem
1290 3516 1406 3579 domus
1429 3536 1486 3578 sue

222 3628 300 3710 ipsis
322 3625 550 3688 commissoriis
573 3622 756 3687 vendicioni
780 3623 907 3705 exponi,
925 3643 983 3706 pro
1016 3623 1117 3686 salute
1141 3623 1248 3685 anime
1280 3642 1336 3684 sue
1359 3621 1484 3686 tradere

222 3747 254 3797 et
277 3733 375 3795 aliam
408 3731 614 3793 medietatem
639 3730 784 3792 eiusdem
816 3730 931 3791 domus
962 3729 1104 3812 predicte
1136 3729 1244 3792 relicte
1276 3749 1331 3792 sue
1358 3729 1390 3790 in
1414 3748 1485 3811 per·

223 3853 356 3922 petuum
383 3837 564 3900 dimisisset.

329 3959 406 4023 ltem
425 3959 606 4044 Stephanus
629 3959 775 4022 Pundich
799 3957 1066 4022 relormacionem
1091 3960 1123 4021 in
1148 3957 1294 4022 fracturis
1318 3957 1484 4021 Michaelis

222 4068 339 4151 judicis
363 4068 394 4128 in
419 4086 513 4129 muro
536 4086 594 4148 per
626 4067 730 4148 ipsum
759 4064 860 4142 lactis,
892 4085 988 4148 quam
1014 4064 1117 4128 lacere
1150 4066 1262 4128 debuit
1285 4064 1371 4147 juxta
1397 4084 1483 4128 com-

222 4175 411 4237 missionem
434 4173 642 4255 antiquorum
666 4171 808 4244 iudicum
834 4185 864 4233 et
880 4171 1110 4234 modernorum
1134 4172 1311 4251 juratorum
1336 4171 1395 4254 ipsi
1414 4171 1482 4234 Ste-

222 4279 329 4361 phano
361 4277 488 4357 laetam,
520 4278 654 4339 omnino
687 4278 718 4338 in
744 4278 834 4339 nullo
868 4276 942 4338 lecit
974 4291 1069 4360 prout
1101 4277 1161 4338 sibi
1194 4277 1400 4338 commissum
1425 4291 1482 4356 est,

221 4400 318 4469 prout
341 4385 434 4468 jurati
458 4383 645 4463 retulerunt,
670 4402 751 4465 quos
775 4383 807 4446 in
831 4383 970 4445 termino
991 4382 1097 4444 eidem
1122 4382 1285 4466 Stephano
1311 4383 1516 4445 commisso·

221 4492 260 4554 ad
285 4491 463 4553 videndum
493 4489 690 4552 miseramus.
737 4550 739 4556 s

327 4615 406 4677 Item
438 4613 631 4677 Benedictus
660 4613 733 4677 Dile
757 4627 866 4676 contra
899 4613 1077 4676 Fabianum
1110 4613 1343 4698 carpentarium
1377 4615 1482 4696 primo

221 4722 336 4785 citatus
359 4739 425 4782 non
449 4721 638 4803 comparuit.

328 4847 408 4908 ltem
432 4846 524 4928 jurati
548 4866 675 4908 causam
708 4847 789 4908 inter
813 4845 942 4906 Petrum
967 4844 1088 4928 Saphar
1120 4859 1150 4907 et
1174 4845 1354 4907 Johannem
1381 4847 1480 4908 Prauz

222 4955 348 5038 pridem
373 4953 558 5035 judicesad
582 4966 731 5016 octavum
758 4953 844 5016 diem
879 4952 919 5013 ad
943 4971 1054 5035 pacem
1085 4964 1274 5034 receperunt
1302 4972 1358 5014 seu
1383 4952 1480 5014 durre-

219 5074 293 5122 runt
316 5057 565 5142 prorogandam.
