3740 5810
429 537 486 597 106
773 529 859 602 Anno
882 557 972 619 1422.
999 577 1038 586 -
1063 561 1148 603 mens.
1165 544 1332 618 januariis.

422 767 566 814 mentum
593 755 756 836 prestabit,
774 769 898 818 tantum
922 754 1099 836 dampnum
1117 768 1188 834 post
1212 767 1286 816 octo
1299 754 1368 816 dies
1387 774 1489 836 usque
1507 755 1689 836 quindenas

422 859 508 922 idem
533 861 658 924 Marcus
681 862 740 944 ipsi
766 861 938 924 Valentino
966 861 1127 922 tenebitur
1157 859 1338 922 satisfacere
1362 860 1528 938 effective;
1553 861 1592 922 de
1617 881 1686 943 quo

422 965 541 1046 judicio
565 967 651 1030 idem
677 969 803 1030 Marcus
825 987 890 1030 non
915 979 1084 1030 contentus
1107 968 1201 1028 traxit
1224 967 1264 1028 sd
1287 968 1439 1032 seniores.

527 1073 606 1136 ltem
630 1073 722 1154 jurati
759 1075 1000 1156 adjudicarunt,
1033 1074 1121 1156 quod
1146 1073 1294 1155 quamvis
1318 1073 1550 1156 (Sebastianus)
1584 1095 1685 1136 unum

421 1179 586 1262 pellicium
617 1195 689 1262 post
722 1195 857 1242 mortem
891 1181 1001 1242 matris
1032 1181 1123 1242 uxori
1148 1179 1276 1242 Thorne
1310 1179 1464 1242 Ochwirlx
1488 1181 1684 1263 promiserit,

421 1299 527 1347 tamen
558 1289 750 1368 promissum
783 1288 887 1370 potuit
926 1307 1094 1364 revocare;
1125 1301 1156 1352 et
1188 1287 1273 1350 idem
1307 1287 1452 1350 Thomas
1482 1289 1513 1350 in
1547 1307 1685 1370 persona

423 1393 531 1454 uxoris
554 1413 609 1454 sue
626 1413 691 1455 non
717 1407 886 1456 contentus
902 1394 942 1456 de
967 1393 1028 1456 hiis
1044 1394 1138 1456 traxit
1154 1393 1195 1455 ad
1218 1394 1370 1456 seniores.

528 1519 629 1580 Jurati
653 1531 757 1580 totum
791 1531 1017 1581 testamentum
1050 1517 1186 1580 condam
1219 1517 1349 1580 Thome
1381 1518 1421 1580 de
1446 1517 1587 1580 Racbich
1611 1538 1690 1580 con·

422 1624 589 1686 firmarunt
612 1640 768 1707 perpetuo
791 1625 966 1686 valiturum
999 1626 1084 1686 iuxta
1116 1623 1342 1686 condicionem
1375 1625 1529 1701 civitatis;
1554 1625 1688 1706 dequo

423 1731 542 1812 judicio
567 1731 727 1792 Fabianus
759 1730 854 1793 irater
885 1732 1029 1794 eiusdem
1062 1731 1191 1796 Thorne
1223 1751 1289 1792 non
1322 1745 1500 1793 contentus.
1526 1731 1618 1792 traxit
1645 1731 1687 1792 ad

421 1838 573 1902 seniores.

531 1944 608 2006 ltem
634 1945 726 2026 jurati
759 1944 994 2024 adjudicarunt,
1026 1944 1114 2025 quod
1139 1944 1214 2026 quia
1247 1942 1407 2024 Georgius
1439 1943 1570 2026 sellipar
1602 1943 1690 2005 testi-

424 2051 534 2111 monio
559 2051 792 2132 comprobavit,
815 2051 903 2132 quod
930 2051 1058 2112 Thome
1084 2049 1223 2112 Racbicb
1248 2069 1286 2110 ex
1304 2050 1456 2112 omnibus
1479 2049 1597 2112 debitis
1625 2051 1690 2131 sig-

424 2169 536 2218 nanter
561 2158 592 2218 in
609 2171 801 2219 testamento
820 2157 918 2240 ipsius
935 2157 1064 2219 Thome
1088 2158 1242 2240 expressis
1260 2156 1406 2239 inpendit
1418 2155 1687 2236 satisfaccionem,

425 2263 564 2346 exceptis
586 2265 733 2345 pecuniis
756 2283 835 2345 quas
851 2264 891 2324 ad
917 2264 1021 2346 ipsum
1039 2263 1201 2324 Thomam
1226 2263 1434 2344 exposuisset,
1457 2283 1553 2344 super
1570 2264 1689 2344 quibus

425 2383 538 2431 octavo
564 2369 615 2430 die
647 2371 808 2431 tenebitur
842 2369 944 2452 jurare
969 2389 1028 2452 pro
1059 2371 1160 2432 tribus
1191 2388 1263 2430 curn
1297 2368 1405 2431 medio
1431 2369 1570 2448 florenis,
1596 2370 1687 2452 quod

426 2474 556 2537 eosdem
581 2475 621 2536 ad
647 2476 751 2557 ipsum
781 2477 988 2559 exposuisset.

590 2752 965 2772 ............
969 2805 973 2812 ,
990 2750 1626 2770 ....................
1666 2704 1691 2788 i

809 2853 926 2926 (Mense
939 2849 1096 2932 januario,
1119 2871 1189 2914 ann.
1213 2848 1322 2934 1422).

535 3039 542 3054 .
561 3041 567 3056 .
586 3039 593 3054 .
611 2992 698 3056 idem
724 2993 916 3056 Benedictus
937 3005 968 3055 et
985 2992 1104 3053 Paulus
1128 3011 1199 3054 reos
1222 3011 1255 3052 se
1272 3005 1482 3072 agnoscentes
1498 2990 1575 3054 feria
1592 2994 1692 3055 tercia

425 3099 570 3183 proxime
595 3101 844 3182 preteritarum
868 3099 1034 3162 nonnullis
1066 3099 1175 3180 probis
1198 3098 1275 3160 viris
1307 3098 1411 3180 ipsum
1436 3099 1616 3161 iohannem
1642 3099 1692 3182 ju-

426 3206 530 3268 dicem
555 3225 650 3288 super
673 3225 712 3268 eo
737 3207 913 3288 pecierunt,
934 3218 968 3266 ut
985 3205 1072 3287 ipsos
1095 3205 1127 3266 in
1145 3224 1240 3266 causa
1256 3204 1398 3286 predicta
1422 3205 1570 3268 redderet
1594 3225 1692 3288 expe·

426 3311 527 3388 ditos;
553 3331 618 3394 quo
651 3325 779 3394 peracto
812 3311 897 3372 idem
931 3311 1093 3374 lohannes
1124 3309 1221 3391 judex
1244 3310 1283 3372 ad
1316 3311 1511 3393 peticionem
1544 3313 1692 3394 ipsorum

425 3419 602 3500 proborum
627 3419 781 3496 virorum,
805 3419 892 3500 ipsos
914 3437 1008 3479 causa
1034 3417 1064 3478 in
1090 3417 1244 3499 premissa
1261 3417 1315 3495 its,
1340 3429 1375 3479 ut
1399 3417 1438 3478 de
1462 3432 1569 3480 cetero
1594 3419 1626 3480 in
1645 3432 1692 3481 ta·

425 3525 511 3586 libus
541 3545 606 3586 non
639 3525 848 3607 reperiantur,
881 3525 1024 3606 alioquin
1059 3545 1117 3585 nec
1148 3525 1209 3586 boc
1239 3543 1367 3605 parsum
1402 3544 1469 3586 esse
1493 3524 1610 3588 debeat
1633 3527 1692 3604 eis,

426 3651 500 3692 nam
525 3645 556 3692 et
572 3632 659 3714 prius
676 3632 706 3692 in
731 3632 787 3692 tali
805 3632 876 3694 labe
892 3632 999 3712 sepius
1015 3630 1130 3712 reperti
1148 3643 1231 3708 sunt,
1256 3649 1354 3711 quam
1370 3631 1477 3692 labem
1501 3631 1527 3692 si
1558 3631 1692 3694 eosdem

427 3738 477 3800 vel
499 3737 635 3800 alterum
659 3739 802 3819 ipsorum
827 3738 866 3800 de
883 3752 989 3800 cetero
1014 3751 1122 3799 contra
1140 3737 1327 3819 quempiam
1344 3738 1504 3799 incurrere
1529 3758 1593 3800 non
1613 3759 1692 3801 con-

425 3846 537 3926 tingat,
561 3845 679 3906 sivero
697 3845 875 3926 contigerit,
899 3859 975 3908 tunc
993 3864 1029 3908 ex
1054 3857 1142 3925 parte
1163 3843 1353 3906 eorumdem
1370 3843 1456 3924 juxta
1480 3843 1689 3926 privilegium

338 3935 341 3942 ¹
427 3953 551 4033 justicia
575 3952 689 4013 debeat
713 3950 781 4013 fieri
805 3951 913 4033 quoad
937 3951 1053 4014 statim.

533 4077 611 4138 ltem
635 4075 753 4136 Paulus
777 4074 861 4136 filius
886 4075 1038 4156 Stephani
1071 4088 1101 4137 et
1126 4074 1319 4136 Benedictus
1343 4073 1526 4156 lucifigulus
1551 4073 1691 4138 confessi

426 4197 499 4246 sunt
524 4203 562 4245 eo
587 4182 697 4260 modo,
728 4181 816 4263 quod
851 4182 988 4242 lacobus
1017 4181 1136 4242 Lilium
1168 4201 1205 4242 ac
1229 4181 1335 4243 Sabka
1366 4200 1496 4243 consors
1519 4201 1556 4243 ac
1581 4181 1689 4263 Draga

426 4310 516 4352 soror
540 4289 684 4352 eiusdem
710 4289 819 4350 Jacobi
845 4288 964 4349 Lilium
990 4288 1022 4348 in
1054 4286 1137 4349 facto
1163 4285 1315 4348 lurticinii
1349 4289 1559 4370 pecuniarum
1583 4306 1689 4370 nuper

427 4411 536 4459 contra
561 4395 691 4458 eosdem
717 4408 805 4456 moto
831 4393 1017 4455 innocentes
1040 4394 1103 4454 sint
1127 4407 1158 4454 et
1181 4393 1340 4457 inmunes.

532 4519 610 4580 ltem
636 4518 736 4579 Elena
762 4537 892 4578 consors
923 4517 1013 4578 Turk
1039 4530 1069 4578 et
1100 4517 1186 4578 idem
1219 4517 1310 4578 Turk
1341 4529 1453 4578 contra
1478 4517 1690 4580 Valentinum

426 4625 550 4708 pridem
576 4623 738 4706 (juratum)
763 4623 940 4704 juramenta
965 4643 1021 4684 sua
1047 4623 1266 4705 deposuerunt
1289 4623 1481 4705 supradicta.

535 4731 610 4793 ltem
643 4729 803 4810 Georgius
826 4745 914 4790 sutor
945 4743 1054 4791 contra
1088 4729 1268 4792 lohannem
1300 4742 1455 4792 sartorem
1479 4729 1621 4792 secundo
1647 4733 1692 4794 ci-

427 4852 510 4900 tatus
540 4857 603 4898 non
630 4836 818 4918 comparuit.

533 5031 559 5097 *)
578 5029 695 5099 Explicit
715 5029 781 5080 liber
798 5031 875 5082 Citat.
895 5037 921 5080 et
941 5030 1057 5082 Sentent.
1076 5045 1134 5082 ann.
1158 5042 1233 5095 1421.
