3852 5820
824 493 910 551 Anno
932 503 1021 571 1417.
1046 528 1091 538 —
1114 509 1162 557 21.
1186 497 1267 558 md.

515 702 594 764 ltem
617 701 711 784 jurati
736 702 960 786 adjudicarunt
984 724 1113 766 causam
1140 705 1222 767 inter
1249 705 1452 768 Clementem
1477 720 1618 770 actorem
1642 721 1674 770 et

410 809 618 872 Valentinum
642 809 767 891 pridem
783 808 923 890 juratum
947 810 979 872 in
1003 830 1132 872 causam
1148 823 1327 891 attractum,
1345 812 1434 894 quod
1452 813 1539 875 idem
1556 814 1674 876 Valen-

410 916 496 978 tinus
519 934 593 978 cum
610 914 751 977 evidenti
768 927 799 978 et
814 913 986 978 sufficienti
1003 917 1188 978 testimonio
1206 919 1429 1000 comprobavit
1443 939 1551 982 coram
1567 921 1671 999 nobis,

411 1035 446 1084 ut
469 1021 537 1104 ipse
554 1021 744 1083 Valentinus
768 1021 800 1083 in
816 1035 882 1084 tota
900 1023 1031 1085 accione
1048 1023 1152 1105 ipsius
1168 1023 1347 1086 Clementis
1363 1025 1490 1086 racione
1508 1025 1672 1088 cuiusdam

410 1127 607 1190 fideiussoris
635 1128 797 1190 cautionis
821 1129 977 1191 innocens
1001 1143 1102 1192 esset.

516 1252 616 1313 lurati
642 1251 867 1334 adjudicarunt
889 1265 925 1314 ut
956 1272 1036 1314 uror
1061 1252 1214 1336 Stephani
1248 1267 1363 1316 octavo
1395 1255 1448 1316 die
1472 1256 1671 1338 presencium

409 1359 509 1421 tercio
533 1379 565 1420 se
590 1357 806 1438 juramentum
830 1377 980 1440 supereo
1004 1372 1145 1441 prestare
1162 1360 1332 1441 tenebitur,
1357 1361 1445 1443 quod
1464 1361 1531 1444 ipsa
1548 1361 1672 1424 mulieri

414 1464 540 1526 Malecb
565 1483 630 1526 non
655 1464 860 1526 subtraxisset
884 1483 945 1526 nec
968 1463 1070 1526 furata
1095 1479 1186 1528 esset.

517 1571 617 1632 Jurati
649 1568 873 1651 adjudicarunt
904 1583 939 1631 ut
970 1570 1131 1632 Barnabas
1155 1571 1334 1634 Ochteuich
1364 1572 1463 1634 tercio
1493 1593 1526 1633 se
1557 1586 1670 1636 octavo

411 1677 463 1738 die
488 1676 690 1760 presencium
713 1674 928 1758 juramentum
952 1689 1092 1759 prestare
1116 1678 1277 1739 tenebitur
1293 1698 1388 1760 super
1411 1698 1461 1757 eo,
1486 1678 1575 1760 quod
1592 1698 1670 1739 uxor

412 1783 511 1866 ipsius
535 1783 681 1844 Barnabe
705 1782 811 1844 nullas
833 1802 882 1846 res
899 1781 1030 1845 furtivas
1054 1784 1094 1844 ad
1111 1784 1246 1846 domum
1271 1785 1369 1867 ipsius
1386 1785 1531 1847 Barnabe
1555 1804 1669 1868 appor-

410 1902 507 1950 tasset
530 1907 593 1971 que
617 1888 766 1950 Jalrmelli
790 1889 975 1952 extitissent.

517 1995 617 2058 Jurati
642 1993 866 2076 adjudicarunt
889 2011 924 2056 ut
947 2015 1042 2057 causa
1068 1995 1150 2058 inter
1172 1995 1355 2058 Dionisium
1380 2009 1519 2059 actorem
1546 2010 1576 2059 et
1593 1997 1675 2058 Lau·

411 2103 554 2165 rencium
587 2101 765 2164 institorem
798 2102 926 2164 racione
961 2102 1126 2164 cuiusdam
1158 2101 1235 2164 false
1273 2123 1421 2166 mensure
1453 2104 1493 2166 ad
1526 2118 1674 2166 octavum

412 2209 498 2271 diem
522 2209 723 2292 presencium
748 2207 863 2270 debeat
886 2209 1064 2290 prorogari.

519 2316 619 2377 lurati
643 2313 867 2397 adjudicarunt
891 2328 926 2378 ut
953 2334 1048 2397 preco
1073 2314 1226 2377 Clemens
1257 2329 1372 2378 octavo
1396 2316 1448 2378 die
1472 2316 1673 2399 presencium

412 2421 639 2482 secuudusmet
654 2421 870 2503 jurameutum
889 2434 1028 2503 prestare
1045 2421 1206 2484 tenebitur
1222 2441 1317 2504 super
1330 2441 1380 2500 e0,
1397 2422 1486 2504 quod
1511 2422 1676 2484 lohannes

411 2546 521 2589 servus
546 2526 722 2610 Mychaelis
746 2526 871 2608 pridem
895 2526 1010 2609 judicis
1033 2526 1156 2588 nullam
1173 2527 1339 2609 sanguinis
1362 2527 1554 2590 effusionem
1577 2547 1674 2610 super

412 2652 487 2695 eum
512 2631 646 2696 fecisset.

519 2739 618 2801 Jurati
643 2737 866 2820 adjudicarunt
890 2739 979 2821 quod
1004 2759 1099 2800 causa
1127 2739 1209 2801 inter
1233 2739 1433 2821 Stephanum
1458 2738 1597 2820 juratum
1623 2757 1673 2801 ac-

411 2857 515 2907 torem
540 2861 571 2907 et
587 2845 723 2907 Paulum
748 2844 904 2926 Neglicha
921 2845 1049 2906 racione
1070 2844 1237 2908 cuiusdam
1254 2844 1329 2908 furti
1353 2845 1393 2908 ad
1418 2859 1569 2908 octavum
1586 2846 1673 2908 diem

413 2951 617 3033 precencium
641 2951 806 3034 prorogari
832 2950 959 3012 debeat.

519 3057 619 3119 Jurati
644 3056 868 3138 adjudicarunt
884 3069 919 3118 ut
937 3055 1097 3136 Georgius
1113 3055 1257 3118 literatus
1280 3077 1297 3118 a
1321 3057 1549 3119 commissariia
1565 3057 1673 3118 uxoris

414 3163 498 3224 Petri
524 3163 669 3244 Hungari
694 3162 784 3244 juger
808 3182 881 3224 cum
906 3161 1014 3224 medio
1036 3175 1120 3224 terre
1145 3162 1260 3225 debeat
1283 3163 1412 3226 habere.

515 3378 611 3454 Faria
639 3389 738 3454 sexta
765 3384 920 3471 proxima
948 3389 1026 3455 ante
1053 3382 1177 3454 festum
1204 3382 1302 3454 beate
1330 3380 1427 3454 Eleae
1455 3383 1578 3471 regine.

955 3539 1016 3612 (21.
1041 3535 1136 3611 maai).

522 3672 660 3736 Causam
687 3673 768 3736 iuter
793 3675 937 3736 Marcum
961 3674 1002 3736 de
1027 3655 1198 3737 Petrouin'a
1230 3687 1371 3736 actorem
1403 3675 1442 3736 ab
1467 3695 1530 3737 una
1555 3688 1587 3738 et
1612 3675 1672 3738 Mi-

415 3780 559 3844 chaelem
575 3793 729 3841 sartorem
757 3792 901 3842 nostrum
928 3781 1093 3843 concivem
1111 3793 1142 3842 et
1159 3779 1294 3842 Elenam
1318 3794 1501 3843 consortem
1528 3781 1673 3843 eiusdem

416 3886 583 3950 Michaelis
607 3898 795 3964 vertentem,
819 3885 913 3968 jurati
937 3884 1161 3968 adjudicarunt
1177 3905 1216 3948 eo
1240 3886 1351 3966 modo,
1375 3899 1410 3947 ut
1434 3887 1520 3948 idem
1538 3886 1676 3949 Michael

415 4005 516 4055 sartor
539 3991 637 4053 tercio
661 4011 694 4052 se
718 3991 842 4053 civibus
859 4005 889 4053 et
913 3991 981 4074 ipsa
1005 3992 1137 4054 domina
1155 3993 1256 4054 Elena
1273 3992 1420 4054 similiter
1443 3992 1542 4055 tercio
1565 4012 1599 4054 se
1616 3991 1677 4053 sibi

416 4097 574 4160 similibus
598 4109 712 4158 octavo
736 4096 788 4159 die
812 4098 968 4179 presentis
992 4095 1069 4158 ferie
1092 4117 1188 4179 super
1212 4117 1250 4159 eo
1274 4109 1508 4160 sacramentum
1532 4111 1673 4181 prestare

417 4205 565 4283 debeant,
589 4215 625 4266 ut
648 4202 708 4286 ipsi
732 4202 765 4264 iu
788 4203 879 4265 totali
904 4204 1034 4266 accione
1058 4215 1089 4265 et
1107 4203 1305 4284 aquisicione
1330 4203 1429 4286 ipsius
1453 4203 1564 4283 Marci,
1588 4202 1677 4264 vide-

416 4311 495 4373 licet.
513 4329 577 4392 qua
600 4308 784 4390 requirebat
804 4309 843 4370 ab
868 4308 944 4391 ipsis
972 4309 1091 4371 llllllll
1115 4308 1196 4388 flor.,
1221 4309 1408 4371 innocentes
1432 4321 1537 4370 essent
1560 4322 1592 4370 et
1614 4308 1674 4369 im·

417 4436 547 4492 munes3
576 4414 617 4475 de
641 4433 704 4496 qua
736 4413 980 4497 adjudicacione
1013 4415 1098 4476 idem
1131 4434 1196 4476 non
1228 4427 1397 4476 contentus
1421 4415 1452 4475 in
1479 4413 1677 4496 presenciam

417 4522 559 4606 judicum
583 4520 746 4582 seniorum
770 4520 864 4586 traxit
891 4520 1137 4583 terminandam.

524 4627 673 4691 Tandem
707 4627 852 4709 sequenti
885 4628 1018 4689 sabbato
1050 4625 1171 4704 judices
1206 4626 1348 4688 seniores
1379 4623 1613 4707 adjudicarunt,
1643 4636 1679 4686 ut

417 4749 532 4798 octavo
556 4733 608 4795 die
633 4733 777 4796 eiusdem
801 4734 935 4812 sabbati,
961 4733 1098 4814 quilibet
1121 4752 1233 4795 eorum
1258 4732 1289 4794 in
1308 4751 1435 4793 causam
1461 4742 1678 4808 attractorum‚

419 4842 579 4925 quililibet
615 4841 729 4922 quinto
764 4859 797 4900 se
833 4839 1019 4901 concivibus
1054 4839 1245 4920 premissum
1285 4837 1501 4920 juramentum
1536 4848 1678 4919 prestare

418 4961 571 5011 teneatur.
