3852 5820
621 560 709 618 Anno
731 571 820 636 1415.
846 593 886 604 -
909 571 962 634 29.
986 557 1155 619 novembris.
1474 571 1515 635 27

355 770 433 833 Item
460 770 581 833 Stanko
606 770 824 852 carpentarius
847 783 957 832 contra
991 767 1132 830 Blasium
1158 767 1278 848 Purgar
1302 765 1445 828 secundo
1470 765 1512 826 ci-

249 888 333 938 tatus
356 896 422 938 non
446 876 637 959 comparuit.

355 999 433 1062 Item
456 999 565 1062 relicta
582 998 712 1061 Thome
731 997 963 1082 Gerdcheuycb
981 1009 1090 1060 contra
1115 995 1267 1080 Goycech
1290 996 1395 1079 primo
1420 995 1513 1056 citata

250 1123 315 1166 non
341 1105 530 1188 comparuit.

357 1228 436 1290 Item
467 1248 560 1290 causa
593 1226 726 1310 Georgii
759 1240 790 1290 et
819 1225 983 1290 Valentini
1020 1225 1060 1289 ad
1091 1225 1233 1310 primum
1268 1223 1425 1308 judicIum
1456 1242 1513 1306 per

251 1335 370 1417 probos
394 1335 433 1396 ad
457 1354 570 1418 pacem
595 1347 641 1396 est
663 1347 847 1417 prorogata.

357 1459 437 1521 Item
461 1459 536 1542 quia
561 1461 690 1540 Agnesa
719 1477 853 1521 consors
884 1457 1005 1521 Mathei
1028 1457 1195 1541 piscatoria
1226 1456 1295 1520 sola
1319 1455 1352 1518 in
1376 1475 1513 1537 persona

253 1577 362 1626 contra
387 1564 531 1628 relictam
555 1565 642 1627 Iwan
665 1564 839 1647 Ozmonog
862 1564 895 1626 in
927 1561 1012 1626 facto
1036 1562 1202 1626 cqusdam
1234 1561 1393 1641 clamidis,
1417 1561 1513 1623 unius

253 1670 429 1752 pulvinaris
453 1684 485 1732 et
508 1671 604 1733 unius
627 1671 819 1754 manutergii
842 1690 941 1753 penes
965 1669 1105 1732 eundem
1136 1668 1267 1750 vagium
1290 1667 1359 1730 sola
1383 1667 1416 1728 in
1440 1687 1511 1750 per·

253 1795 330 1838 sona
354 1790 390 1840 ut
414 1776 526 1839 debuit
549 1776 764 1859 juramentum
791 1775 930 1859 prestitit
953 1794 1050 1858 super
1080 1794 1134 1836 sex
1164 1773 1271 1857 pensIs
1294 1773 1512 1852 denarIorum,

251 1881 338 1963 quod
364 1882 424 1944 sibi
449 1880 560 1944 fuisset
583 1881 836 1964 iangnoratum.

356 2006 436 2069 Item
468 2006 598 2090 Endrey
628 2019 738 2068 contra
768 2005 952 2068 Emericum
984 2025 1119 2090 parvum
1158 2004 1263 2088 primo
1295 2003 1408 2066 citatus
1447 2021 1512 2064 nou

255 2113 443 2195 comparuit.

358 2237 435 2298 Item
458 2235 643 2300 Anthonius
666 2255 765 2318 gener
789 2236 963 2318 Ozmonog
991 2250 1101 2299 contra
1125 2235 1325 2319 Stephanum
1349 2235 1512 2296 literatum

252 2341 393 2405 secundo
419 2343 533 2406 citatus
556 2362 622 2404 non
650 2343 840 2426 comparuit.

354 2467 434 2529 Item
458 2467 568 2530 relicta
593 2467 718 2548 Drugas
750 2481 860 2530 contra
883 2466 1084 2530 Demetrium
1115 2465 1255 2549 juratum
1280 2465 1385 2550 prImo
1418 2466 1512 2529 citata

251 2592 314 2634 non
339 2574 531 2656 comparuit.

353 2696 433 2760 Item
458 2697 571 2759 eadem
593 2697 704 2760 relicta
727 2698 853 2780 Drugas
876 2709 986 2760 contra
1011 2696 1190 2780 Georgium
1215 2695 1380 2781 Chestnyk
1406 2697 1511 2780 primo

251 2802 343 2865 citata
367 2822 434 2865 non
459 2803 649 2886 comparuit.

354 2926 434 2988 Item
466 2927 542 3009 quia
567 2925 727 3008 Georgius
749 2925 834 2989 filius
858 2927 1017 3010 Wlkasyn
1045 2928 1084 2990 de
1117 2926 1257 2990 Goricha
1281 2927 1313 2988 in
1339 2925 1510 2990 manifesto

251 3032 414 3096 IurtIcinio
439 3033 652 3116 quarumdam
672 3034 881 3117 pecuniarum
899 3033 1065 3096 cuiusdam
1090 3033 1247 3095 Anthonii
1278 3034 1430 3116 pIncerne
1454 3033 1510 3094 ubi

250 3141 438 3202 tabernabat
466 3139 683 3222 deprehensus
714 3139 834 3220 fuisset,
867 3141 923 3222 qui
955 3140 1115 3222 Georgius
1145 3153 1275 3224 propter
1308 3140 1389 3202 hanc
1421 3160 1511 3202 occa·

250 3246 374 3308 sionem
392 3259 529 3308 mortem
545 3247 681 3328 patibuli
705 3248 897 3325 merebatur,
921 3246 976 3309 sed
993 3260 1124 3330 propter
1147 3247 1358 3309 discretorum
1383 3259 1415 3308 et
1438 3247 1511 3308 reli-

251 3353 415 3434 giosorum
439 3353 580 3414 virorum
606 3365 637 3415 et
660 3351 865 3414 honestarum
898 3352 1104 3415 dominarum
1128 3353 1387 3415 intercessionem
1415 3352 1510 3435 jurati

253 3458 434 3541 judicarunt
457 3479 496 3522 eo
520 3459 630 3538 modo,
654 3459 742 3542 quod
760 3459 827 3541 ipse
849 3457 1009 3540 Georgius
1033 3461 1092 3521 sub
1110 3459 1222 3521 eculeo
1247 3459 1383 3521 conduci
1401 3459 1506 3537 debet,

251 3565 359 3646 ibique
384 3565 452 3648 ipse
468 3565 652 3628 Anthonius
667 3566 818 3649 pincerna
836 3567 921 3628 dicto
940 3565 1082 3648 Georgio
1098 3585 1197 3628 uuam
1214 3566 1391 3628 auriculam
1408 3566 1508 3628 absci-

254 3669 336 3748 dere,
362 3671 494 3733 tandem
520 3672 559 3733 de
577 3671 703 3734 civitate
720 3671 854 3754 turpiter
878 3671 994 3754 expelli
1010 3684 1154 3749 tenetur;
1171 3671 1226 3753 qui
1246 3671 1404 3753 Georgius
1421 3684 1506 3754 post·

251 3777 385 3838 modum
408 3778 442 3838 in
475 3777 635 3840 clvitatem
667 3777 719 3839 vel
750 3777 820 3839 eius
847 3777 1042 3840 territorium
1073 3777 1189 3839 Intrare
1221 3797 1286 3839 uon
1311 3777 1427 3840 audeat
1451 3797 1511 3839 nec

249 3895 476 3965 presumpmat,
501 3884 556 3964 qui
580 3883 606 3944 si
630 3884 805 3966 reperietur
827 3897 903 3946 tunc
927 3883 967 3946 de
992 3882 1108 3945 eodem
1132 3883 1272 3946 viudicta
1297 3898 1507 3966 sumpmetur.

356 4007 434 4070 Item
458 4008 611 4070 Nicolaus
633 4007 765 4091 pellifex
781 4021 891 4070 contra
908 4008 1050 4070 blasium
1073 4007 1246 4090 peIIIficem
1270 4009 1375 4091 primo
1393 4009 1511 4071 citatus

154 4163 156 4166 .
251 4131 314 4174 uon
338 4114 529 4197 comparuit.

352 4238 432 4300 Item
455 4239 568 4302 Petrus
592 4241 716 4302 kramar
741 4239 923 4303 Sternische
940 4253 1048 4303 contra
1074 4241 1204 4303 Petrum
1229 4239 1386 4301 decanum
1405 4239 1510 4321 primo

253 4343 363 4406 citatus
394 4364 458 4406 non
492 4347 682 4428 comparuit.

353 4469 431 4532 Item
462 4471 539 4552 quia
570 4470 738 4533 EIIzabeth
769 4469 835 4532 filia
868 4472 1030 4534 Bankonis
1062 4491 1100 4534 ex
1130 4473 1209 4534 serie
1241 4471 1405 4532 literarum
1430 4468 1507 4530 dicti

250 4575 412 4637 Bnnkouis
435 4595 531 4658 super
555 4576 693 4657 quadam
712 4577 804 4638 vinea
828 4591 1048 4639 emanaturum
1072 4591 1103 4640 et
1119 4577 1224 4640 eidem
1250 4576 1459 4658 loquencium
1478 4576 1510 4636 id

250 4682 480 4764 comprobavit,
506 4681 594 4763 quod
619 4683 686 4764 ipsa
719 4683 812 4745 vInea
845 4683 920 4745 dicti
946 4685 1108 4745 Bankonis
1139 4683 1309 4765 patrissui
1344 4679 1511 4764 prefuisset

251 4801 280 4848 et
304 4789 335 4849 in
360 4789 464 4870 Ipsam
481 4787 708 4869 condescensa,
732 4809 795 4871 que
820 4791 914 4851 vitrea
938 4791 1019 4851 inter
1036 4791 1145 4851 vineas
1168 4789 1346 4851 liberorum
1370 4787 1509 4849 condam

249 4893 379 4955 Ioannis
405 4894 521 4956 Donati
547 4909 578 4956 et
607 4909 714 4957 nostre
742 4896 877 4958 cIvitatis
909 4895 991 4960 foret
1021 4897 1146 4976 situata,
1180 4917 1278 4980 quam
1310 4896 1414 4961 eidem
1450 4909 1509 4960 ste·

248 5000 366 5062 tuImua
394 5013 547 5085 perpetue
572 5001 809 5085 possidendam.
