3876 5798
640 589 728 645 Anno
746 583 841 664 1446.
863 619 903 629 -
927 600 957 646 2.
981 583 1144 646 decembris.

366 796 445 859 ltem
462 798 537 879 quia
555 798 793 862 Benedictus..
816 797 925 880 (filius)
942 797 1070 860 Thorne
1096 842 1148 861 ...
1173 797 1241 859 sola
1258 817 1314 860 sua
1332 797 1364 858 in
1388 815 1523 878 persona

262 923 361 985 penes
377 901 653 984 adjudicacionem
674 905 851 986 juratorum
867 905 983 987 juravit
1005 923 1100 986 super
1116 923 1168 983 eo,
1185 919 1219 966 ut
1244 905 1309 986 ipse
1334 903 1523 965 servitorem

263 1009 428 1092 Mathyam
452 1059 460 1072 .
487 1057 494 1072 .
520 1011 647 1072 Martini
677 1009 792 1092 judicis
823 1011 923 1072 nostri
956 1010 1102 1072 moderni
1132 1010 1165 1071 in
1191 1009 1332 1092 dampno
1363 1028 1422 1070 suo
1447 1028 1523 1070 vero

262 1128 293 1178 et
316 1116 449 1198 proprio
480 1117 642 1197 percussit,
675 1117 749 1179 ideo
781 1117 886 1199 ipsum
919 1117 1050 1199 abipsa
1079 1116 1280 1198 juramentali
1312 1115 1518 1197 deposicione

261 1223 482 1286 commisimus
506 1223 575 1285 lore
599 1223 794 1307 expeditum.

367 1328 445 1391 ltern
463 1329 538 1411 quia
555 1329 688 1412 provida
705 1329 822 1392 mulier
845 1333 955 1411 Agnes
970 1343 1092 1408 vocata,
1109 1329 1219 1395 relicta
1236 1329 1375 1390 condam
1392 1328 1521 1390 Thome

261 1433 559 1517 Dolschyakowych
597 1435 685 1518 olym
719 1436 860 1497 concivis
891 1436 988 1497 nostri
1028 1435 1086 1498 filii
1117 1436 1247 1498 Andree
1290 1434 1329 1497 d'e
1364 1433 1523 1514 Gradsan,

261 1559 347 1602 nunc
380 1560 511 1603 consors
542 1541 699 1623 legittima
723 1543 782 1604 viri
814 1542 941 1626 providi
973 1557 1004 1604 et
1033 1543 1158 1604 honesti
1192 1542 1347 1605 Anthonii
1372 1542 1525 1604 institoris

263 1648 387 1730 pridem
412 1648 517 1730 jurati,
543 1650 683 1712 concivis
708 1649 806 1711 nostri
830 1648 888 1712 filii
916 1649 1060 1731 Georgii,
1085 1649 1226 1711 concivis
1250 1663 1367 1728 nostra,
1392 1648 1424 1710 id
1449 1667 1523 1710 curn

262 1753 435 1818 sufficienti
468 1769 499 1818 et
529 1755 694 1836 fidedigno
734 1769 916 1818 nostrorum
954 1756 1135 1818 concivium
1169 1755 1354 1818 testimonio
1386 1755 1418 1816 in
1449 1755 1525 1816 sede

262 1874 371 1923 nostra
394 1859 560 1942 judiciaria
585 1862 669 1923 clare
700 1862 922 1944 comprobavit
953 1881 1062 1923 coram
1086 1862 1189 1941 nobis,
1214 1874 1250 1924 ut
1280 1861 1358 1922 dum
1383 1857 1524 1943 prefatus

263 1967 408 2028 Thomas
432 1967 730 2051 Dolschyakowych
748 1968 780 2030 in
805 1969 954 2030 extremis
974 1969 1037 2029 vite
1054 1987 1110 2030 sue
1133 1967 1321 2050 temporalis
1338 1967 1523 2044 laborasset,

262 2087 337 2134 tunc
362 2075 427 2156 ipse
453 2075 658 2136 medietatem
687 2075 855 2136 cuiusdam
880 2074 972 2135 vinee
990 2075 1022 2136 in
1040 2075 1198 2162 territorio
1221 2073 1357 2136 civitatis
1381 2073 1523 2156 predicte

263 2181 344 2242 inter
368 2180 464 2242 aliam
489 2181 695 2244 medietatem
717 2182 861 2243 eiusdem
885 2181 978 2244 vinee
995 2181 1077 2242 inter
1093 2181 1280 2263 porcionem
1304 2180 1425 2242 scilicet
1442 2179 1521 2241 libe-

264 2307 373 2348 rorum
399 2287 536 2350 condam
555 2338 561 2351 .
577 2335 584 2350 .
602 2288 755 2366 mulieris,
781 2287 890 2349 matris
913 2287 1012 2370 ipsius
1029 2287 1165 2349 condam
1191 2286 1320 2348 Thorne
1345 2284 1521 2368 Dolschya·

267 2393 414 2476 kowych,
446 2395 608 2456 mediante
640 2393 782 2476 quodam
807 2393 936 2473 fossam,
969 2406 999 2456 et
1022 2394 1104 2456 inter
1137 2393 1262 2454 vineam
1286 2393 1370 2454 Petri
1403 2391 1525 2475 lwsych

265 2500 305 2562 de
330 2498 475 2562 Gradsan
500 2500 652 2580 habitam,
675 2500 796 2583 prefate
820 2503 938 2582 Agneti
955 2500 1082 2563 mulieri
1106 2519 1162 2561 sue
1186 2500 1325 2562 consorti
1343 2499 1523 2580 legavisset,

263 2608 397 2689 ipsaque
422 2612 529 2689 Agnes
553 2608 670 2669 mulier
694 2608 830 2670 eandem
855 2607 1060 2669 medietatem
1092 2607 1193 2690 ipsius
1217 2607 1310 2668 vinee
1334 2605 1523 2689 porcionem

263 2712 414 2776 videlicet
437 2713 536 2796 ipsius
559 2713 699 2792 Thome,
724 2715 860 2797 provido
881 2714 1018 2776 condam
1043 2715 1112 2775 viro
1137 2713 1276 2775 Martino
1301 2711 1367 2774 filio
1393 2711 1522 2773 Martini

263 2821 349 2882 dicto
375 2819 542 2882 Glauozek
566 2821 605 2884 de
630 2821 772 2903 predicta
792 2820 937 2883 Gradsan
961 2820 1067 2883 taliter
1087 2819 1226 2881 dedisset
1249 2832 1405 2902 perpetuo
1423 2819 1524 2900 possi-

264 2927 404 2990 dendam
430 2944 460 2990 et
477 2928 784 3010 quomodocumque
805 2927 944 2990 voluerit
961 2926 1206 3010 disponendam,
1231 2939 1265 2988 ut
1282 2926 1349 3008 ipse
1367 2924 1523 2986 Martinus

264 3034 432 3098 Glauozek
449 3055 507 3117 pro
531 3035 638 3098 anima
655 3035 755 3117 ipsius
772 3034 899 3096 Thome
921 3032 1219 3116 Dolschyalrowych
1236 3033 1375 3093 Romam
1393 3050 1524 3114 peregre

264 3142 422 3226 proficisci
446 3143 626 3220 debuisset,
651 3157 682 3205 et
713 3143 756 3219 id,
780 3141 856 3222 quia
880 3140 966 3202 idem
988 3141 1143 3202 Martinus
1168 3139 1335 3202 Glauozek
1360 3137 1392 3200 id
1417 3156 1523 3199 coram

263 3250 452 3311 nobiscum
485 3249 576 3310 litera
598 3249 738 3331 quadam
762 3246 959 3330 expeditoria
984 3265 1039 3328 per
1063 3247 1167 3328 ipsurn
1193 3246 1232 3307 de
1258 3246 1360 3307 Roma
1384 3244 1525 3326 predicta

264 3367 430 3438 apportata
454 3368 485 3416 et
507 3355 602 3416 nobis
625 3366 804 3437 presentata
828 3351 999 3415 certificare
1023 3351 1098 3415 fecit
1121 3365 1152 3413 et
1176 3350 1360 3414 certificavit
1377 3349 1417 3412 de
1441 3349 1524 3413 lacto

263 3462 352 3546 quod
383 3463 450 3545 ipse
474 3462 650 3544 predictam
682 3461 976 3543 peregrinacionem
1009 3459 1200 3543 complevit;
1229 3473 1260 3522 et
1283 3459 1359 3540 quia
1392 3456 1525 3539 provida

265 3570 381 3632 mulier
398 3567 575 3653 Elyzabeth
599 3582 722 3646 vocata,
739 3568 848 3630 relicta
872 3567 971 3649 ipsius
989 3566 1117 3628 Martini
1135 3565 1307 3629 Glawosek
1331 3564 1364 3626 id
1380 3563 1525 3626 similiter

264 3695 337 3738 cum
353 3674 521 3738 sufficienti
538 3675 724 3737 testimonio
737 3693 844 3736 coram
859 3674 952 3734 nobis
966 3673 998 3733 in
1015 3671 1134 3753 judicio
1151 3671 1382 3754 comprobavit,
1397 3684 1430 3733 ut
1447 3670 1523 3732 dum

264 3782 330 3863 ipse
349 3781 504 3843 Martinus
529 3780 705 3862 predictam
722 3779 899 3864 Elyzabeth
923 3778 1092 3840 mulierem
1118 3791 1151 3839 ut
1176 3796 1307 3839 uxorem
1333 3776 1522 3856 legittimam

263 3887 466 3970 copullasset,
489 3903 564 3949 tunc
590 3889 655 3969 ipse
672 3887 807 3948 eandem
825 3885 1031 3948 medietatem
1050 3884 1142 3945 vinee
1166 3883 1224 3965 ipsi
1251 3881 1428 3965 Elyzabeth
1453 3901 1523 3942 mu-

263 3994 333 4056 lieri
367 3994 457 4056 uxori
490 3993 589 4076 ipsius
621 3993 749 4056 Martini
781 4006 853 4074 post
884 4005 1022 4053 mortem
1046 4009 1136 4052 suam
1168 3990 1336 4070 legavisset
1371 4001 1525 4070 perpetuo

266 4101 505 4184 possidendam,
522 4101 661 4182 ideoque
686 4119 744 4161 nos
761 4100 897 4161 eandem
918 4097 1121 4160 medietatem
1147 4097 1240 4158 vinee
1264 4096 1324 4179 ipsi
1349 4093 1526 4179 Elyzabeth

264 4207 391 4268 mulieri
423 4207 530 4268 relicte
564 4207 662 4289 ipsius
695 4205 822 4268 Martini
855 4217 926 4287 post
958 4216 1094 4265 mortem
1128 4222 1218 4264 suam
1243 4221 1279 4264 ac
1310 4222 1366 4285 per
1390 4201 1525 4263 eandem

264 4313 440 4397 Elyzabeth
458 4312 627 4376 mulierem
645 4311 816 4374 heredibus
832 4311 898 4373 suis
921 4310 1090 4372 statuimus
1106 4322 1261 4392 perpetuo
1286 4309 1524 4392 possidendam.

339 4549 436 4625 lerla
463 4559 562 4625 sexta
589 4553 743 4642 proxima
772 4559 849 4641 post
875 4551 999 4623 festam
1026 4551 1117 4622 beati
1146 4545 1277 4622 hndtee
1304 4549 1459 4638 apostoli.

766 4705 808 4780 (2.
832 4702 1008 4786 decembris).

372 4849 450 4910 ltem
487 4848 562 4929 quia
587 4846 741 4908 Nicolaus
765 4844 885 4926 juratus
911 4844 996 4906 filius
1024 4842 1177 4926 Stephani
1202 4843 1234 4904 id
1259 4861 1332 4904 cum
1356 4839 1525 4903 sufficienti

265 4971 298 5018 et
312 4955 476 5036 fidedigno
494 4969 673 5017 nostrorum
693 4954 873 5014 concivium
887 4951 1072 5014 testimonio
1089 4952 1121 5012 in
1139 4950 1214 5012 sede
1231 4961 1338 5011 nostra
1357 4948 1524 5028 judiciaria

268 5063 351 5125 clare
383 5061 615 5144 comprobavit,
645 5073 680 5122 ut
711 5059 833 5142 privata
866 5078 922 5120 seu
954 5057 1063 5120 cloaca
1087 5057 1186 5140 ipsius
1216 5055 1342 5118 Nicolai
1366 5054 1459 5138 jurati
1492 5055 1525 5116 in
