3734 5796
655 533 742 592 Anno
764 546 856 610 1441.
879 547 996 595 -10.
1020 534 1129 594 martii.

579 744 658 806 Item
683 745 850 808 Ladislaus
879 745 1167 829 Czaranthowych.

578 851 657 914 Item
682 852 836 915 Nicolaus
859 865 970 915 sartor.

579 959 658 1020 Item
683 959 808 1020 Blasius
829 971 940 1022 sartor.

578 1065 657 1128 Item
682 1065 842 1147 Georqus
865 1085 1028 1128 successor
1052 1066 1147 1128 Petri.

577 1170 657 1232 Item
681 1170 848 1253 Philippus
871 1191 970 1252 gener
994 1172 1104 1234 Marci

577 1276 656 1338 Item
681 1275 826 1338 Thomas
849 1275 1000 1360 Irenipar.

577 1380 656 1444 Item
680 1381 869 1444 Franciscus
892 1381 1041 1465 frenipsr.

577 1488 656 1550 Item
678 1488 861 1551 Anthonius
885 1487 983 1552 faber.

576 1595 655 1658 Item
682 1595 859 1677 Gregorius
883 1594 981 1662 labes.

577 1701 655 1764 Item
678 1701 870 1765 Valentinus
896 1701 996 1765 faber.

577 1807 655 1870 Item
681 1808 849 1871 Ladislaus
873 1808 1083 1872 Fudrechich.

575 1915 655 1977 Item
679 1915 826 1999 Mathyas
850 1917 951 1999 niger.

576 2021 655 2084 Item
679 2022 847 2085 Emericus
871 2024 965 2106 Sega.

576 2127 654 2190 Item
680 2127 804 2192 Gallus.

575 2234 653 2296 Item
682 2234 838 2298 Andreas.

574 2339 653 2402 Item
676 2340 788 2403 Petrus
811 2342 944 2423 Pogled.

576 2445 654 2508 Item
679 2447 832 2510 Nicolaus
857 2447 1003 2512 Chehlro.

575 2552 655 2616 Item
679 2554 817 2616 Iacobus
840 2553 936 2617 frater
956 2556 1095 2619 Emerici
1118 2556 1223 2638 jurati.

364 2771 442 2832 Item
473 2768 616 2854 prelatus
646 2767 799 2832 Nicolaus
830 2767 925 2848 judex
957 2788 1096 2831 unacum
1128 2769 1239 2852 juratis
1270 2785 1300 2834 et
1331 2772 1522 2835 consiliariis

256 2876 448 2958 supradictis
472 2896 546 2938 curn
571 2895 729 2938 consensu
754 2887 785 2936 et
801 2874 946 2936 unanimi
970 2876 1137 2938 voluntate
1153 2877 1257 2938 tocius
1280 2879 1521 2942 communitatis

256 2981 365 3044 omnia
389 2995 505 3045 statuta
529 2995 560 3044 et
584 2981 710 3044 decreta
733 2993 799 3041 tam
824 2981 855 3041 in
880 2980 1020 3062 antiquis
1044 3001 1142 3063 quam
1159 2983 1191 3043 ln
1215 2983 1354 3065 presenti
1377 2984 1517 3046 laternis

257 3089 436 3171 conscripta
468 3102 499 3152 et
531 3089 718 3170 consignata
750 3086 790 3147 ad
822 3106 935 3148 omnes
966 3087 1135 3166 clausulas,
1167 3103 1285 3171 puncta
1316 3102 1347 3152 et
1371 3090 1522 3153 articulos

255 3195 398 3278 ipsorum
428 3208 584 3279 perpetuo
619 3207 650 3257 et
680 3193 931 3255 irrevocabiliter
961 3194 1096 3255 valitura
1120 3207 1151 3256 et
1181 3195 1382 3258 observanda
1406 3195 1520 3258 confir·

257 3315 395 3365 marunt.
1078 3376 1087 3398 ,

361 3407 439 3470 Item
473 3407 549 3489 quia
581 3406 759 3490 Elyzabeth
791 3405 907 3468 mulier
938 3406 1216 3470 relitta-condam
1247 3408 1411 3471 Valentini
1441 3408 1517 3470 dicti

257 3514 372 3598 Peryn,
397 3515 485 3598 olym
510 3513 604 3596 jurati
629 3526 659 3576 et
684 3513 825 3574 concivis
856 3512 966 3592 nostri,
998 3513 1139 3574 concivis
1169 3515 1316 3576 slmiliter
1343 3527 1461 3594 nostra,
1487 3515 1519 3576 id

257 3639 329 3680 cum
354 3617 525 3681 sufficienti
550 3633 582 3682 et
596 3617 761 3700 fidedigno
782 3632 964 3680 nostrorum
982 3620 1163 3681 concivium
1180 3621 1365 3682 testImonio
1390 3621 1423 3682 in
1440 3620 1517 3682 sede

256 3739 364 3787 nostra
387 3725 553 3808 judIciaria
578 3726 662 3787 clare
686 3738 717 3787 et
740 3725 858 3787 seriose
875 3726 1098 3807 comprobavit
1122 3745 1229 3788 coram
1254 3727 1358 3806 nobis,
1383 3740 1417 3788 ut
1441 3726 1518 3788 dum

256 3830 398 3913 prelatus
421 3831 611 3893 Valentinus
628 3832 732 3915 Peryn
754 3831 786 3892 in
803 3832 951 3893 extremis
968 3832 1030 3893 vite
1054 3850 1110 3894 sue
1128 3833 1313 3914 temporalis
1329 3833 1517 3912 laborasset,

252 3949 329 3998 tunc
352 3937 420 4019 ipse
449 3938 623 4019 quamdam
655 3938 783 3998 vineam
815 3957 906 3999 suam
937 3938 1094 3999 desertam
1127 3939 1160 3999 in
1191 3938 1351 4000 territorio
1384 3939 1519 4000 civitatis

252 4043 394 4126 predicte
418 4043 499 4105 inter
522 4044 649 4105 vlneam
675 4043 842 4105 Michaelis
858 4045 974 4105 sutoris
997 4058 1028 4105 et
1051 4044 1227 4106 liberorum
1248 4044 1386 4106 condam
1405 4044 1517 4106 Jacobi

251 4149 361 4231 generi
386 4149 523 4211 condam
560 4149 661 4210 Elene
694 4149 848 4228 habitam,
885 4150 990 4230 ipsum
1022 4149 1143 4210 scillcet
1172 4150 1380 4212 Valentinum
1411 4149 1517 4232 Peryn

251 4255 425 4318 literatorie
453 4269 710 4334 concernentem,
745 4275 817 4316 cum
849 4255 915 4316 suis
947 4255 1151 4336 pertinenciis
1182 4255 1303 4338 prefate
1337 4255 1514 4339 Elyzabeth

252 4361 377 4423 mulieri
403 4381 461 4443 pro
485 4374 561 4423 tunc
585 4380 641 4422 sue
674 4361 813 4423 consorti
845 4361 1002 4442 legittime
1034 4361 1203 4441 legavisset
1233 4362 1300 4443 jure
1330 4361 1517 4444 perhennali

251 4467 493 4550 possidendam,
518 4467 656 4549 ideoque
688 4487 747 4530 nos
778 4467 953 4549 predictam
986 4469 1114 4530 vineam
1139 4467 1297 4530 desertam
1331 4469 1431 4552 ipsius
1455 4468 1516 4530 Va·

254 4572 367 4634 lentini
393 4573 495 4656 Peryn
519 4575 552 4635 in
577 4574 738 4636 vicInitate
756 4574 937 4656 supradicta
962 4573 1116 4653 habitam,
1132 4594 1205 4636 curn
1222 4575 1287 4636 suis
1311 4575 1517 4657 pertinenciis

255 4675 376 4759 prefate
401 4677 578 4761 Elyzabeth
597 4679 724 4741 mulieri
748 4680 857 4742 relicte
881 4680 981 4762 Ipsius
997 4679 1159 4742 ValentIni
1184 4680 1288 4763 Peryn
1313 4701 1349 4743 ac
1372 4700 1515 4762 peream

253 4783 319 4844 suis
343 4783 515 4846 heredibus
532 4785 701 4847 statuimus
726 4799 756 4847 et
775 4785 996 4848 commisImus
1012 4806 1049 4846 ex
1066 4787 1228 4868 premissis
1243 4800 1399 4869 perpetuo
1416 4787 1515 4868 possi-

252 4887 391 4950 dendam
409 4903 440 4952 et
456 4890 765 4973 quomodocumque
783 4891 921 4953 voluerit
935 4891 1170 4973 disponendam
1187 4892 1273 4973 juxta
1291 4892 1516 4956 condicionem

251 4993 387 5058 civitatis
411 5009 581 5078 prenotate
609 4999 648 5060 ab
672 4998 806 5080 antiquo
830 4999 1050 5082 approbatam.
1074 5075 1079 5086 ¹
