<?xml version="1.0" encoding="UTF-8"?>
<!DOCTYPE html PUBLIC "-//W3C//DTD XHTML 1.0 Transitional//EN"
    "http://www.w3.org/TR/xhtml1/DTD/xhtml1-transitional.dtd">
<html xmlns="http://www.w3.org/1999/xhtml" xml:lang="en" lang="en">
 <head>
  <title>
</title>
<meta http-equiv="Content-Type" content="text/html;charset=utf-8" />
  <meta name='ocr-system' content='tesseract 3.04.00' />
  <meta name='ocr-capabilities' content='ocr_page ocr_carea ocr_par ocr_line ocrx_word'/>
</head>
<body>
  <div class='ocr_page' id='page_1' title='image "./monumentahistor14laszgoog_0442.png"; bbox 0 0 3876 5798; ppageno 0'>
   <div class='ocr_carea' id='block_1_1' title="bbox 395 537 1243 617">
    <p class='ocr_par' dir='ltr' id='par_1_1' title="bbox 395 537 1243 617">
     <span class='ocr_line' id='line_1_1' title="bbox 395 537 1243 617; baseline -0.001 -21"><span class='ocrx_word' id='word_1_1' title='bbox 395 554 455 617; x_wconf 83' lang='lat'>39²</span> <span class='ocrx_word' id='word_1_2' title='bbox 800 539 887 594; x_wconf 84' lang='lat' dir='ltr'>Anno</span> <span class='ocrx_word' id='word_1_3' title='bbox 909 549 1001 614; x_wconf 75' lang='lat'><em>1443.</em></span> <span class='ocrx_word' id='word_1_4' title='bbox 1027 569 1067 580; x_wconf 91' lang='lat'><em>-</em></span> <span class='ocrx_word' id='word_1_5' title='bbox 1091 550 1142 612; x_wconf 77' lang='lat'>23.</span> <span class='ocrx_word' id='word_1_6' title='bbox 1158 537 1243 610; x_wconf 68' lang='lat' dir='ltr'>julii</span> 
     </span>
    </p>
   </div>
   <div class='ocr_carea' id='block_1_2' title="bbox 392 747 1657 3595">
    <p class='ocr_par' dir='ltr' id='par_1_2' title="bbox 392 747 1657 3595">
     <span class='ocr_line' id='line_1_2' title="bbox 497 747 1651 830; baseline 0 -22"><span class='ocrx_word' id='word_1_7' title='bbox 497 747 575 808; x_wconf 86' lang='lat' dir='ltr'>ltem</span> <span class='ocrx_word' id='word_1_8' title='bbox 607 748 682 828; x_wconf 89' lang='lat' dir='ltr'>quia</span> <span class='ocrx_word' id='word_1_9' title='bbox 707 747 821 808; x_wconf 86' lang='lat' dir='ltr'>Vrsula</span> <span class='ocrx_word' id='word_1_10' title='bbox 853 766 932 808; x_wconf 86' lang='lat' dir='ltr'>uxor</span> <span class='ocrx_word' id='word_1_11' title='bbox 957 747 1112 828; x_wconf 88' lang='lat' dir='ltr'>legittima</span> <span class='ocrx_word' id='word_1_12' title='bbox 1138 748 1195 814; x_wconf 90' lang='lat' dir='ltr'>viri</span> <span class='ocrx_word' id='word_1_13' title='bbox 1220 747 1357 808; x_wconf 88' lang='lat' dir='ltr'>condam</span> <span class='ocrx_word' id='word_1_14' title='bbox 1390 748 1516 830; x_wconf 84' lang='lat' dir='ltr'>providi</span> <span class='ocrx_word' id='word_1_15' title='bbox 1542 748 1651 810; x_wconf 85' lang='lat' dir='ltr'>Jacobi</span> 
     </span>
     <span class='ocr_line' id='line_1_3' title="bbox 393 851 1655 936; baseline 0 -20"><span class='ocrx_word' id='word_1_16' title='bbox 393 855 483 916; x_wconf 90' lang='lat' dir='ltr'>aliter</span> <span class='ocrx_word' id='word_1_17' title='bbox 501 854 604 914; x_wconf 80' lang='lat' dir='ltr'>lavini</span> <span class='ocrx_word' id='word_1_18' title='bbox 629 853 744 930; x_wconf 87' lang='lat' dir='ltr'>vocati,</span> <span class='ocrx_word' id='word_1_19' title='bbox 761 853 879 914; x_wconf 90' lang='lat' dir='ltr'>notorii</span> <span class='ocrx_word' id='word_1_20' title='bbox 897 867 927 914; x_wconf 90' lang='lat' dir='ltr'>et</span> <span class='ocrx_word' id='word_1_21' title='bbox 944 852 1103 916; x_wconf 77' lang='lat' dir='ltr'><strong>manifesti</strong></span> <span class='ocrx_word' id='word_1_22' title='bbox 1121 851 1199 914; x_wconf 84' lang='lat' dir='ltr'>luris</span> <span class='ocrx_word' id='word_1_23' title='bbox 1218 867 1248 914; x_wconf 90' lang='lat' dir='ltr'>et</span> <span class='ocrx_word' id='word_1_24' title='bbox 1264 855 1436 933; x_wconf 87' lang='lat' dir='ltr'>homicide,</span> <span class='ocrx_word' id='word_1_25' title='bbox 1454 855 1508 936; x_wconf 90' lang='lat' dir='ltr'>qui</span> <span class='ocrx_word' id='word_1_26' title='bbox 1526 867 1655 936; x_wconf 88' lang='lat' dir='ltr'>propter</span> 
     </span>
     <span class='ocr_line' id='line_1_4' title="bbox 392 958 1655 1042; baseline 0 -20"><span class='ocrx_word' id='word_1_27' title='bbox 392 961 496 1042; x_wconf 89' lang='lat' dir='ltr'>ipsum</span> <span class='ocrx_word' id='word_1_28' title='bbox 521 979 614 1021; x_wconf 88' lang='lat' dir='ltr'>suum</span> <span class='ocrx_word' id='word_1_29' title='bbox 639 958 756 1020; x_wconf 84' lang='lat' dir='ltr'>sactum</span> <span class='ocrx_word' id='word_1_30' title='bbox 786 959 907 1020; x_wconf 87' lang='lat' dir='ltr'>malum</span> <span class='ocrx_word' id='word_1_31' title='bbox 939 959 970 1019; x_wconf 93' lang='lat' dir='ltr'>in</span> <span class='ocrx_word' id='word_1_32' title='bbox 1005 961 1170 1020; x_wconf 79' lang='lat' dir='ltr'>laternum</span> <span class='ocrx_word' id='word_1_33' title='bbox 1198 973 1343 1022; x_wconf 91' lang='lat' dir='ltr'>nostrum</span> <span class='ocrx_word' id='word_1_34' title='bbox 1376 979 1583 1022; x_wconf 89' lang='lat' dir='ltr'>communem</span> <span class='ocrx_word' id='word_1_35' title='bbox 1608 975 1655 1022; x_wconf 91' lang='lat' dir='ltr'>est</span> 
     </span>
     <span class='ocr_line' id='line_1_5' title="bbox 393 1064 1655 1149; baseline 0.001 -22"><span class='ocrx_word' id='word_1_36' title='bbox 393 1067 597 1149; x_wconf 90' lang='lat' dir='ltr'>proscriptus,</span> <span class='ocrx_word' id='word_1_37' title='bbox 622 1066 654 1127; x_wconf 91' lang='lat' dir='ltr'>in</span> <span class='ocrx_word' id='word_1_38' title='bbox 678 1085 735 1127; x_wconf 89' lang='lat' dir='ltr'>sua</span> <span class='ocrx_word' id='word_1_39' title='bbox 759 1079 790 1128; x_wconf 89' lang='lat' dir='ltr'>et</span> <span class='ocrx_word' id='word_1_40' title='bbox 815 1065 905 1126; x_wconf 89' lang='lat' dir='ltr'>Pauli</span> <span class='ocrx_word' id='word_1_41' title='bbox 930 1064 987 1126; x_wconf 89' lang='lat' dir='ltr'>filii</span> <span class='ocrx_word' id='word_1_42' title='bbox 1011 1066 1060 1127; x_wconf 94' lang='lat' dir='ltr'>sui</span> <span class='ocrx_word' id='word_1_43' title='bbox 1077 1066 1222 1147; x_wconf 87' lang='lat' dir='ltr'>personis</span> <span class='ocrx_word' id='word_1_44' title='bbox 1248 1087 1284 1128; x_wconf 86' lang='lat' dir='ltr'>er</span> <span class='ocrx_word' id='word_1_45' title='bbox 1302 1066 1415 1128; x_wconf 87' lang='lat' dir='ltr'>eodem</span> <span class='ocrx_word' id='word_1_46' title='bbox 1443 1067 1565 1129; x_wconf 84' lang='lat' dir='ltr'>Jacobo</span> <span class='ocrx_word' id='word_1_47' title='bbox 1581 1087 1655 1149; x_wconf 92' lang='lat' dir='ltr'>pro-</span> 
     </span>
     <span class='ocr_line' id='line_1_6' title="bbox 392 1171 1655 1255; baseline -0.001 -21"><span class='ocrx_word' id='word_1_48' title='bbox 392 1173 501 1254; x_wconf 84' lang='lat' dir='ltr'>genito</span> <span class='ocrx_word' id='word_1_49' title='bbox 526 1173 680 1253; x_wconf 85' lang='lat' dir='ltr'>legittime</span> <span class='ocrx_word' id='word_1_50' title='bbox 706 1187 736 1234; x_wconf 89' lang='lat' dir='ltr'>et</span> <span class='ocrx_word' id='word_1_51' title='bbox 760 1185 926 1255; x_wconf 91' lang='lat' dir='ltr'>procreato</span> <span class='ocrx_word' id='word_1_52' title='bbox 951 1173 1050 1234; x_wconf 90' lang='lat' dir='ltr'>semel</span> <span class='ocrx_word' id='word_1_53' title='bbox 1083 1171 1226 1234; x_wconf 85' lang='lat' dir='ltr'>confessa</span> <span class='ocrx_word' id='word_1_54' title='bbox 1250 1187 1297 1236; x_wconf 91' lang='lat' dir='ltr'>est</span> <span class='ocrx_word' id='word_1_55' title='bbox 1328 1187 1359 1234; x_wconf 91' lang='lat' dir='ltr'>et</span> <span class='ocrx_word' id='word_1_56' title='bbox 1383 1173 1556 1236; x_wconf 82' lang='lat' dir='ltr'>tassionem</span> <span class='ocrx_word' id='word_1_57' title='bbox 1581 1171 1655 1234; x_wconf 88' lang='lat' dir='ltr'>fecit</span> 
     </span>
     <span class='ocr_line' id='line_1_7' title="bbox 393 1277 1653 1362; baseline 0 -22"><span class='ocrx_word' id='word_1_58' title='bbox 393 1299 500 1340; x_wconf 90' lang='lat' dir='ltr'>coram</span> <span class='ocrx_word' id='word_1_59' title='bbox 521 1279 697 1341; x_wconf 86' lang='lat' dir='ltr'>Benedicto</span> <span class='ocrx_word' id='word_1_60' title='bbox 721 1278 825 1358; x_wconf 88' lang='lat' dir='ltr'>judice</span> <span class='ocrx_word' id='word_1_61' title='bbox 851 1291 960 1340; x_wconf 92' lang='lat' dir='ltr'>nostro</span> <span class='ocrx_word' id='word_1_62' title='bbox 976 1277 1133 1339; x_wconf 92' lang='lat' dir='ltr'>moderno</span> <span class='ocrx_word' id='word_1_63' title='bbox 1156 1299 1251 1360; x_wconf 89' lang='lat' dir='ltr'>super</span> <span class='ocrx_word' id='word_1_64' title='bbox 1267 1299 1317 1358; x_wconf 91' lang='lat' dir='ltr'>eo,</span> <span class='ocrx_word' id='word_1_65' title='bbox 1342 1293 1376 1342; x_wconf 90' lang='lat' dir='ltr'>ut</span> <span class='ocrx_word' id='word_1_66' title='bbox 1400 1280 1466 1362; x_wconf 90' lang='lat' dir='ltr'>ipsa</span> <span class='ocrx_word' id='word_1_67' title='bbox 1482 1279 1653 1361; x_wconf 88' lang='lat' dir='ltr'>quamdam</span> 
     </span>
     <span class='ocr_line' id='line_1_8' title="bbox 394 1383 1654 1466; baseline -0.001 -20"><span class='ocrx_word' id='word_1_68' title='bbox 394 1399 550 1447; x_wconf 90' lang='lat' dir='ltr'>muratam</span> <span class='ocrx_word' id='word_1_69' title='bbox 577 1386 710 1446; x_wconf 93' lang='lat' dir='ltr'>domum</span> <span class='ocrx_word' id='word_1_70' title='bbox 735 1397 874 1446; x_wconf 89' lang='lat' dir='ltr'>suamet</span> <span class='ocrx_word' id='word_1_71' title='bbox 898 1384 996 1466; x_wconf 91' lang='lat' dir='ltr'>ipsius</span> <span class='ocrx_word' id='word_1_72' title='bbox 1020 1385 1110 1466; x_wconf 89' lang='lat' dir='ltr'>pueri</span> <span class='ocrx_word' id='word_1_73' title='bbox 1127 1385 1175 1446; x_wconf 86' lang='lat' dir='ltr'>sui</span> <span class='ocrx_word' id='word_1_74' title='bbox 1200 1385 1295 1446; x_wconf 91' lang='lat' dir='ltr'>simul</span> <span class='ocrx_word' id='word_1_75' title='bbox 1318 1405 1391 1446; x_wconf 91' lang='lat' dir='ltr'>cum</span> <span class='ocrx_word' id='word_1_76' title='bbox 1417 1384 1524 1446; x_wconf 87' lang='lat' dir='ltr'>lundis</span> <span class='ocrx_word' id='word_1_77' title='bbox 1548 1383 1654 1446; x_wconf 89' lang='lat' dir='ltr'>eidem</span> 
     </span>
     <span class='ocr_line' id='line_1_9' title="bbox 394 1490 1654 1573; baseline -0.001 -20"><span class='ocrx_word' id='word_1_78' title='bbox 394 1495 453 1554; x_wconf 90' lang='lat' dir='ltr'>sub</span> <span class='ocrx_word' id='word_1_79' title='bbox 489 1507 519 1554; x_wconf 89' lang='lat' dir='ltr'>et</span> <span class='ocrx_word' id='word_1_80' title='bbox 551 1492 769 1573; x_wconf 89' lang='lat' dir='ltr'>adjacentibus</span> <span class='ocrx_word' id='word_1_81' title='bbox 802 1490 834 1551; x_wconf 87' lang='lat' dir='ltr'>in</span> <span class='ocrx_word' id='word_1_82' title='bbox 866 1491 990 1552; x_wconf 88' lang='lat' dir='ltr'>civitate</span> <span class='ocrx_word' id='word_1_83' title='bbox 1023 1491 1163 1572; x_wconf 89' lang='lat' dir='ltr'>predicta</span> <span class='ocrx_word' id='word_1_84' title='bbox 1195 1490 1280 1572; x_wconf 87' lang='lat' dir='ltr'>juxta</span> <span class='ocrx_word' id='word_1_85' title='bbox 1312 1505 1460 1556; x_wconf 87' lang='lat' dir='ltr'>contenta</span> <span class='ocrx_word' id='word_1_86' title='bbox 1492 1493 1654 1553; x_wconf 89' lang='lat' dir='ltr'>literarum</span> 
     </span>
     <span class='ocr_line' id='line_1_10' title="bbox 393 1596 1653 1680; baseline 0 -22"><span class='ocrx_word' id='word_1_87' title='bbox 393 1598 641 1680; x_wconf 91' lang='lat' dir='ltr'>privilegialium</span> <span class='ocrx_word' id='word_1_88' title='bbox 667 1597 803 1658; x_wconf 90' lang='lat' dir='ltr'>civitatis</span> <span class='ocrx_word' id='word_1_89' title='bbox 819 1596 961 1678; x_wconf 81' lang='lat' dir='ltr'>predicte</span> <span class='ocrx_word' id='word_1_90' title='bbox 978 1617 1035 1678; x_wconf 94' lang='lat' dir='ltr'>pro</span> <span class='ocrx_word' id='word_1_91' title='bbox 1058 1609 1145 1678; x_wconf 90' lang='lat' dir='ltr'>parte</span> <span class='ocrx_word' id='word_1_92' title='bbox 1163 1598 1211 1658; x_wconf 90' lang='lat' dir='ltr'>sui</span> <span class='ocrx_word' id='word_1_93' title='bbox 1228 1598 1398 1678; x_wconf 85' lang='lat' dir='ltr'>superinde</span> <span class='ocrx_word' id='word_1_94' title='bbox 1423 1596 1653 1676; x_wconf 85' lang='lat' dir='ltr'>confectarum,</span> 
     </span>
     <span class='ocr_line' id='line_1_11' title="bbox 397 1703 1656 1787; baseline -0.001 -21"><span class='ocrx_word' id='word_1_95' title='bbox 397 1705 501 1782; x_wconf 91' lang='lat' dir='ltr'>sitam,</span> <span class='ocrx_word' id='word_1_96' title='bbox 526 1703 666 1766; x_wconf 87' lang='lat' dir='ltr'>habitam</span> <span class='ocrx_word' id='word_1_97' title='bbox 692 1717 723 1765; x_wconf 90' lang='lat' dir='ltr'>et</span> <span class='ocrx_word' id='word_1_98' title='bbox 751 1703 950 1781; x_wconf 83' lang='lat' dir='ltr'>existentem,</span> <span class='ocrx_word' id='word_1_99' title='bbox 982 1722 1053 1764; x_wconf 92' lang='lat' dir='ltr'>cum</span> <span class='ocrx_word' id='word_1_100' title='bbox 1085 1703 1150 1764; x_wconf 91' lang='lat' dir='ltr'>suis</span> <span class='ocrx_word' id='word_1_101' title='bbox 1175 1703 1365 1766; x_wconf 81' lang='lat' dir='ltr'>utilitatibus</span> <span class='ocrx_word' id='word_1_102' title='bbox 1397 1719 1427 1766; x_wconf 92' lang='lat' dir='ltr'>et</span> <span class='ocrx_word' id='word_1_103' title='bbox 1451 1705 1656 1787; x_wconf 85' lang='lat' dir='ltr'>pertinenciis</span> 
     </span>
     <span class='ocr_line' id='line_1_12' title="bbox 396 1807 1656 1893; baseline 0 -21"><span class='ocrx_word' id='word_1_104' title='bbox 396 1811 553 1872; x_wconf 86' lang='lat' dir='ltr'>universis</span> <span class='ocrx_word' id='word_1_105' title='bbox 576 1810 713 1892; x_wconf 93' lang='lat' dir='ltr'>provido</span> <span class='ocrx_word' id='word_1_106' title='bbox 739 1823 769 1872; x_wconf 90' lang='lat' dir='ltr'>et</span> <span class='ocrx_word' id='word_1_107' title='bbox 796 1809 933 1872; x_wconf 90' lang='lat' dir='ltr'>honesto</span> <span class='ocrx_word' id='word_1_108' title='bbox 964 1809 1032 1870; x_wconf 94' lang='lat' dir='ltr'>viro</span> <span class='ocrx_word' id='word_1_109' title='bbox 1066 1809 1172 1870; x_wconf 81' lang='lat' dir='ltr'>Blasio</span> <span class='ocrx_word' id='word_1_110' title='bbox 1196 1807 1293 1890; x_wconf 86' lang='lat' dir='ltr'>judici</span> <span class='ocrx_word' id='word_1_111' title='bbox 1326 1810 1393 1872; x_wconf 90' lang='lat' dir='ltr'>filio</span> <span class='ocrx_word' id='word_1_112' title='bbox 1418 1812 1508 1874; x_wconf 87' lang='lat' dir='ltr'>Pauli</span> <span class='ocrx_word' id='word_1_113' title='bbox 1533 1832 1568 1872; x_wconf 89' lang='lat' dir='ltr'>ac</span> <span class='ocrx_word' id='word_1_114' title='bbox 1599 1831 1656 1893; x_wconf 93' lang='lat' dir='ltr'>per</span> 
     </span>
     <span class='ocr_line' id='line_1_13' title="bbox 395 1915 1655 1998; baseline 0 -20"><span class='ocrx_word' id='word_1_115' title='bbox 395 1937 467 1978; x_wconf 91' lang='lat' dir='ltr'>eum</span> <span class='ocrx_word' id='word_1_116' title='bbox 492 1917 558 1978; x_wconf 94' lang='lat' dir='ltr'>suis</span> <span class='ocrx_word' id='word_1_117' title='bbox 582 1917 753 1978; x_wconf 88' lang='lat' dir='ltr'>heredibus</span> <span class='ocrx_word' id='word_1_118' title='bbox 778 1916 885 1998; x_wconf 88' lang='lat' dir='ltr'>(simul</span> <span class='ocrx_word' id='word_1_119' title='bbox 903 1915 988 1996; x_wconf 88' lang='lat' dir='ltr'>cum)</span> <span class='ocrx_word' id='word_1_120' title='bbox 1013 1915 1112 1976; x_wconf 86' lang='lat' dir='ltr'>domo</span> <span class='ocrx_word' id='word_1_121' title='bbox 1138 1929 1260 1978; x_wconf 88' lang='lat' dir='ltr'>murata</span> <span class='ocrx_word' id='word_1_122' title='bbox 1277 1917 1423 1979; x_wconf 88' lang='lat' dir='ltr'>similiter</span> <span class='ocrx_word' id='word_1_123' title='bbox 1447 1931 1478 1979; x_wconf 90' lang='lat' dir='ltr'>et</span> <span class='ocrx_word' id='word_1_124' title='bbox 1501 1917 1602 1980; x_wconf 83' lang='lat' dir='ltr'>fundo</span> <span class='ocrx_word' id='word_1_125' title='bbox 1620 1938 1655 1979; x_wconf 91' lang='lat' dir='ltr'>ac</span> 
     </span>
     <span class='ocr_line' id='line_1_14' title="bbox 395 2022 1656 2106; baseline 0.002 -22"><span class='ocrx_word' id='word_1_126' title='bbox 395 2023 550 2085; x_wconf 84' lang='lat' dir='ltr'>hedificiis</span> <span class='ocrx_word' id='word_1_127' title='bbox 574 2024 605 2084; x_wconf 92' lang='lat' dir='ltr'>in</span> <span class='ocrx_word' id='word_1_128' title='bbox 632 2023 743 2084; x_wconf 87' lang='lat' dir='ltr'>eadem</span> <span class='ocrx_word' id='word_1_129' title='bbox 777 2023 903 2084; x_wconf 90' lang='lat' dir='ltr'>civitate</span> <span class='ocrx_word' id='word_1_130' title='bbox 935 2022 1042 2083; x_wconf 88' lang='lat' dir='ltr'>habita</span> <span class='ocrx_word' id='word_1_131' title='bbox 1075 2036 1106 2084; x_wconf 91' lang='lat' dir='ltr'>et</span> <span class='ocrx_word' id='word_1_132' title='bbox 1136 2023 1299 2102; x_wconf 86' lang='lat' dir='ltr'>existente,</span> <span class='ocrx_word' id='word_1_133' title='bbox 1331 2045 1366 2085; x_wconf 89' lang='lat' dir='ltr'>ac</span> <span class='ocrx_word' id='word_1_134' title='bbox 1399 2045 1456 2106; x_wconf 93' lang='lat' dir='ltr'>pro</span> <span class='ocrx_word' id='word_1_135' title='bbox 1481 2026 1591 2088; x_wconf 89' lang='lat' dir='ltr'>decem</span> <span class='ocrx_word' id='word_1_136' title='bbox 1625 2040 1656 2087; x_wconf 90' lang='lat' dir='ltr'>et</span> 
     </span>
     <span class='ocr_line' id='line_1_15' title="bbox 394 2128 1656 2211; baseline 0.002 -20"><span class='ocrx_word' id='word_1_137' title='bbox 394 2149 510 2192; x_wconf 88' lang='lat' dir='ltr'>novem</span> <span class='ocrx_word' id='word_1_138' title='bbox 535 2129 604 2190; x_wconf 90' lang='lat' dir='ltr'>flor.</span> <span class='ocrx_word' id='word_1_139' title='bbox 629 2129 697 2190; x_wconf 87' lang='lat' dir='ltr'>auri</span> <span class='ocrx_word' id='word_1_140' title='bbox 722 2148 777 2211; x_wconf 91' lang='lat' dir='ltr'>per</span> <span class='ocrx_word' id='word_1_141' title='bbox 808 2128 942 2190; x_wconf 89' lang='lat' dir='ltr'>modum</span> <span class='ocrx_word' id='word_1_142' title='bbox 973 2129 1225 2210; x_wconf 89' lang='lat' dir='ltr'>permutacionis</span> <span class='ocrx_word' id='word_1_143' title='bbox 1252 2144 1283 2192; x_wconf 87' lang='lat' dir='ltr'>et</span> <span class='ocrx_word' id='word_1_144' title='bbox 1315 2133 1494 2192; x_wconf 82' lang='lat' dir='ltr'>concambii</span> <span class='ocrx_word' id='word_1_145' title='bbox 1518 2132 1656 2194; x_wconf 91' lang='lat' dir='ltr'>dedisset</span> 
     </span>
     <span class='ocr_line' id='line_1_16' title="bbox 394 2233 1655 2320; baseline 0.001 -22"><span class='ocrx_word' id='word_1_146' title='bbox 394 2249 551 2320; x_wconf 90' lang='lat' dir='ltr'>perpetuo</span> <span class='ocrx_word' id='word_1_147' title='bbox 568 2235 806 2318; x_wconf 90' lang='lat' dir='ltr'>possidendam,</span> <span class='ocrx_word' id='word_1_148' title='bbox 831 2255 893 2317; x_wconf 92' lang='lat' dir='ltr'>que</span> <span class='ocrx_word' id='word_1_149' title='bbox 911 2233 1006 2296; x_wconf 88' lang='lat' dir='ltr'>fassio</span> <span class='ocrx_word' id='word_1_150' title='bbox 1031 2235 1129 2317; x_wconf 91' lang='lat' dir='ltr'>ipsius</span> <span class='ocrx_word' id='word_1_151' title='bbox 1154 2235 1268 2297; x_wconf 90' lang='lat' dir='ltr'>Vrsule</span> <span class='ocrx_word' id='word_1_152' title='bbox 1292 2237 1436 2298; x_wconf 89' lang='lat' dir='ltr'>mulieris</span> <span class='ocrx_word' id='word_1_153' title='bbox 1453 2257 1560 2299; x_wconf 89' lang='lat' dir='ltr'>eoram</span> <span class='ocrx_word' id='word_1_154' title='bbox 1585 2239 1655 2320; x_wconf 93' lang='lat' dir='ltr'>ipso</span> 
     </span>
     <span class='ocr_line' id='line_1_17' title="bbox 394 2341 1655 2427; baseline 0.001 -22"><span class='ocrx_word' id='word_1_155' title='bbox 394 2343 570 2405; x_wconf 89' lang='lat' dir='ltr'>Benedicto</span> <span class='ocrx_word' id='word_1_156' title='bbox 586 2343 692 2425; x_wconf 88' lang='lat' dir='ltr'>judice</span> <span class='ocrx_word' id='word_1_157' title='bbox 708 2342 806 2404; x_wconf 88' lang='lat' dir='ltr'>modo</span> <span class='ocrx_word' id='word_1_158' title='bbox 831 2343 985 2424; x_wconf 88' lang='lat' dir='ltr'>premisso</span> <span class='ocrx_word' id='word_1_159' title='bbox 1005 2341 1086 2404; x_wconf 82' lang='lat' dir='ltr'>facta</span> <span class='ocrx_word' id='word_1_160' title='bbox 1104 2343 1195 2404; x_wconf 92' lang='lat' dir='ltr'>nullo</span> <span class='ocrx_word' id='word_1_161' title='bbox 1214 2345 1312 2406; x_wconf 91' lang='lat' dir='ltr'>modo</span> <span class='ocrx_word' id='word_1_162' title='bbox 1326 2359 1430 2427; x_wconf 87' lang='lat' dir='ltr'>potest</span> <span class='ocrx_word' id='word_1_163' title='bbox 1447 2347 1599 2424; x_wconf 83' lang='lat' dir='ltr'>revocari,</span> <span class='ocrx_word' id='word_1_164' title='bbox 1624 2360 1655 2406; x_wconf 90' lang='lat' dir='ltr'>et</span> 
     </span>
     <span class='ocr_line' id='line_1_18' title="bbox 395 2447 1656 2534; baseline 0.002 -23"><span class='ocrx_word' id='word_1_165' title='bbox 395 2450 470 2531; x_wconf 88' lang='lat' dir='ltr'>quia</span> <span class='ocrx_word' id='word_1_166' title='bbox 503 2449 603 2511; x_wconf 87' lang='lat' dir='ltr'>eciam</span> <span class='ocrx_word' id='word_1_167' title='bbox 636 2448 790 2510; x_wconf 89' lang='lat' dir='ltr'>Nicolaus</span> <span class='ocrx_word' id='word_1_168' title='bbox 821 2447 917 2530; x_wconf 85' lang='lat' dir='ltr'>judex</span> <span class='ocrx_word' id='word_1_169' title='bbox 948 2447 1032 2510; x_wconf 89' lang='lat' dir='ltr'>filius</span> <span class='ocrx_word' id='word_1_170' title='bbox 1064 2450 1147 2511; x_wconf 87' lang='lat' dir='ltr'>Petri</span> <span class='ocrx_word' id='word_1_171' title='bbox 1173 2469 1279 2512; x_wconf 91' lang='lat' dir='ltr'>coram</span> <span class='ocrx_word' id='word_1_172' title='bbox 1310 2451 1416 2531; x_wconf 80' lang='lat' dir='ltr'>iudice</span> <span class='ocrx_word' id='word_1_173' title='bbox 1447 2452 1591 2534; x_wconf 90' lang='lat' dir='ltr'>predicto</span> <span class='ocrx_word' id='word_1_174' title='bbox 1625 2466 1656 2514; x_wconf 88' lang='lat' dir='ltr'>et</span> 
     </span>
     <span class='ocr_line' id='line_1_19' title="bbox 396 2554 1655 2640; baseline 0.002 -22"><span class='ocrx_word' id='word_1_175' title='bbox 396 2575 505 2618; x_wconf 87' lang='lat' dir='ltr'>coram</span> <span class='ocrx_word' id='word_1_176' title='bbox 530 2555 600 2616; x_wconf 86' lang='lat' dir='ltr'>aliis</span> <span class='ocrx_word' id='word_1_177' title='bbox 616 2555 796 2616; x_wconf 87' lang='lat' dir='ltr'>senioribus</span> <span class='ocrx_word' id='word_1_178' title='bbox 819 2554 980 2636; x_wconf 87' lang='lat' dir='ltr'>judicibus</span> <span class='ocrx_word' id='word_1_179' title='bbox 996 2557 1207 2618; x_wconf 88' lang='lat' dir='ltr'>assessoribus</span> <span class='ocrx_word' id='word_1_180' title='bbox 1227 2557 1347 2618; x_wconf 89' lang='lat' dir='ltr'>scilicet</span> <span class='ocrx_word' id='word_1_181' title='bbox 1364 2558 1463 2640; x_wconf 90' lang='lat' dir='ltr'>ipsius</span> <span class='ocrx_word' id='word_1_182' title='bbox 1490 2559 1655 2621; x_wconf 89' lang='lat' dir='ltr'>Benedicti</span> 
     </span>
     <span class='ocr_line' id='line_1_20' title="bbox 397 2661 1654 2744; baseline 0.002 -21"><span class='ocrx_word' id='word_1_183' title='bbox 397 2662 523 2744; x_wconf 88' lang='lat' dir='ltr'>judicis,</span> <span class='ocrx_word' id='word_1_184' title='bbox 547 2661 621 2722; x_wconf 91' lang='lat' dir='ltr'>huic</span> <span class='ocrx_word' id='word_1_185' title='bbox 649 2661 838 2724; x_wconf 87' lang='lat' dir='ltr'>concambio</span> <span class='ocrx_word' id='word_1_186' title='bbox 863 2675 893 2723; x_wconf 90' lang='lat' dir='ltr'>et</span> <span class='ocrx_word' id='word_1_187' title='bbox 916 2663 1148 2744; x_wconf 74' lang='lat' dir='ltr'>permutationi</span> <span class='ocrx_word' id='word_1_188' title='bbox 1170 2665 1322 2744; x_wconf 89' lang='lat' dir='ltr'>premisse</span> <span class='ocrx_word' id='word_1_189' title='bbox 1347 2683 1440 2726; x_wconf 89' lang='lat' dir='ltr'>suurn</span> <span class='ocrx_word' id='word_1_190' title='bbox 1466 2664 1654 2726; x_wconf 87' lang='lat' dir='ltr'>benivolum</span> 
     </span>
     <span class='ocr_line' id='line_1_21' title="bbox 395 2768 1657 2852; baseline 0.001 -23"><span class='ocrx_word' id='word_1_191' title='bbox 395 2769 469 2829; x_wconf 91' lang='lat' dir='ltr'>bina</span> <span class='ocrx_word' id='word_1_192' title='bbox 494 2768 562 2829; x_wconf 92' lang='lat' dir='ltr'>vice</span> <span class='ocrx_word' id='word_1_193' title='bbox 586 2769 713 2849; x_wconf 89' lang='lat' dir='ltr'>prebuit</span> <span class='ocrx_word' id='word_1_194' title='bbox 737 2787 940 2846; x_wconf 90' lang='lat' dir='ltr'>consensum,</span> <span class='ocrx_word' id='word_1_195' title='bbox 968 2769 1106 2850; x_wconf 91' lang='lat' dir='ltr'>ideoque</span> <span class='ocrx_word' id='word_1_196' title='bbox 1131 2769 1274 2850; x_wconf 89' lang='lat' dir='ltr'>predicto</span> <span class='ocrx_word' id='word_1_197' title='bbox 1307 2768 1415 2832; x_wconf 89' lang='lat' dir='ltr'>Blasio</span> <span class='ocrx_word' id='word_1_198' title='bbox 1440 2769 1538 2850; x_wconf 89' lang='lat' dir='ltr'>judici</span> <span class='ocrx_word' id='word_1_199' title='bbox 1563 2789 1657 2852; x_wconf 88' lang='lat' dir='ltr'>super</span> 
     </span>
     <span class='ocr_line' id='line_1_22' title="bbox 396 2874 1656 2958; baseline 0.002 -22"><span class='ocrx_word' id='word_1_200' title='bbox 396 2875 510 2936; x_wconf 90' lang='lat' dir='ltr'>eodem</span> <span class='ocrx_word' id='word_1_201' title='bbox 543 2875 732 2936; x_wconf 90' lang='lat' dir='ltr'>concambio</span> <span class='ocrx_word' id='word_1_202' title='bbox 766 2874 861 2936; x_wconf 88' lang='lat' dir='ltr'>debet</span> <span class='ocrx_word' id='word_1_203' title='bbox 892 2875 958 2935; x_wconf 90' lang='lat' dir='ltr'>dari</span> <span class='ocrx_word' id='word_1_204' title='bbox 996 2889 1026 2936; x_wconf 92' lang='lat' dir='ltr'>et</span> <span class='ocrx_word' id='word_1_205' title='bbox 1057 2877 1198 2936; x_wconf 89' lang='lat' dir='ltr'>emanari</span> <span class='ocrx_word' id='word_1_206' title='bbox 1231 2876 1321 2936; x_wconf 86' lang='lat' dir='ltr'>litera</span> <span class='ocrx_word' id='word_1_207' title='bbox 1353 2876 1560 2958; x_wconf 89' lang='lat' dir='ltr'>privilegialis</span> <span class='ocrx_word' id='word_1_208' title='bbox 1593 2896 1656 2958; x_wconf 85' lang='lat' dir='ltr'>qua</span> 
     </span>
     <span class='ocr_line' id='line_1_23' title="bbox 396 2981 1655 3062; baseline 0.002 -20"><span class='ocrx_word' id='word_1_209' title='bbox 396 2981 559 3043; x_wconf 86' lang='lat' dir='ltr'>mediante</span> <span class='ocrx_word' id='word_1_210' title='bbox 584 2981 650 3062; x_wconf 89' lang='lat' dir='ltr'>ipse</span> <span class='ocrx_word' id='word_1_211' title='bbox 682 2981 857 3062; x_wconf 86' lang='lat' dir='ltr'>predictam</span> <span class='ocrx_word' id='word_1_212' title='bbox 890 2981 1022 3042; x_wconf 91' lang='lat' dir='ltr'>domum</span> <span class='ocrx_word' id='word_1_213' title='bbox 1055 2995 1214 3043; x_wconf 89' lang='lat' dir='ltr'>muratam</span> <span class='ocrx_word' id='word_1_214' title='bbox 1241 2996 1273 3044; x_wconf 90' lang='lat' dir='ltr'>et</span> <span class='ocrx_word' id='word_1_215' title='bbox 1304 2981 1423 3044; x_wconf 90' lang='lat' dir='ltr'>fundos</span> <span class='ocrx_word' id='word_1_216' title='bbox 1447 3003 1483 3045; x_wconf 88' lang='lat' dir='ltr'>ac</span> <span class='ocrx_word' id='word_1_217' title='bbox 1507 2982 1655 3046; x_wconf 88' lang='lat' dir='ltr'>hedificia</span> 
     </span>
     <span class='ocr_line' id='line_1_24' title="bbox 397 3086 1657 3169; baseline 0.002 -20"><span class='ocrx_word' id='word_1_218' title='bbox 397 3088 496 3169; x_wconf 88' lang='lat' dir='ltr'>ipsius</span> <span class='ocrx_word' id='word_1_219' title='bbox 520 3087 634 3149; x_wconf 89' lang='lat' dir='ltr'>Vrsule</span> <span class='ocrx_word' id='word_1_220' title='bbox 659 3087 802 3148; x_wconf 88' lang='lat' dir='ltr'>mulieris</span> <span class='ocrx_word' id='word_1_221' title='bbox 830 3087 914 3169; x_wconf 81' lang='lat' dir='ltr'>juxta</span> <span class='ocrx_word' id='word_1_222' title='bbox 946 3087 1121 3169; x_wconf 87' lang='lat' dir='ltr'>predictam</span> <span class='ocrx_word' id='word_1_223' title='bbox 1154 3086 1326 3150; x_wconf 76' lang='lat' dir='ltr'>laesionem</span> <span class='ocrx_word' id='word_1_224' title='bbox 1358 3109 1448 3150; x_wconf 88' lang='lat' dir='ltr'>suam</span> <span class='ocrx_word' id='word_1_225' title='bbox 1472 3091 1532 3152; x_wconf 87' lang='lat' dir='ltr'>sibi</span> <span class='ocrx_word' id='word_1_226' title='bbox 1558 3090 1657 3152; x_wconf 91' lang='lat' dir='ltr'>modo</span> 
     </span>
     <span class='ocr_line' id='line_1_25' title="bbox 395 3192 1656 3278; baseline 0.003 -24"><span class='ocrx_word' id='word_1_227' title='bbox 395 3195 552 3278; x_wconf 87' lang='lat' dir='ltr'>premisso</span> <span class='ocrx_word' id='word_1_228' title='bbox 576 3192 692 3254; x_wconf 82' lang='lat' dir='ltr'>iactam</span> <span class='ocrx_word' id='word_1_229' title='bbox 717 3194 821 3255; x_wconf 87' lang='lat' dir='ltr'>valeat</span> <span class='ocrx_word' id='word_1_230' title='bbox 844 3194 960 3255; x_wconf 88' lang='lat' dir='ltr'>habere</span> <span class='ocrx_word' id='word_1_231' title='bbox 985 3194 1052 3276; x_wconf 85' lang='lat' dir='ltr'>jure</span> <span class='ocrx_word' id='word_1_232' title='bbox 1083 3209 1239 3276; x_wconf 88' lang='lat' dir='ltr'>perpetuo</span> <span class='ocrx_word' id='word_1_233' title='bbox 1271 3195 1498 3278; x_wconf 84' lang='lat' dir='ltr'>possidendam</span> <span class='ocrx_word' id='word_1_234' title='bbox 1523 3209 1553 3257; x_wconf 88' lang='lat' dir='ltr'>et</span> <span class='ocrx_word' id='word_1_235' title='bbox 1577 3215 1656 3278; x_wconf 93' lang='lat' dir='ltr'>quo·</span> 
     </span>
     <span class='ocr_line' id='line_1_26' title="bbox 396 3299 1656 3384; baseline 0.002 -22"><span class='ocrx_word' id='word_1_236' title='bbox 396 3300 636 3382; x_wconf 87' lang='lat' dir='ltr'>modocutnque</span> <span class='ocrx_word' id='word_1_237' title='bbox 660 3299 798 3360; x_wconf 90' lang='lat' dir='ltr'>voluerit</span> <span class='ocrx_word' id='word_1_238' title='bbox 822 3301 1056 3382; x_wconf 89' lang='lat' dir='ltr'>disponendam</span> <span class='ocrx_word' id='word_1_239' title='bbox 1073 3300 1158 3380; x_wconf 85' lang='lat' dir='ltr'>juxta</span> <span class='ocrx_word' id='word_1_240' title='bbox 1176 3303 1400 3363; x_wconf 88' lang='lat' dir='ltr'>condicionem</span> <span class='ocrx_word' id='word_1_241' title='bbox 1425 3303 1561 3364; x_wconf 90' lang='lat' dir='ltr'>civitatis</span> <span class='ocrx_word' id='word_1_242' title='bbox 1585 3322 1656 3384; x_wconf 89' lang='lat' dir='ltr'>pre-</span> 
     </span>
     <span class='ocr_line' id='line_1_27' title="bbox 397 3406 1656 3490; baseline 0.002 -22"><span class='ocrx_word' id='word_1_243' title='bbox 397 3407 480 3468; x_wconf 91' lang='lat' dir='ltr'>dicte</span> <span class='ocrx_word' id='word_1_244' title='bbox 505 3407 545 3468; x_wconf 92' lang='lat' dir='ltr'>ab</span> <span class='ocrx_word' id='word_1_245' title='bbox 569 3407 702 3487; x_wconf 90' lang='lat' dir='ltr'>antiquo</span> <span class='ocrx_word' id='word_1_246' title='bbox 727 3408 936 3488; x_wconf 85' lang='lat' dir='ltr'>approbatam</span> <span class='ocrx_word' id='word_1_247' title='bbox 960 3406 1044 3488; x_wconf 85' lang='lat' dir='ltr'>juxta</span> <span class='ocrx_word' id='word_1_248' title='bbox 1077 3407 1353 3487; x_wconf 89' lang='lat' dir='ltr'>adjudicacionem</span> <span class='ocrx_word' id='word_1_249' title='bbox 1384 3408 1560 3490; x_wconf 89' lang='lat' dir='ltr'>juratorum</span> <span class='ocrx_word' id='word_1_250' title='bbox 1586 3427 1656 3490; x_wconf 89' lang='lat' dir='ltr'>pre·</span> 
     </span>
     <span class='ocr_line' id='line_1_28' title="bbox 396 3511 1172 3595; baseline 0.003 -21"><span class='ocrx_word' id='word_1_251' title='bbox 396 3513 554 3575; x_wconf 90' lang='lat' dir='ltr'>dictorum</span> <span class='ocrx_word' id='word_1_252' title='bbox 578 3526 674 3594; x_wconf 90' lang='lat' dir='ltr'>prout</span> <span class='ocrx_word' id='word_1_253' title='bbox 698 3513 757 3594; x_wconf 88' lang='lat' dir='ltr'>ipsi</span> <span class='ocrx_word' id='word_1_254' title='bbox 781 3511 874 3594; x_wconf 86' lang='lat' dir='ltr'>jurati</span> <span class='ocrx_word' id='word_1_255' title='bbox 899 3513 1172 3595; x_wconf 87' lang='lat' dir='ltr'>adjudicaverunt.</span> 
     </span>
    </p>
   </div>
   <div class='ocr_carea' id='block_1_3' title="bbox 396 3654 1658 5014">
    <p class='ocr_par' dir='ltr' id='par_1_3' title="bbox 396 3654 1658 5014">
     <span class='ocr_line' id='line_1_29' title="bbox 502 3654 1655 3738; baseline 0.003 -23"><span class='ocrx_word' id='word_1_256' title='bbox 502 3655 580 3716; x_wconf 89' lang='lat' dir='ltr'>ltem</span> <span class='ocrx_word' id='word_1_257' title='bbox 605 3655 681 3735; x_wconf 90' lang='lat' dir='ltr'>quia</span> <span class='ocrx_word' id='word_1_258' title='bbox 704 3656 806 3716; x_wconf 90' lang='lat' dir='ltr'>Lucas</span> <span class='ocrx_word' id='word_1_259' title='bbox 829 3654 914 3716; x_wconf 87' lang='lat' dir='ltr'>filius</span> <span class='ocrx_word' id='word_1_260' title='bbox 939 3656 1022 3716; x_wconf 90' lang='lat' dir='ltr'>Petri</span> <span class='ocrx_word' id='word_1_261' title='bbox 1047 3657 1234 3738; x_wconf 88' lang='lat' dir='ltr'>carpentarii</span> <span class='ocrx_word' id='word_1_262' title='bbox 1261 3657 1414 3718; x_wconf 87' lang='lat' dir='ltr'>Mathiam</span> <span class='ocrx_word' id='word_1_263' title='bbox 1439 3657 1577 3737; x_wconf 87' lang='lat' dir='ltr'>juratum</span> <span class='ocrx_word' id='word_1_264' title='bbox 1601 3676 1655 3738; x_wconf 93' lang='lat' dir='ltr'>ge·</span> 
     </span>
     <span class='ocr_line' id='line_1_30' title="bbox 396 3761 1656 3846; baseline -0.001 -21"><span class='ocrx_word' id='word_1_265' title='bbox 396 3782 509 3825; x_wconf 91' lang='lat' dir='ltr'>nerum</span> <span class='ocrx_word' id='word_1_266' title='bbox 536 3761 687 3845; x_wconf 88' lang='lat' dir='ltr'>Stephani</span> <span class='ocrx_word' id='word_1_267' title='bbox 713 3762 870 3823; x_wconf 89' lang='lat' dir='ltr'>Rakarich</span> <span class='ocrx_word' id='word_1_268' title='bbox 895 3763 999 3824; x_wconf 86' lang='lat' dir='ltr'>taliter</span> <span class='ocrx_word' id='word_1_269' title='bbox 1027 3763 1160 3845; x_wconf 90' lang='lat' dir='ltr'>turpiter</span> <span class='ocrx_word' id='word_1_270' title='bbox 1192 3764 1385 3846; x_wconf 89' lang='lat' dir='ltr'>vituperavit</span> <span class='ocrx_word' id='word_1_271' title='bbox 1417 3763 1537 3842; x_wconf 89' lang='lat' dir='ltr'>dicens,</span> <span class='ocrx_word' id='word_1_272' title='bbox 1569 3764 1656 3846; x_wconf 93' lang='lat' dir='ltr'>quod</span> 
     </span>
     <span class='ocr_line' id='line_1_31' title="bbox 397 3861 1658 3952; baseline 0.001 -21"><span class='ocrx_word' id='word_1_273' title='bbox 397 3871 464 3952; x_wconf 90' lang='lat' dir='ltr'>ipse</span> <span class='ocrx_word' id='word_1_274' title='bbox 496 3881 578 3930; x_wconf 90' lang='lat' dir='ltr'>esset</span> <span class='ocrx_word' id='word_1_275' title='bbox 606 3887 664 3949; x_wconf 93' lang='lat' dir='ltr'>pro</span> <span class='ocrx_word' id='word_1_276' title='bbox 697 3867 868 3930; x_wconf 88' lang='lat' dir='ltr'>duodecim</span> <span class='ocrx_word' id='word_1_277' title='bbox 901 3869 1040 3931; x_wconf 88' lang='lat' dir='ltr'>denariis</span> <span class='ocrx_word' id='word_1_278' title='bbox 1071 3871 1265 3952; x_wconf 92' lang='lat' dir='ltr'>proscriptus</span> <span class='ocrx_word' id='word_1_279' title='bbox 1294 3871 1325 3930; x_wconf 93' lang='lat' dir='ltr'>in</span> <span class='ocrx_word' id='word_1_280' title='bbox 1359 3861 1537 3949; x_wconf 79' lang='lat' dir='ltr'>laternum,</span> <span class='ocrx_word' id='word_1_281' title='bbox 1569 3871 1658 3952; x_wconf 93' lang='lat' dir='ltr'>quod</span> 
     </span>
     <span class='ocr_line' id='line_1_32' title="bbox 396 3974 1657 4059; baseline 0 -21"><span class='ocrx_word' id='word_1_282' title='bbox 396 3976 590 4058; x_wconf 86' lang='lat' dir='ltr'>vituperium</span> <span class='ocrx_word' id='word_1_283' title='bbox 615 3975 682 4057; x_wconf 90' lang='lat' dir='ltr'>ipse</span> <span class='ocrx_word' id='word_1_284' title='bbox 708 3974 843 4036; x_wconf 87' lang='lat' dir='ltr'>Mathias</span> <span class='ocrx_word' id='word_1_285' title='bbox 867 3975 987 4056; x_wconf 83' lang='lat' dir='ltr'>juratus</span> <span class='ocrx_word' id='word_1_286' title='bbox 1019 3996 1113 4057; x_wconf 92' lang='lat' dir='ltr'>super</span> <span class='ocrx_word' id='word_1_287' title='bbox 1137 3977 1242 4058; x_wconf 91' lang='lat' dir='ltr'>ipsum</span> <span class='ocrx_word' id='word_1_288' title='bbox 1274 3997 1330 4058; x_wconf 87' lang='lat' dir='ltr'>per</span> <span class='ocrx_word' id='word_1_289' title='bbox 1353 3975 1511 4059; x_wconf 86' lang='lat' dir='ltr'>prelatum</span> <span class='ocrx_word' id='word_1_290' title='bbox 1537 3977 1657 4038; x_wconf 90' lang='lat' dir='ltr'>Lucam</span> 
     </span>
     <span class='ocr_line' id='line_1_33' title="bbox 396 4080 1657 4165; baseline -0.001 -21"><span class='ocrx_word' id='word_1_291' title='bbox 396 4095 613 4165; x_wconf 89' lang='lat' dir='ltr'>perpetratum</span> <span class='ocrx_word' id='word_1_292' title='bbox 637 4080 706 4142; x_wconf 88' lang='lat' dir='ltr'>fore</span> <span class='ocrx_word' id='word_1_293' title='bbox 731 4101 803 4143; x_wconf 89' lang='lat' dir='ltr'>cum</span> <span class='ocrx_word' id='word_1_294' title='bbox 829 4080 997 4142; x_wconf 86' lang='lat' dir='ltr'>sufficienti</span> <span class='ocrx_word' id='word_1_295' title='bbox 1030 4083 1215 4144; x_wconf 91' lang='lat' dir='ltr'>testimonio</span> <span class='ocrx_word' id='word_1_296' title='bbox 1247 4103 1353 4144; x_wconf 90' lang='lat' dir='ltr'>coram</span> <span class='ocrx_word' id='word_1_297' title='bbox 1378 4083 1488 4164; x_wconf 87' lang='lat' dir='ltr'>juratis</span> <span class='ocrx_word' id='word_1_298' title='bbox 1511 4103 1657 4164; x_wconf 90' lang='lat' dir='ltr'>compro-</span> 
     </span>
     <span class='ocr_line' id='line_1_34' title="bbox 397 4187 1657 4270; baseline 0 -20"><span class='ocrx_word' id='word_1_299' title='bbox 397 4189 494 4266; x_wconf 87' lang='lat' dir='ltr'>bavit,</span> <span class='ocrx_word' id='word_1_300' title='bbox 518 4201 549 4249; x_wconf 89' lang='lat' dir='ltr'>et</span> <span class='ocrx_word' id='word_1_301' title='bbox 574 4187 648 4269; x_wconf 92' lang='lat' dir='ltr'>quia</span> <span class='ocrx_word' id='word_1_302' title='bbox 675 4187 705 4248; x_wconf 95' lang='lat' dir='ltr'>id</span> <span class='ocrx_word' id='word_1_303' title='bbox 732 4207 796 4248; x_wconf 93' lang='lat' dir='ltr'>non</span> <span class='ocrx_word' id='word_1_304' title='bbox 821 4187 925 4268; x_wconf 91' lang='lat' dir='ltr'>potuit</span> <span class='ocrx_word' id='word_1_305' title='bbox 956 4189 1109 4270; x_wconf 90' lang='lat' dir='ltr'>repperiri</span> <span class='ocrx_word' id='word_1_306' title='bbox 1139 4189 1170 4250; x_wconf 90' lang='lat' dir='ltr'>in</span> <span class='ocrx_word' id='word_1_307' title='bbox 1204 4192 1334 4250; x_wconf 88' lang='lat' dir='ltr'>katerno</span> <span class='ocrx_word' id='word_1_308' title='bbox 1359 4203 1469 4250; x_wconf 89' lang='lat' dir='ltr'>nostro</span> <span class='ocrx_word' id='word_1_309' title='bbox 1493 4189 1657 4250; x_wconf 88' lang='lat' dir='ltr'>communi</span> 
     </span>
     <span class='ocr_line' id='line_1_35' title="bbox 397 4293 1657 4376; baseline 0.002 -22"><span class='ocrx_word' id='word_1_310' title='bbox 397 4295 484 4376; x_wconf 90' lang='lat' dir='ltr'>quod</span> <span class='ocrx_word' id='word_1_311' title='bbox 510 4295 577 4375; x_wconf 90' lang='lat' dir='ltr'>ipse</span> <span class='ocrx_word' id='word_1_312' title='bbox 602 4294 748 4376; x_wconf 90' lang='lat' dir='ltr'>Mathyas</span> <span class='ocrx_word' id='word_1_313' title='bbox 771 4293 890 4374; x_wconf 81' lang='lat' dir='ltr'>juratus</span> <span class='ocrx_word' id='word_1_314' title='bbox 922 4309 1004 4354; x_wconf 90' lang='lat' dir='ltr'>esset</span> <span class='ocrx_word' id='word_1_315' title='bbox 1033 4295 1227 4376; x_wconf 89' lang='lat' dir='ltr'>proscriptus</span> <span class='ocrx_word' id='word_1_316' title='bbox 1259 4309 1354 4376; x_wconf 92' lang='lat' dir='ltr'>prout</span> <span class='ocrx_word' id='word_1_317' title='bbox 1386 4295 1485 4356; x_wconf 87' lang='lat' dir='ltr'>eciam</span> <span class='ocrx_word' id='word_1_318' title='bbox 1511 4314 1576 4356; x_wconf 94' lang='lat' dir='ltr'>non</span> <span class='ocrx_word' id='word_1_319' title='bbox 1602 4309 1657 4372; x_wconf 88' lang='lat' dir='ltr'>est,</span> 
     </span>
     <span class='ocr_line' id='line_1_36' title="bbox 398 4399 1657 4482; baseline 0 -20"><span class='ocrx_word' id='word_1_320' title='bbox 398 4401 472 4462; x_wconf 89' lang='lat' dir='ltr'>ideo</span> <span class='ocrx_word' id='word_1_321' title='bbox 498 4400 591 4481; x_wconf 89' lang='lat' dir='ltr'>jurati</span> <span class='ocrx_word' id='word_1_322' title='bbox 624 4399 759 4462; x_wconf 88' lang='lat' dir='ltr'>eandem</span> <span class='ocrx_word' id='word_1_323' title='bbox 790 4419 916 4460; x_wconf 88' lang='lat' dir='ltr'>causam</span> <span class='ocrx_word' id='word_1_324' title='bbox 948 4400 1096 4480; x_wconf 87' lang='lat' dir='ltr'>vituperii</span> <span class='ocrx_word' id='word_1_325' title='bbox 1128 4401 1233 4462; x_wconf 90' lang='lat' dir='ltr'>taliter</span> <span class='ocrx_word' id='word_1_326' title='bbox 1265 4401 1538 4482; x_wconf 86' lang='lat' dir='ltr'>adjudicaverunt,</span> <span class='ocrx_word' id='word_1_327' title='bbox 1570 4401 1657 4482; x_wconf 93' lang='lat' dir='ltr'>quod</span> 
     </span>
     <span class='ocr_line' id='line_1_37' title="bbox 399 4505 1658 4589; baseline 0.002 -22"><span class='ocrx_word' id='word_1_328' title='bbox 399 4508 466 4588; x_wconf 91' lang='lat' dir='ltr'>ipse</span> <span class='ocrx_word' id='word_1_329' title='bbox 493 4508 595 4568; x_wconf 88' lang='lat' dir='ltr'>Lucas</span> <span class='ocrx_word' id='word_1_330' title='bbox 612 4519 721 4568; x_wconf 90' lang='lat' dir='ltr'>contra</span> <span class='ocrx_word' id='word_1_331' title='bbox 746 4506 924 4588; x_wconf 87' lang='lat' dir='ltr'>predictum</span> <span class='ocrx_word' id='word_1_332' title='bbox 949 4505 1113 4589; x_wconf 88' lang='lat' dir='ltr'>Mathyam</span> <span class='ocrx_word' id='word_1_333' title='bbox 1132 4507 1269 4586; x_wconf 89' lang='lat' dir='ltr'>juratum</span> <span class='ocrx_word' id='word_1_334' title='bbox 1288 4509 1439 4569; x_wconf 89' lang='lat' dir='ltr'>remansit</span> <span class='ocrx_word' id='word_1_335' title='bbox 1462 4509 1494 4569; x_wconf 92' lang='lat' dir='ltr'>in</span> <span class='ocrx_word' id='word_1_336' title='bbox 1520 4509 1658 4589; x_wconf 90' lang='lat' dir='ltr'>birsagio</span> 
     </span>
     <span class='ocr_line' id='line_1_38' title="bbox 398 4612 1658 4695; baseline 0.002 -21"><span class='ocrx_word' id='word_1_337' title='bbox 398 4613 632 4694; x_wconf 82' lang='lat' dir='ltr'>quinquaginta</span> <span class='ocrx_word' id='word_1_338' title='bbox 657 4632 834 4674; x_wconf 87' lang='lat' dir='ltr'>marcarum</span> <span class='ocrx_word' id='word_1_339' title='bbox 861 4612 1065 4674; x_wconf 91' lang='lat' dir='ltr'>denariorum</span> <span class='ocrx_word' id='word_1_340' title='bbox 1090 4613 1281 4694; x_wconf 87' lang='lat' dir='ltr'>judicialiter</span> <span class='ocrx_word' id='word_1_341' title='bbox 1305 4615 1469 4676; x_wconf 90' lang='lat' dir='ltr'>convictus</span> <span class='ocrx_word' id='word_1_342' title='bbox 1494 4629 1524 4676; x_wconf 91' lang='lat' dir='ltr'>et</span> <span class='ocrx_word' id='word_1_343' title='bbox 1548 4635 1658 4695; x_wconf 87' lang='lat' dir='ltr'>aggra-</span> 
     </span>
     <span class='ocr_line' id='line_1_39' title="bbox 398 4718 1658 4801; baseline 0.003 -24"><span class='ocrx_word' id='word_1_344' title='bbox 398 4734 489 4780; x_wconf 91' lang='lat' dir='ltr'>vatus</span> <span class='ocrx_word' id='word_1_345' title='bbox 515 4738 552 4779; x_wconf 87' lang='lat' dir='ltr'>ex</span> <span class='ocrx_word' id='word_1_346' title='bbox 577 4739 626 4796; x_wconf 91' lang='lat' dir='ltr'>eo,</span> <span class='ocrx_word' id='word_1_347' title='bbox 652 4718 726 4799; x_wconf 87' lang='lat' dir='ltr'>quia</span> <span class='ocrx_word' id='word_1_348' title='bbox 751 4719 855 4799; x_wconf 92' lang='lat' dir='ltr'>ipsum</span> <span class='ocrx_word' id='word_1_349' title='bbox 873 4719 1067 4800; x_wconf 89' lang='lat' dir='ltr'>vituperium</span> <span class='ocrx_word' id='word_1_350' title='bbox 1084 4733 1228 4801; x_wconf 89' lang='lat' dir='ltr'>tempore</span> <span class='ocrx_word' id='word_1_351' title='bbox 1251 4733 1434 4801; x_wconf 87' lang='lat' dir='ltr'>treugarum</span> <span class='ocrx_word' id='word_1_352' title='bbox 1460 4723 1550 4781; x_wconf 87' lang='lat' dir='ltr'>beate</span> <span class='ocrx_word' id='word_1_353' title='bbox 1575 4722 1658 4782; x_wconf 87' lang='lat' dir='ltr'>Mar-</span> 
     </span>
     <span class='ocr_line' id='line_1_40' title="bbox 398 4823 1658 4910; baseline 0.002 -25"><span class='ocrx_word' id='word_1_354' title='bbox 398 4825 528 4906; x_wconf 91' lang='lat' dir='ltr'>garethe</span> <span class='ocrx_word' id='word_1_355' title='bbox 554 4825 685 4905; x_wconf 87' lang='lat' dir='ltr'>virginis</span> <span class='ocrx_word' id='word_1_356' title='bbox 711 4823 851 4906; x_wconf 90' lang='lat' dir='ltr'>prelatus</span> <span class='ocrx_word' id='word_1_357' title='bbox 877 4824 979 4885; x_wconf 86' lang='lat' dir='ltr'>Lucas</span> <span class='ocrx_word' id='word_1_358' title='bbox 1002 4845 1096 4907; x_wconf 89' lang='lat' dir='ltr'>super</span> <span class='ocrx_word' id='word_1_359' title='bbox 1114 4827 1219 4907; x_wconf 90' lang='lat' dir='ltr'>ipsum</span> <span class='ocrx_word' id='word_1_360' title='bbox 1244 4827 1408 4910; x_wconf 87' lang='lat' dir='ltr'>Mathyam</span> <span class='ocrx_word' id='word_1_361' title='bbox 1432 4826 1571 4908; x_wconf 88' lang='lat' dir='ltr'>juratum</span> <span class='ocrx_word' id='word_1_362' title='bbox 1588 4847 1658 4909; x_wconf 89' lang='lat' dir='ltr'>per-</span> 
     </span>
     <span class='ocr_line' id='line_1_41' title="bbox 398 4945 541 5014; baseline 0.014 -22"><span class='ocrx_word' id='word_1_363' title='bbox 398 4945 541 5014; x_wconf 87' lang='lat' dir='ltr'>petravrt.</span> 
     </span>
    </p>
   </div>
   <div class='ocr_carea' id='block_1_4' title="bbox 0 0 1946 5798">
    <p class='ocr_par' dir='ltr' id='par_1_4' title="bbox 0 0 1946 5798">
     <span class='ocr_line' id='line_1_42' title="bbox 0 0 1946 5798; baseline 0 0"><span class='ocrx_word' id='word_1_364' title='bbox 0 0 1946 5798; x_wconf 95' lang='lat' dir='ltr'> </span> 
     </span>
    </p>
   </div>
  </div>
 </body>
</html>
