3678 5800
438 531 501 591 218
825 535 1021 608 Ann01435.
1045 566 1089 575 -
1112 545 1162 608 14.
1179 533 1328 607 januarii.

439 745 562 807 nenciis
595 745 762 822 universis,
794 744 924 828 prelatis
955 745 1167 807 creditoribus
1198 745 1297 827 ipsius
1328 743 1438 804 Jacobi
1469 762 1528 825 pro
1551 743 1690 824 predictis

438 853 582 934 ipsorum
606 852 722 914 debitis
746 853 876 934 plenam
901 852 1062 914 vendendi
1088 865 1119 912 et
1141 851 1201 913 sibi
1226 851 1303 933 ipsis
1326 851 1454 912 racione
1478 849 1622 932 ipsorum
1646 850 1691 910 de-

438 959 579 1019 bitorum
604 979 715 1021 eorum
741 959 869 1042 plenam
895 957 1110 1020 satisfaciendi
1135 957 1338 1019 attribuimus
1362 956 1556 1018 facultatem.

547 1065 624 1126 ltem
651 1065 769 1127 Paulus
802 1065 905 1127 dictus
930 1064 1159 1146 Sulkowichyn
1191 1064 1286 1126 debet
1318 1063 1510 1146 respondere
1539 1063 1571 1122 in
1596 1061 1692 1143 primo

438 1167 547 1231 futuro
571 1171 691 1250 judicio
715 1171 755 1232 ad
781 1172 905 1252 objecta
929 1185 960 1232 et
981 1170 1222 1253 proposiciones
1249 1189 1305 1231 seu
1329 1169 1475 1230 acciones
1493 1167 1623 1250 Mathye
1646 1188 1693 1248 ge·

441 1278 508 1338 neri
534 1278 674 1358 magistri
701 1277 854 1360 Stephani
881 1276 1049 1340 Rakarich.

545 1383 622 1444 ltem
649 1386 723 1466 quia
750 1383 950 1465 Margaretha
975 1385 1084 1446 relicta
1117 1383 1255 1446 condam
1280 1382 1404 1445 Nicolai
1429 1383 1504 1444 dicti
1531 1381 1693 1464 Denesych

439 1490 478 1550 de
505 1490 610 1550 Mlaka
635 1491 667 1551 id
696 1493 790 1552 nobis
817 1491 1018 1570 singnificare
1035 1491 1167 1568 curavit,
1192 1503 1227 1552 ut
1245 1491 1335 1552 litere
1361 1503 1465 1552 nostre
1485 1489 1694 1571 privilegiales

438 1615 496 1678 pro
521 1609 609 1679 parte
634 1597 733 1678 ipsius
758 1598 958 1678 Margarethe
981 1616 1077 1679 super
1101 1597 1272 1658 medietate
1296 1595 1462 1658 cuiusdam
1487 1596 1604 1656 domus
1628 1615 1693 1656 nnu-

440 1715 507 1763 rate
531 1715 562 1764 et
586 1701 677 1765 fundi
708 1704 739 1764 in
765 1705 849 1765 dicta
880 1705 1007 1766 civitate
1039 1703 1164 1780 habite,
1199 1723 1295 1764 unam
1327 1717 1471 1784 quartam
1497 1702 1584 1763 curie
1611 1703 1641 1761 in
1665 1721 1692 1761 se

439 1810 668 1886 continentem,
694 1810 837 1872 conlecte
862 1809 985 1872 dudum
1010 1825 1041 1870 et
1072 1823 1217 1871 emanate
1251 1809 1418 1871 casualiter
1451 1810 1566 1870 amisse
1591 1823 1622 1869 et
1646 1807 1693 1868 de-

439 1915 561 1997 perdite
586 1917 771 1995 extitissent,
797 1937 920 1998 nosque
945 1916 1171 1978 instantissime
1193 1936 1289 1999 super
1312 1937 1350 1978 eo
1375 1915 1559 1998 postulavit,
1585 1927 1619 1976 ut
1643 1934 1694 1976 nos

439 2022 519 2082 alias
550 2023 657 2084 literas
688 2037 811 2084 nostras
844 2043 943 2084 novas
972 2023 1187 2105 privilegialea
1226 2043 1320 2104 super
1355 2023 1495 2104 predicta
1531 2021 1694 2083 medietate

440 2129 540 2209 ipsius
564 2128 680 2190 domus
698 2143 821 2192 murate
840 2146 876 2191 et
892 2129 993 2208 fundi,
1019 2149 1115 2190 unam
1141 2143 1176 2190 ut
1195 2129 1369 2210 predicitur
1393 2141 1539 2210 quartam
1564 2130 1649 2188 curie
1666 2127 1692 2187 in

439 2254 471 2296 se
497 2236 700 2312 retinentem,
725 2238 830 2298 eidem
856 2235 1056 2318 Margarethe
1087 2236 1215 2298 mulieri
1240 2235 1280 2297 de
1312 2256 1398 2297 novo
1423 2235 1537 2297 confici
1562 2248 1593 2295 et
1616 2253 1693 2294 ema·

439 2341 507 2402 nari
534 2341 637 2404 lacere
662 2343 886 2424 dignaremur;
911 2357 942 2404 et
966 2343 1041 2424 quia
1065 2342 1104 2404 ad
1129 2343 1245 2404 trinam
1263 2341 1423 2404 forensem
1448 2343 1610 2424 publicam
1628 2359 1692 2420 pro·

442 2449 674 2512 clemacionem
699 2453 871 2532 superinde
892 2451 931 2511 de
957 2470 1046 2512 more
1068 2450 1147 2512 alias
1173 2450 1269 2512 solito
1294 2449 1420 2528 factam,
1442 2451 1474 2510 in
1500 2447 1690 2530 possessione

440 2555 582 2637 predicte
606 2557 787 2620 medietatis
812 2559 910 2640 ipsius
933 2558 1049 2618 domus
1081 2571 1204 2618 murare
1228 2569 1259 2617 et
1283 2555 1385 2633 fundi,
1418 2575 1515 2616 urtam
1542 2568 1575 2616 ut
1596 2551 1690 2634 predi·

439 2664 521 2724 citur
544 2678 691 2744 quartam
724 2664 810 2726 curie
843 2666 874 2725 in
903 2685 935 2725 se
968 2664 1164 2741 continente,
1189 2663 1297 2725 nullus
1328 2664 1456 2745 penitus
1487 2661 1689 2724 contradictor

441 2769 546 2830 eidem
572 2771 704 2832 domine
730 2771 929 2852 Margaretbe
955 2771 1111 2852 apparuit,
1136 2769 1276 2852 ideoque
1301 2790 1359 2831 nos
1382 2769 1558 2852 predictam
1582 2763 1688 2827 medie·

439 2888 536 2936 tatem
561 2877 720 2957 sepedicta
746 2877 861 2940 domus
878 2892 999 2938 mutate
1025 2891 1055 2940 et
1072 2876 1174 2956 luridi,
1191 2897 1289 2939 unam
1314 2889 1348 2938 ut
1364 2875 1539 2958 predicitur
1555 2887 1684 2954 quartam

440 2982 526 3042 curie
544 2983 576 3044 in
593 3003 626 3044 se
643 2983 826 3062 habentem,
843 3004 916 3045 curn
940 2985 1005 3045 suis
1029 2984 1234 3066 pertinenciis
1250 2983 1392 3066 predicte
1411 2980 1608 3064 Margarethe
1627 2997 1683 3038 rnu-

441 3089 511 3150 lieri
536 3092 735 3172 presentibus
759 3093 858 3154 literis
887 3092 1003 3153 nostris
1034 3091 1288 3173 privilegialibus
1312 3091 1404 3152 novis
1436 3089 1602 3151 statuimus
1623 3102 1680 3166 per-

440 3209 538 3276 petuo
562 3197 790 3279 possidendam
814 3211 844 3260 et
868 3198 1176 3280 quomodocumque
1203 3197 1343 3259 voluerit
1366 3195 1609 3278 disponendam.

546 3303 625 3364 Item
643 3303 803 3384 Georgius
819 3304 962 3366 literatus
979 3303 1094 3366 Thuch
1113 3305 1216 3366 dictus
1245 3319 1353 3366 contra
1371 3305 1514 3364 Marcum
1541 3301 1680 3362 literatum

440 3407 542 3470 filium
567 3409 721 3471 lobannis
745 3410 784 3472 de
809 3410 930 3472 Chawa
954 3411 1058 3492 primo
1083 3411 1196 3472 citatus
1220 3430 1285 3472 non
1311 3410 1501 3491 comparuit.

547 3517 623 3578 ltem
648 3518 722 3598 quia
748 3518 934 3578 Leonardus
958 3517 1043 3579 lilius
1068 3518 1229 3579 Dominici
1254 3517 1294 3579 de
1322 3515 1544 3593 Atthawantis,
1568 3514 1596 3575 id
1618 3527 1680 3571 cun

442 3623 534 3684 certis
559 3623 658 3683 literis
682 3624 817 3686 civitatis
850 3624 1030 3700 Pestiensis,
1062 3625 1169 3704 sigillo
1202 3625 1347 3686 eiusdem
1379 3623 1516 3685 civitatis
1539 3617 1682 3696 fidedigno

441 3749 478 3790 ex
509 3743 615 3791 acerto
648 3730 842 3810 consignatis
872 3750 978 3792 coram
1012 3731 1168 3812 nobisque
1193 3731 1392 3812 specietenus
1424 3728 1582 3812 productis
1607 3722 1681 3783 clare

441 3836 672 3916 comprobavit,
706 3851 740 3897 ut
771 3837 818 3898 vir
842 3837 994 3918 providus
1026 3849 1056 3898 et
1087 3837 1240 3898 honestus
1268 3836 1429 3898 lohannes
1459 3835 1544 3897 filius
1571 3825 1679 3892 Nicolai

441 3943 515 4003 dicti
543 3943 713 4024 Lrppowcz
731 3943 862 4006 totalem
886 3964 977 4004 suam
994 3944 1181 4025 porcionem
1199 3943 1482 4025 possessionariam
1501 3942 1532 4002 in
1550 3935 1678 4002 omnibus

441 4051 694 4131 possessionibus
718 4063 749 4112 et
779 4051 985 4132 porcionibus
1016 4051 1273 4131 possessionariis
1305 4049 1438 4132 predicti
1472 4046 1589 4110 Nicolai
1613 4042 1675 4121 Lip-

441 4176 561 4236 pouecz
586 4156 672 4232 dicti,
697 4157 729 4216 in
753 4156 836 4217 dicta
860 4157 986 4216 civitate
1018 4157 1139 4217 eteius
1170 4156 1331 4218 territorio
1363 4155 1491 4233 habitis,
1518 4155 1609 4236 ipsum
1631 4147 1676 4206 Jo-

441 4262 579 4322 hannem
605 4261 705 4322 lilium
731 4261 829 4343 ipsius
854 4261 978 4322 Nicolai
1004 4264 1042 4322 ab
1068 4262 1182 4323 eodem
1208 4263 1344 4324 Nicolao
1368 4277 1456 4343 patre
1480 4281 1540 4322 suo
1561 4252 1676 4338 jurehe·

441 4367 591 4428 reditario
616 4387 651 4428 ac
675 4369 937 4430 testamentaliter
959 4369 1054 4429 titulo
1079 4369 1227 4449 legaticio
1257 4382 1516 4446 concernentem,
1540 4382 1600 4429 cunt
1620 4355 1676 4419 suis

441 4473 645 4554 pertinenciis
659 4489 688 4536 et
706 4475 895 4535 utilitatibus
911 4475 1066 4535 universis
1084 4473 1206 4556 prefato
1224 4475 1394 4537 Leonardo
1411 4488 1571 4556 tamquam
1586 4465 1674 4529 amico

441 4599 499 4640 suo
524 4580 652 4661 speciali
678 4580 826 4642 donasset
849 4595 880 4641 et
904 4581 1095 4661 propriasset
1119 4595 1274 4663 perpetuo
1291 4581 1530 4664 possidendam,
1550 4584 1628 4662 prout
1649 4570 1676 4629 in

442 4685 562 4746 eisdem
588 4686 687 4747 literis
712 4687 810 4767 ipsius
842 4686 978 4747 civitatis
1011 4687 1180 4748 Pestiensis
1212 4707 1320 4749 coram
1345 4688 1439 4748 nobis
1471 4701 1506 4748 ut
1528 4676 1677 4769 predicitur

442 4791 642 4871 specietenus
667 4793 829 4872 productis
854 4811 998 4874 expresse
1027 4792 1167 4856 vidimus
1197 4794 1365 4870 contineri,
1398 4792 1536 4876 ideoque
1567 4803 1615 4849 nos
1636 4795 1677 4841 to·

442 4897 538 4957 talem
564 4899 737 4978 predictam
757 4900 943 4979 porcionem
969 4901 1251 4980 possessionariam
1268 4901 1367 4982 ipsius
1391 4899 1552 4976 lobannis,
1572 4907 1626 4954 tant
1648 4887 1675 4946 in

442 5002 540 5064 domo
567 5023 663 5084 quam
689 5004 722 5066 in
739 5005 830 5067 terris
848 5006 1023 5067 arabilibus
1047 5019 1078 5067 et
1093 5008 1163 5068 aliis
1179 5007 1345 5089 quibusvis
1361 5003 1600 5089 possessionibus
1615 5011 1677 5076 pre·
