3796 5812
409 793 504 874 judex
527 793 586 854 sibi
610 791 685 854 dare
710 795 886 870 recusabat,
916 805 951 853 ut
982 793 1076 854 ambe
1109 807 1214 876 partes
1237 795 1344 856 literas
1376 815 1486 858 earum
1512 796 1545 858 in
1570 797 1684 878 primo

409 899 529 982 judicio
553 898 703 962 exhibere
727 913 906 962 teneantur.

516 1006 593 1068 item
629 1005 704 1087 quia
747 1005 928 1088 Stephanus
963 1005 1084 1087 juratus
1118 1006 1197 1067 alias
1232 1007 1384 1088 pincerna
1419 1008 1524 1070 dictus
1563 1024 1680 1071 contra

409 1113 542 1175 Belkam
566 1113 736 1175 mulierem
760 1111 924 1174 textricem
949 1125 1130 1173 consortem
1156 1111 1287 1194 Georgii
1306 1116 1518 1196 proponebat,
1544 1130 1581 1177 ut
1606 1117 1680 1198 ipss

409 1221 529 1282 dictum
553 1238 647 1281 suum
671 1219 820 1280 maritum
846 1219 1034 1300 instigasset,
1059 1219 1146 1300 quod
1174 1220 1241 1301 ipse
1265 1220 1387 1282 dictum
1412 1221 1613 1304 Stephanum
1642 1223 1676 1283 in

409 1327 511 1409 capite
536 1326 669 1388 diversis
692 1325 879 1386 vulneribus
909 1324 1081 1402 sauciaset,
1114 1345 1177 1406 que
1201 1327 1332 1388 vulnera
1365 1347 1473 1390 coram
1497 1328 1592 1389 nobis
1617 1328 1677 1388 de-

409 1433 609 1510 monstravit,
633 1433 700 1514 ipsa
725 1449 800 1492 vero
824 1431 962 1510 negabat
986 1430 1124 1492 eundem
1150 1431 1327 1514 Georgium
1359 1433 1399 1494 ad
1425 1433 1677 1515 instigacionem

409 1539 658 1623 perpetrationis
681 1538 842 1600 dictorum
869 1537 1039 1600 vulnerum
1065 1556 1128 1600 non
1147 1539 1328 1620 permisisse
1352 1560 1410 1601 nec
1434 1541 1493 1602 sibi
1519 1542 1679 1622 premissa

408 1647 493 1708 mala
517 1645 620 1708 iacere
647 1644 870 1722 commisisset,
895 1643 968 1704 ideo
997 1642 1089 1723 jurati
1122 1643 1398 1725 adjudicaverunt,
1422 1659 1457 1708 ut
1481 1647 1548 1729 ipsa
1575 1647 1679 1709 Beika

407 1753 505 1815 tercia
528 1773 561 1814 se
585 1751 772 1812 concivibus
797 1763 911 1812 octavo
936 1749 989 1812 die
1013 1769 1108 1833 super
1142 1751 1304 1832 premissis
1328 1751 1544 1832 juramentum
1569 1754 1679 1835 depo·

408 1879 483 1921 nere
512 1871 668 1920 teneatur.

515 1965 593 2026 item
618 1983 713 2026 causa
738 1963 819 2024 inter
843 1962 986 2024 Blasiurn
1011 1962 1112 2024 filium
1143 1963 1226 2026 Petri
1251 1977 1282 2027 et
1306 1965 1442 2027 Paulum
1467 1965 1595 2028 Tothar
1620 1967 1681 2029 ha·

410 2073 475 2134 bita
500 2072 539 2134 ad
563 2072 703 2154 primum
728 2069 882 2152 judicium
907 2069 947 2130 ad
973 2089 1084 2151 pacem
1109 2085 1156 2133 est
1181 2085 1317 2154 recepta.

1021 2337 1055 2402 2.

495 2487 590 2562 Faria
618 2497 717 2562 sexta
745 2491 900 2578 proxima
928 2495 1005 2559 ante
1032 2488 1153 2558 testum
1181 2488 1276 2560 beate
1304 2487 1403 2563 anie
1430 2490 1583 2578 virginis.

512 2643 590 2705 item
616 2641 777 2703 Johannes
801 2641 955 2722 Jagodich
981 2653 1090 2700 contra
1114 2639 1250 2700 Paulum
1276 2641 1505 2702 mensuralium
1532 2641 1677 2722 Sydow·

405 2748 497 2810 chich
522 2748 665 2811 secundo
689 2748 801 2809 citatus
825 2767 890 2809 non
915 2746 1104 2829 comparuit.

481 2837 484 2842 Δ
513 2855 591 2916 Item
626 2853 749 2916 Blasius
781 2853 906 2916 institor
941 2852 1124 2914 Bastardich
1157 2865 1266 2914 contra
1300 2852 1491 2914 Michaeiem
1524 2854 1676 2915 secundo

407 2962 520 3024 citatus
545 2981 610 3023 non
635 2961 825 3042 comparuit.

513 3067 590 3129 item
623 3081 756 3148 uterque
790 3065 1018 3128 Stanberchich
1051 3079 1160 3126 contra
1193 3069 1320 3126 Annam
1345 3065 1450 3147 primo
1482 3065 1567 3126 citati
1603 3085 1675 3127 non

408 3187 665 3256 comparuerunt.

408 3407 504 3481 Faria
532 3417 632 3481 sexta
660 3411 812 3498 proxima
840 3415 916 3497 post
944 3408 1066 3480 festum
1089 3407 1351 3498 Epiphaniarun
1370 3407 1499 3480 Domini
1519 3409 1675 3498 proxime

930 3535 1140 3620 preteritum.

513 3685 546 3746 ln
572 3704 665 3746 causa
690 3683 772 3743 inter
796 3681 975 3744 Johannem
1008 3683 1127 3745 Pehem
1160 3681 1262 3744 filium
1287 3681 1442 3744 Johannis
1473 3681 1669 3743 modernum

405 3791 545 3873 judicem
570 3793 609 3852 ab
633 3809 697 3852 una
721 3803 751 3851 et
775 3802 863 3871 parte
888 3809 924 3849 ex
959 3788 1056 3850 altera
1081 3789 1290 3850 Benedictum
1324 3788 1449 3870 pridem
1474 3801 1505 3850 et
1530 3787 1668 3848 Paulum

405 3897 597 3958 modernum
621 3895 740 3976 juratos
764 3893 846 3956 filios
872 3893 987 3976 Gyuan
1013 3895 1137 3976 pridem
1161 3893 1275 3974 judicis
1299 3907 1396 3974 mota,
1420 3891 1514 3973 jurati
1539 3892 1669 3968 adjudi-

404 4017 557 4065 caverunt
581 4022 619 4064 eo
645 4001 755 4081 modu,
773 4001 860 4082 quod
886 4001 961 4081 quia
978 3999 1119 4082 prefatus
1143 4001 1335 4064 Benedictus
1352 4001 1383 4062 in
1408 4000 1482 4062 sede
1499 3999 1669 4081 judiciaria

405 4111 437 4171 in
463 4110 626 4192 presencia
650 4109 753 4170 tocius
778 4108 1016 4169 communitatis
1037 4108 1183 4189 pluribus
1199 4107 1322 4168 vicibus
1344 4107 1407 4169 alta
1432 4125 1510 4168 voce
1535 4106 1667 4188 publice

407 4231 437 4279 et
461 4214 628 4278 manifeste
645 4229 754 4277 contra
780 4214 917 4276 eundem
937 4213 1117 4275 Johannem
1135 4213 1273 4294 judicem
1293 4213 1484 4275 modernum
1501 4227 1669 4293 tamquam

404 4342 572 4405 personam
599 4341 653 4404 per
686 4341 744 4382 nos
772 4321 803 4381 in
836 4319 978 4382 officium
1013 4320 1146 4380 electam
1178 4320 1267 4396 dixit,
1292 4319 1381 4401 quod
1413 4319 1479 4401 ipse
1504 4317 1669 4380 Johannes

402 4429 498 4510 judex
522 4429 626 4510 ipsum
654 4427 860 4488 Benedictum
880 4446 969 4487 more
987 4425 1162 4506 predonico
1185 4425 1235 4488 hic
1261 4427 1291 4486 in
1310 4425 1436 4487 civitate
1461 4423 1668 4506 depredasset

402 4533 582 4613 manifeste,
614 4534 842 4614 notariumque
875 4533 954 4592 dixit
983 4533 1178 4613 predonem;
1214 4531 1354 4613 prefatus
1383 4551 1513 4613 quoque
1546 4529 1667 4591 Paulus

402 4657 511 4706 contra
537 4641 676 4703 eundem
702 4640 880 4702 Johannem
908 4639 1046 4712 iudicem
1072 4639 1219 4700 similiter
1249 4637 1378 4700 insede
1403 4636 1568 4718 judiciaria
1593 4635 1667 4718 plu-

401 4750 488 4812 ribus
512 4749 635 4810 vicibus
659 4746 828 4808 manifeste
847 4746 961 4808 eodem
988 4744 1087 4805 modo
1104 4759 1268 4826 tamquam
1288 4757 1398 4805 contra
1421 4761 1590 4826 personam
1608 4761 1668 4824 per

401 4875 460 4917 nos
484 4855 516 4915 in
542 4853 683 4915 officium
709 4853 843 4914 electam
869 4853 959 4928 dixit,
985 4851 1072 4931 quod
1100 4852 1184 4912 idem
1203 4851 1364 4912 Johannes
1387 4849 1481 4930 judex
1507 4861 1589 4911 esset
1605 4847 1667 4910 fal-

400 4961 501 5022 sarius
524 4974 554 5021 et
578 4959 834 5041 callumpniator,
859 4959 932 5019 ideo
972 4957 1109 5038 quilibet
1141 4977 1252 5019 eorum
1286 4957 1460 5018 centesimo
1483 4976 1515 5016 se
1540 4955 1668 5018 civibus

400 5079 514 5129 octavo
538 5066 589 5127 die
614 5065 677 5126 diei
701 5065 843 5147 judiciali
870 5084 959 5125 more
992 5065 1088 5124 solito
1113 5063 1299 5144 juramentis
1329 5062 1467 5144 prestitis
1490 5061 1667 5144 premissas
