3740 5810
552 553 751 631 Anno1431.
775 587 820 596 —
841 567 893 631 23.
908 556 1059 631 januarii.
1376 575 1433 637 ¹33

168 785 217 843 eo,
243 776 281 827 ut
305 765 372 846 ipse
397 785 456 827 nec
480 765 581 828 eciam
606 765 724 847 aliquis
753 785 830 827 suus
860 785 970 828 servus
995 786 1053 828 nec
1085 767 1116 828 in
1142 767 1246 850 primo
1271 767 1347 829 vino
1371 787 1430 830 nec

168 870 360 933 insecundo
371 872 448 934 vino
462 871 595 954 aliquod
609 887 840 934 nocumentum
858 891 914 934 seu
931 872 1052 954 nephas
1068 873 1256 952 intulerunt,
1270 892 1327 955 per
1344 873 1432 955 quod

166 978 233 1059 ipsa
256 977 342 1056 vina,
368 997 430 1060 que
461 977 623 1060 predictus
653 978 764 1040 Petrus
796 979 854 1061 ipsi
877 979 1041 1061 Stephano
1064 978 1168 1060 jurato
1201 998 1259 1061 pro
1292 979 1432 1060 quadam
1540 965 1543 972 ’

167 1084 263 1146 vinea
288 1085 328 1146 sb
352 1085 423 1167 ipso
447 1097 631 1167 comparata
655 1084 806 1164 dedisset,
830 1084 1049 1148 anichilarent.

277 1191 354 1254 Item
378 1190 472 1272 jurati
497 1190 773 1271 adjudicaverunt,
806 1191 895 1273 quod
920 1191 1034 1254 Gallus
1058 1191 1176 1254 brodar
1199 1192 1294 1254 debet
1318 1205 1433 1254 octavo

166 1296 218 1359 die
244 1296 462 1378 jurameutum
487 1309 627 1380 prestare
651 1297 707 1358 uni
732 1295 836 1378 jurato
859 1298 899 1359 ad
929 1317 1043 1360 manus
1066 1311 1175 1360 contra
1200 1299 1345 1360 relictam
1373 1299 1432 1360 Mi·

166 1402 299 1482 chaelis,
323 1416 358 1465 ut
382 1405 441 1465 bos
466 1403 564 1485 ipsius
587 1403 698 1466 relicte
723 1403 784 1486 ipsi
810 1402 906 1466 Gallo
931 1404 963 1466 in
988 1404 1079 1466 milio
1104 1424 1162 1466 suo
1187 1405 1220 1466 in
1244 1404 1352 1466 medio
1378 1423 1431 1468 cu-

166 1509 246 1572 bulo
271 1509 353 1571 milii
379 1509 558 1592 dampnum
583 1509 718 1590 fecisset,
744 1525 775 1572 et
799 1510 877 1573 dum
895 1509 1023 1591 jurabit,
1046 1524 1122 1574 tunc
1147 1511 1214 1594 ipsa
1238 1511 1348 1573 relicta
1373 1511 1433 1593 ipsi

166 1613 266 1678 Gallo
290 1615 386 1678 debet
408 1615 580 1698 superinde
604 1614 795 1695 satisfacere,
820 1617 953 1699 ipseque
971 1615 1085 1680 Gallus
1109 1637 1184 1680 mox
1207 1632 1279 1700 post
1304 1617 1432 1700 deposi-

167 1723 297 1786 cionem
323 1723 493 1804 juramenti
517 1723 614 1786 debet
638 1724 698 1807 ipsi
716 1724 826 1787 relicte
849 1724 1030 1807 persolvere
1048 1743 1148 1786 uuum
1173 1723 1243 1786 flor.
1268 1743 1325 1806 pro
1350 1725 1432 1786 bove

167 1849 268 1912 quem
292 1829 487 1912 perdiderat,
512 1830 544 1892 iu
569 1830 708 1894 termino
731 1830 868 1914 juridico
892 1830 969 1914 ipsis
992 1829 1164 1912 superinde
1189 1829 1353 1912 deputato.

211 2046 311 2121 Faria
339 2053 447 2122 tercia
474 2052 629 2140 proxima
662 2058 741 2122 ante
769 2049 892 2124 leston
920 2049 1154 2124 eonverstons
1182 2053 1271 2124 beati
1302 2051 1396 2123 Pauli

722 2175 879 2264 apostoli.

669 2343 735 2424 (23.
751 2346 913 2424 januaris).

275 2486 353 2548 ltem
379 2485 453 2568 quia
478 2486 579 2568 proba
604 2499 636 2548 et
659 2484 791 2548 honesta
816 2485 933 2548 mulier
957 2469 1083 2568 Agatha
1107 2485 1198 2548 aliter
1223 2489 1352 2569 Agycza
1376 2505 1431 2548 vo-

164 2608 246 2672 cata,
270 2593 337 2655 lilia
361 2593 498 2655 condam
517 2593 644 2656 Andree
662 2593 821 2674 Putarich,
842 2593 952 2656 relicta
969 2613 1046 2656 vero
1062 2593 1143 2656 olim
1159 2592 1322 2655 Valentini
1343 2594 1431 2655 Moz-

164 2699 316 2762 lauchich
341 2700 372 2761 id
389 2697 584 2762 sufficienter
608 2713 639 2762 et
655 2698 817 2782 fidedigne
842 2719 949 2763 coram
967 2701 1061 2762 nobis
1085 2700 1116 2763 in
1139 2699 1259 2782 judicio
1283 2719 1431 2783 compro·

165 2807 266 2886 bavit,
292 2804 460 2888 quomodo
487 2804 630 2888 prelatus
660 2804 851 2869 Valentinus
885 2805 1109 2870 Mozlauchich
1138 2807 1170 2868 in
1195 2806 1344 2869 extremis
1367 2806 1431 2870 vite

163 2933 220 2976 sue
245 2912 434 2995 temporalis
456 2911 616 2991 laborans,
641 2912 807 2975 intestatus
830 2913 870 2974 ab
898 2912 957 2974 hac
980 2912 1052 2974 luce
1077 2911 1273 2990 decessisset,
1298 2913 1429 2995 etquis

164 3019 367 3082 consuetudo
392 3032 423 3081 et
446 3019 576 3082 libertas
600 3019 737 3082 civitatis
759 3019 800 3080 ab
824 3019 959 3100 antiquo
981 3020 1155 3102 approbata
1180 3017 1212 3081 id
1234 3018 1376 3102 exposcit
1400 3031 1431 3082 et

164 3127 313 3210 requirit,
337 3140 372 3188 ut
388 3128 505 3190 marito
529 3127 678 3189 intestato
695 3125 864 3190 decedenti
882 3145 972 3204 uxor,
997 3139 1027 3187 et
1044 3145 1142 3188 uxore
1166 3125 1313 3188 intestata
1338 3125 1430 3187 dece·

163 3233 272 3313 dente,
297 3233 431 3295 maritus
465 3233 587 3316 primus
618 3232 823 3296 adinvenitur
855 3232 957 3312 heres,
989 3231 1127 3314 ideoque
1159 3251 1218 3293 nos
1242 3231 1429 3314 porcionem

163 3340 333 3404 cuiusdam
360 3338 464 3420 fundi,
494 3358 592 3402 unam
624 3339 775 3402 videlicet
805 3351 951 3421 quartam
982 3338 1068 3401 curie
1100 3339 1133 3401 iu
1164 3359 1196 3400 se
1227 3339 1430 3418 retinentem,

165 3449 272 3532 ipsum
298 3447 449 3510 videlicet
472 3446 681 3510 Valentinum
713 3445 936 3509 Mozlauchich
967 3445 1141 3508 literatorie
1170 3458 1428 3524 concernentem,

163 3575 237 3617 cum
262 3554 331 3616 suis
355 3553 571 3637 pertinenciis,
595 3553 736 3636 predicte
760 3552 884 3634 Agathe
902 3553 993 3616 aliter
1017 3551 1149 3636 Agyche
1173 3564 1296 3630 vocate,
1319 3551 1428 3614 relicte
1484 3633 1487 3644 .

164 3662 242 3724 dicti
268 3660 433 3723 Valentini
459 3659 682 3724 Mozlauchich
701 3659 856 3741 premisso
873 3657 941 3740 jure
958 3659 1018 3720 sibi
1036 3658 1233 3722 incumbenti
1249 3657 1428 3736 statuimus,
1504 3649 1509 3660 ’

163 3787 200 3830 ac
223 3787 282 3850 per
306 3785 377 3828 eam
401 3767 466 3828 suis
488 3765 660 3828 heredibus
684 3765 853 3827 statuimus
877 3778 908 3826 et
936 3764 1156 3826 commisimus
1179 3763 1247 3846 jure
1271 3777 1428 3846 perpetuo

163 3873 393 3957 possidendam
419 3886 450 3936 et
474 3872 782 3954 quomodocumque
815 3871 954 3934 voluerit
985 3871 1219 3954 disponendam
1245 3871 1330 3934 iuxta
1352 3890 1428 3932 con-

163 3981 328 4044 dicionem
355 3980 489 4042 civitatis
512 3980 732 4064 approbatam.
