3678 5800
432 539 495 600 226
848 540 1047 618 Anno1435.
1073 574 1114 584 -
1137 554 1187 618 13.
1210 541 1292 600 mar'r'.

432 763 539 814 nostra
563 750 731 832 judiciaria
757 752 841 813 clare
870 751 1094 834 comprobavit
1125 771 1232 814 coram
1258 751 1362 830 nobis,
1394 765 1429 814 ut
1452 751 1530 814 dum
1555 750 1694 834 prelatus

433 855 609 938 Gregorius
632 871 724 920 sutor
740 858 773 920 in
798 858 946 927 extremis
970 858 1033 920 vite
1050 877 1106 920 sue
1123 857 1310 940 temporalis
1325 858 1512 936 laborasset,
1535 871 1613 919 tunc
1630 859 1694 939 ipse

433 962 637 1024 medietatem
662 963 826 1025 cuiusdam
851 963 968 1026 domus
991 984 1047 1026 sue
1070 965 1176 1047 ipsum
1208 963 1341 1044 juridice
1365 965 1599 1041 concernentis,
1624 983 1693 1045 pre·

433 1067 495 1131 late
520 1067 617 1132 Clare
650 1070 778 1132 mulieri
810 1069 978 1150 legavisset
1009 1069 1077 1150 jure
1108 1069 1295 1152 perhennali
1327 1069 1576 1153 possidendam
1600 1069 1694 1130 aliam

432 1187 540 1237 autem
564 1175 770 1238 medietatem
804 1175 948 1238 eiusdem
981 1176 1097 1238 domus
1129 1197 1186 1239 sue
1210 1188 1241 1238 et
1271 1174 1363 1238 fundi
1388 1177 1495 1239 eidem
1520 1175 1617 1239 Clare
1642 1194 1694 1236 sue

434 1281 573 1343 consorti
598 1281 737 1344 vendere
762 1294 794 1343 et
817 1301 875 1364 pro
899 1283 1006 1344 anima
1029 1303 1084 1344 sua
1110 1283 1289 1366 expendere
1320 1283 1492 1365 legavisset
1515 1295 1548 1345 et
1572 1300 1695 1344 recom-

435 1389 583 1466 misisset,
616 1388 755 1471 ideoque
787 1407 846 1450 nos
876 1388 1052 1472 predictam
1079 1409 1179 1452 unam
1208 1390 1414 1452 medietatem
1446 1390 1547 1472 ipsius
1572 1389 1694 1466 domus,

435 1513 532 1556 uuam
557 1493 708 1558 videlicet
731 1508 878 1557 octavam
902 1495 934 1556 in
958 1515 991 1556 se
1016 1496 1244 1575 continentem,
1269 1509 1421 1559 annotate
1449 1494 1546 1559 Clare
1570 1495 1693 1556 mulieri

438 1602 608 1664 statuimus
631 1601 699 1683 jure
724 1601 912 1684 perhennali
928 1601 1156 1684 possidendam
1173 1617 1204 1664 et
1227 1602 1535 1684 quomodocumque
1559 1601 1695 1662 voluerit

437 1707 683 1790 disponendam,
714 1707 809 1769 aliam
841 1719 947 1768 autem
979 1709 1185 1771 medietatem
1216 1708 1361 1771 eiusdem
1393 1709 1510 1770 domus
1533 1721 1566 1770 et
1590 1706 1690 1784 fundi,

434 1833 532 1876 unam
557 1814 767 1876 consimiliter
790 1827 937 1876 octavam
960 1814 993 1876 in
1017 1835 1049 1875 se
1068 1815 1297 1894 continentem,
1322 1815 1428 1876 eidem
1446 1814 1542 1876 Clare
1568 1813 1692 1875 mulieri

436 1921 604 1982 statuimus
639 1933 671 1982 et
701 1920 922 1983 commisimus
958 1920 1161 1983 vendendam
1193 1935 1224 1982 et
1259 1921 1360 1983 modo
1398 1921 1555 2003 premisso
1589 1919 1693 2002 dispo·

436 2026 586 2090 nendum.

541 2149 617 2214 Item
637 2149 813 2232 Gregorius
829 2151 933 2212 dictus
950 2149 1132 2234 Chesarych
1150 2169 1206 2233 per
1223 2150 1500 2231 adjudicacionem
1519 2151 1691 2234 juratorum

433 2257 552 2340 jurabit
575 2269 689 2320 octavo
714 2256 765 2317 die
798 2276 893 2339 super
923 2276 1010 2319 aram
1043 2271 1152 2318 contra
1177 2256 1386 2318 Katherinam
1416 2258 1508 2319 aliter
1533 2257 1690 2340 Kathycza

436 2377 593 2442 vocatam,
618 2363 762 2426 relictam
787 2363 873 2425 Iwan
891 2362 1168 2447 Cordinchewych
1185 2384 1279 2448 super
1303 2384 1353 2443 eo,
1378 2381 1413 2426 ut
1429 2365 1536 2446 ipsum
1561 2385 1615 2426 vas
1630 2364 1689 2425 vini

433 2484 464 2532 et
487 2470 636 2553 pulvinar
668 2483 699 2531 et
730 2482 833 2532 cetera
865 2469 1069 2550 lectisternia,
1101 2490 1164 2552 que
1196 2471 1263 2552 ipsa
1297 2471 1470 2533 Katherina
1499 2491 1596 2553 super
1625 2472 1688 2552 ipso

433 2575 591 2658 Gregorio
615 2575 788 2639 Chesarich
812 2579 1064 2659 prosequebatur
1083 2597 1140 2660 per
1155 2577 1388 2659 litigionarium
1411 2596 1608 2660 processum,
1625 2595 1683 2638 non

433 2682 563 2746 luerunt
587 2683 686 2765 ipsius
710 2683 807 2744 iwani
833 2682 1112 2762 Cordinchewich‚
1133 2683 1189 2744 sed
1206 2685 1312 2766 ipsum
1335 2703 1390 2745 vas
1414 2683 1480 2744 vini
1500 2684 1600 2766 ipsius
1616 2681 1686 2744 Gre-

431 2790 514 2872 gorii
538 2788 658 2868 luisset,
683 2789 871 2870 dictumque
896 2790 1045 2870 pulvinar
1076 2790 1185 2851 matris
1217 2790 1325 2851 uxoris
1357 2789 1503 2851 eiusdem
1537 2788 1686 2870 Gregorii,

434 2910 465 2958 et
488 2895 602 2958 eadem
625 2909 727 2958 mater
751 2895 835 2957 dicte
859 2896 967 2958 uxoris
990 2895 1090 2978 ipsius
1115 2894 1263 2978 Gregorii
1281 2895 1386 2959 eidem
1411 2897 1583 2958 uxorisne
1607 2895 1684 2976 lega·

433 3001 528 3064 visset
551 3015 583 3063 et
605 3001 788 3064 dimisisset.

541 3125 620 3188 ltem
644 3125 761 3208 jurabit
784 3125 967 3187 Demetrius
990 3125 1094 3188 cultor
1116 3124 1202 3188 filius
1229 3126 1314 3188 Petri
1338 3145 1395 3208 per
1418 3126 1682 3209 adjudicacionem

434 3230 612 3312 juratorum
637 3245 752 3294 octavo
776 3231 828 3292 die
846 3251 941 3313 super
958 3251 1044 3292 aram
1070 3245 1179 3294 contra
1198 3230 1392 3314 Gregorium
1410 3231 1583 3296 Chesarich
1598 3249 1681 3313 super

438 3358 478 3399 eo
502 3338 729 3400 secundusmet
752 3357 850 3419 penes
874 3337 1063 3400 effusionem
1087 3338 1252 3420 sanguinis
1282 3339 1343 3419 sui,
1367 3353 1403 3402 ut
1429 3340 1497 3421 ipse
1522 3338 1679 3420 Gregorius

435 3443 612 3525 predictam
636 3444 801 3525 sanguinis
817 3443 1006 3506 effusionem
1023 3464 1118 3526 super
1134 3445 1238 3527 ipsum
1256 3445 1458 3507 Demetrium
1474 3455 1676 3528 perpetrasset.

436 3677 534 3753 Feria
562 3687 660 3753 sexta
689 3683 843 3770 proxima
871 3687 949 3771 post
976 3681 1099 3753 festum
1139 3681 1377 3772 hpparicionis
1406 3683 1495 3753 beati
1525 3679 1675 3752 Michaelis

961 3805 1166 3896 archangeli.

970 3935 1034 4057 (ι).
1059 3974 1162 4050 maii).

541 4134 619 4196 Item
651 4135 789 4197 Jacobus
820 4133 942 4216 juratus
983 4135 1068 4197 iilius
1099 4135 1184 4198 Petri
1217 4135 1340 4219 Saphar
1382 4151 1494 4199 contra
1530 4133 1669 4214 Mathyant

434 4241 552 4303 Farlras
577 4242 608 4302 in
633 4241 737 4323 primo
762 4241 882 4322 judicio
906 4243 1050 4324 proxime
1075 4255 1210 4304 venturo
1239 4242 1400 4304 tenebitur
1425 4241 1607 4326 respondere
1628 4255 1667 4298 or·

436 4345 512 4407 dine
535 4345 612 4427 juris
636 4347 829 4429 requirente.

540 4469 619 4532 Item
637 4470 730 4554 Gyan
756 4472 885 4554 pellifex
909 4487 1018 4534 contra
1048 4472 1226 4554 Georgium
1250 4471 1421 4536 Ztakorich
1453 4473 1556 4556 primo
1577 4469 1667 4533 citatus

434 4595 500 4637 non
525 4577 716 4656 comparuit.

540 4682 618 4743 Item
649 4683 725 4764 quia
755 4683 930 4765 Gregorius
962 4685 1064 4746 dictus
1100 4683 1273 4747 Chesarich
1312 4683 1397 4746 iilius
1429 4672 1567 4769 Philippi
1603 4680 1666 4761 jura·

434 4801 578 4849 mentum
603 4788 662 4848 sibi
680 4809 736 4870 per
761 4789 881 4870 juratos
897 4803 1006 4851 contra
1031 4791 1197 4851 dominam
1217 4790 1403 4852 Katerinam
1425 4792 1517 4854 aliter
1534 4787 1665 4868 Kathycza

437 4905 605 4972 vocatam,
638 4895 820 4975 nuperrime
852 4894 1081 4977 adjudicatum,
1105 4895 1242 4979 prestitit
1271 4909 1303 4958 et
1332 4897 1483 4980 deposuit
1513 4910 1545 4959 ut
1571 4887 1666 4962 debuilr

434 4997 574 5079 ideoque
599 5000 702 5080 ipsum
728 4999 921 5082 Gregorium
953 5001 1126 5065 Chesarich
1149 5002 1190 5064 ad
1214 5003 1408 5065 instanciam
1443 5003 1540 5086 ipsius
1561 4995 1666 5061 domiue
