3876 5798
698 564 785 621 Anno
807 578 900 642 1443.
926 597 966 607 -
990 578 1040 623 22.
1064 566 1173 625 martii.
1509 565 1568 646 385

308 773 491 834 concivium
522 775 708 836 testimonio
733 776 764 836 in
797 776 872 836 sede
905 789 1011 838 nostra
1043 775 1209 856 judiciaria
1242 775 1324 838 clare
1348 777 1572 858 comprobavit

308 899 414 940 coram
439 881 542 960 nobis,
567 895 602 942 ut
618 880 695 942 dum
712 879 855 963 prefatus
878 881 1062 944 Anthonius
1080 882 1267 944 Mozlauecz
1285 883 1317 943 in
1341 883 1490 944 extremis
1506 884 1570 946 vite

307 1006 363 1048 sue
387 987 575 1068 temporalis
607 987 791 1066 laborasset,
820 1001 898 1050 tunc
931 989 997 1070 ipse
1030 988 1233 1050 medietatem
1266 988 1431 1050 cuiusdam
1456 989 1571 1050 domus

307 1113 363 1154 sue
388 1107 418 1154 et
442 1092 533 1155 fundi
552 1113 588 1155 ac
606 1093 831 1156 hedificiorum
856 1095 888 1156 in
906 1095 977 1156 vico
995 1095 1143 1157 exteriori
1168 1107 1312 1158 sutorum
1330 1094 1448 1175 habite,
1465 1097 1569 1179 ipsum

307 1199 482 1263 literatorie
506 1215 763 1280 concernentem,
781 1219 853 1262 cum
874 1201 939 1262 suis
956 1201 1159 1284 pertinenciis
1184 1202 1324 1284 predicte
1343 1202 1443 1264 Elene
1460 1203 1569 1266 relicte

306 1327 363 1368 sue
387 1307 556 1389 legavisset
579 1307 647 1390 jure
671 1306 859 1390 perhennali
884 1307 1123 1389 possidendam,
1146 1308 1285 1390 ideoque
1310 1329 1368 1371 nos
1392 1307 1569 1392 predictam

308 1413 515 1475 medietatem
540 1415 640 1496 ipsius
672 1413 798 1492 domus,
831 1411 922 1474 fundi
947 1427 978 1474 et
1009 1412 1232 1475 hedificiorum
1258 1434 1331 1476 cum
1362 1415 1427 1476 suis
1450 1415 1569 1477 utilita-

306 1518 392 1580 tibus
416 1532 447 1581 et
477 1520 686 1602 pertinenciis
718 1520 875 1583 universis
905 1518 1025 1601 prefate
1059 1520 1158 1582 Elene
1191 1520 1317 1582 mulieri
1351 1521 1428 1582 alias
1452 1521 1568 1602 etjam

307 1639 415 1688 nostre
440 1627 565 1688 concivi
590 1647 626 1689 ac
649 1647 705 1710 per
729 1647 800 1690 eam
825 1627 891 1688 suis
906 1626 1077 1689 heredibus
1101 1627 1270 1689 statuimus
1294 1641 1451 1709 perpetuo
1469 1628 1569 1710 possi·

307 1732 447 1794 dandam
465 1745 496 1794 et
508 1733 817 1815 quomodocumque
834 1733 972 1796 voluerit
988 1733 1222 1816 disponendam
1239 1733 1325 1814 juxta
1343 1735 1569 1796 condicionem

306 1837 441 1900 civitatis
464 1853 630 1922 prenotate
655 1841 695 1902 ab
719 1840 853 1922 antiquo
877 1841 1097 1922 approbatam.

410 1946 488 2008 Item
506 1947 582 2028 quia
600 1947 757 2009 Martinus
773 1959 862 2008 sutor
879 1947 998 2030 Ztyzka
1016 1945 1099 2008 filius
1116 1945 1280 2024 lohannis,
1294 1946 1435 2008 concivis
1453 1961 1568 2028 noster,

306 2051 338 2112 id
365 2071 437 2113 cum
463 2051 633 2115 sufficienti
661 2067 692 2115 et
715 2052 879 2134 fidedigno
904 2067 1086 2114 nostrorum
1120 2052 1300 2114 concivium
1325 2054 1511 2116 testimonio
1536 2055 1568 2115 in

306 2157 381 2220 sede
406 2173 512 2222 nostra
537 2159 704 2242 judiciaria
730 2159 813 2220 clare
837 2158 1059 2242 comprobavit
1083 2177 1190 2220 coram
1208 2159 1313 2238 nobis,
1338 2173 1372 2221 ut
1395 2159 1473 2221 dum
1498 2180 1568 2240 pre·

306 2263 410 2326 dictus
433 2265 619 2327 Anthonius
643 2265 831 2327 Mozlauecz
855 2265 887 2326 in
921 2264 1070 2326 extremis
1094 2264 1157 2325 vite
1190 2283 1246 2326 sue
1270 2265 1455 2347 temporalis
1479 2265 1568 2327 labo·

307 2385 416 2450 rasset,
448 2384 524 2434 tunc
555 2373 623 2455 ipse
654 2372 834 2455 predictum
867 2371 1041 2433 Martinum
1079 2384 1220 2432 sutorem
1252 2370 1505 2432 commissarium
1538 2383 1569 2433 et

307 2490 509 2540 executorem
535 2499 646 2540 verum
671 2478 866 2561 legittimum
883 2491 1042 2540 certorum
1067 2497 1197 2539 suorum
1224 2479 1383 2540 bonorum
1407 2492 1438 2540 et
1461 2497 1568 2540 rerum

305 2603 341 2644 ac
360 2585 597 2665 possessionum
610 2605 740 2647 suarum
758 2585 973 2647 constituisset
989 2598 1019 2646 et
1035 2584 1095 2645 sibi
1109 2585 1204 2646 aliam
1222 2598 1253 2646 et
1269 2584 1430 2647 residuam
1448 2585 1568 2648 medie-

305 2703 404 2752 tatem
429 2691 511 2753 dicte
537 2692 664 2771 domus,
689 2691 781 2754 fundi
807 2705 837 2753 et
864 2689 1087 2753 hedificiorum
1118 2710 1249 2752 suorum
1274 2711 1371 2772 quam
1396 2691 1568 2754 Dominico

305 2798 405 2860 sutori
437 2798 525 2881 olym
558 2798 619 2860 civi
652 2797 841 2861 Chasmensi
870 2797 1059 2859 vendiderat
1090 2817 1147 2879 pro
1179 2797 1222 2858 Xl
1254 2797 1322 2860 flor.
1353 2798 1439 2878 auri,
1473 2811 1504 2860 et
1527 2798 1567 2860 ad

304 2903 407 2985 ipsam
432 2904 657 2966 vendicionem
687 2904 770 2968 dicte
800 2903 981 2966 medietatis
1012 2904 1138 2982 domus,
1163 2901 1254 2964 fundi
1287 2916 1318 2965 et
1341 2902 1565 2966 hedificiorum

305 3010 522 3092 predictorum
548 3011 693 3093 quinque
717 3009 786 3074 flor.
812 3011 880 3072 auri
904 3011 971 3093 ipse
990 3009 1180 3071 Dominicus
1203 3022 1291 3070 sutor
1315 3010 1375 3092 ipsi
1399 3009 1567 3072 Anthonio

306 3117 495 3180 Mozlauecz
518 3138 577 3200 pro
602 3139 669 3180 arra
695 3118 844 3196 dedisset,
862 3118 1004 3199 reliquos
1020 3136 1096 3178 vero
1120 3116 1161 3178 Vl
1186 3115 1255 3178 flor.
1280 3115 1349 3178 auri
1374 3116 1479 3179 eidem
1501 3122 1566 3179 An-

306 3223 419 3286 thonio
444 3225 631 3287 Mozlauecz
655 3225 759 3287 adhuc
783 3243 847 3286 non
879 3223 1094 3306 persolvendo
1126 3237 1271 3284 mortuus
1295 3221 1405 3284 luisset
1427 3221 1568 3305 prelatus

307 3329 508 3410 Dominicus‚
540 3345 571 3393 et
601 3332 626 3393 si
658 3330 792 3392 heredes
823 3331 922 3413 ipsius
953 3329 1116 3391 Dominici
1147 3330 1263 3390 sutoris
1295 3328 1397 3392 dictos
1420 3350 1473 3391 sex
1497 3330 1566 3392 flor.

304 3437 372 3498 auri
398 3437 457 3518 ipsi
483 3438 622 3500 Martino
639 3437 738 3498 sutori
763 3437 882 3520 Ztyzka
914 3435 1125 3519 persolverint
1153 3434 1257 3496 eidem
1290 3435 1429 3496 Martino
1454 3436 1565 3516 sutori,

302 3541 432 3625 prelatis
464 3543 636 3618 heredibus
667 3543 800 3604 reddere
832 3543 1042 3605 commisisset
1076 3555 1231 3624 perpetuo
1263 3541 1509 3624 possidendam,
1540 3543 1566 3604 si

303 3669 379 3711 vero
397 3670 462 3712 non
479 3651 690 3733 persolverint
702 3670 758 3711 seu
775 3649 958 3731 persolvere
975 3648 1200 3727 recusaverint,
1217 3663 1294 3710 tunc
1311 3649 1428 3711 dictam
1445 3649 1566 3712 medie·

303 3769 399 3819 tatem
426 3757 552 3836 domus,
578 3755 669 3819 fundi
695 3772 725 3818 et
748 3756 971 3819 hedificiorum
996 3753 1119 3837 prelato
1148 3754 1287 3816 Martino
1312 3757 1411 3817 sutori
1437 3755 1564 3837 plenam

303 3863 463 3924 vendendi
490 3877 522 3925 et
545 3863 649 3924 debita
676 3883 731 3924 sua
756 3862 972 3946 persolvendi,
996 3861 1160 3923 residuum
1193 3881 1269 3922 vero
1293 3881 1352 3943 pro
1377 3862 1484 3924 anima
1508 3883 1565 3925 sua

305 3968 481 4050 elargiendi
506 3969 718 4031 commisisset
739 3983 948 4051 potestatem;
973 3983 1003 4030 et
1028 3969 1100 4049 quia
1128 3967 1185 4050 ipsi
1204 3966 1337 4029 heredes
1354 3967 1429 4030 dicti
1454 3967 1565 4030 Domi-

303 4075 365 4136 nici
390 4075 492 4138 dictos
516 4075 558 4138 Vl
583 4075 652 4140 flor.
677 4076 745 4138 auri
771 4075 830 4157 ipsi
855 4075 993 4136 Martino
1015 4074 1115 4135 sutori
1139 4093 1196 4156 per
1212 4073 1484 4136 ammonicionem
1508 4095 1565 4137 no-

302 4194 397 4242 stram
424 4181 631 4244 literatoriam
656 4183 838 4265 persolvere
868 4194 1103 4258 recusaverunt,
1136 4179 1275 4261 ideoque
1307 4199 1366 4241 nos
1390 4181 1565 4262 predictam

302 4287 509 4350 medietatem
534 4289 634 4370 ipsius
651 4289 777 4368 domus,
795 4287 886 4350 fundi
900 4301 931 4350 et
947 4286 1169 4348 hedificiorum
1189 4305 1260 4348 cum
1280 4287 1345 4348 suis
1362 4287 1566 4369 pertinenciis

303 4393 448 4475 predicto
482 4395 622 4457 Martino
654 4395 782 4478 plenam
816 4394 977 4456 vendendi
1002 4409 1034 4456 et
1064 4393 1163 4455 modo
1187 4393 1341 4475 premisso
1374 4393 1565 4476 disponendi

302 4499 506 4563 attribuimus
530 4499 725 4565 facultatem.

410 4605 488 4669 Item
514 4607 661 4691 Mathyas
678 4606 845 4670 Ztakorich
871 4621 980 4668 contra
1006 4607 1086 4669 Pero
1114 4607 1251 4688 juratum
1283 4605 1425 4668 secundo
1450 4606 1562 4668 citatus

302 4732 367 4774 non
393 4715 582 4796 comparuit.

411 4818 488 4880 Item
506 4839 632 4880 causam
651 4819 790 4881 Emerici
808 4818 901 4900 jurati
919 4819 1001 4900 Sega
1019 4819 1100 4880 inter
1117 4817 1221 4901 ipsum
1247 4832 1277 4879 et
1294 4819 1375 4880 inter
1391 4818 1472 4878 Pero
1489 4817 1562 4879 Bar-

304 4925 429 4985 berium
457 4945 563 4986 coram
589 4924 698 5006 juratis
722 4939 854 5006 motam,
884 4925 982 4987 iidem
1007 4925 1099 5005 jurati
1124 4944 1182 5006 pro
1207 4925 1332 4986 meliori
1357 4924 1455 5006 ipsius
1471 4943 1563 4986 cause

301 5029 536 5092 deliberacione
553 5031 593 5092 ad
610 5031 749 5114 primum
766 5031 922 5114 judicium
940 5031 1084 5114 proxime
1109 5051 1278 5092 occurrens
1295 5045 1560 5113 prorogaverunt.

1418 5139 1456 5200 25
