3740 5810
717 519 916 595 Ann01419.
940 551 984 564 -·
1006 528 1055 596 27.
1072 522 1224 594 sanuanl.

443 727 521 790 item
550 727 683 810 provida
707 728 840 790 domina
865 728 1028 792 Dorothea
1048 742 1172 808 vocata,
1196 749 1282 792 nunc
1315 748 1445 793 consors
1468 729 1594 792 Nicoiai

337 832 394 895 tilii
421 833 586 912 lobannis,
611 854 720 896 coram
745 835 839 896 nobis
855 836 1088 917 comprobavit,
1113 835 1201 918 quod
1219 835 1352 918 quidam
1366 833 1502 919 (b)0rtus
1519 836 1599 899 inter

336 941 489 1024 (h)ortum
514 941 633 1023 prividi
659 941 718 1003 viri
743 941 863 1003 Vrbani
889 941 1014 1022 pridem
1038 940 1131 1023 jurati
1150 941 1302 1004 videlicet
1325 941 1546 1025 Crapcbeuich
1569 955 1601 1004 et

336 1047 476 1109 rivulum
503 1048 652 1122 existens,
679 1067 695 1108 a
722 1061 902 1110 matresua
927 1047 1106 1110 Zereberns
1123 1047 1295 1110 devolutus
1316 1047 1497 1110 haberetur.

442 1153 520 1215 Item
544 1153 678 1236 provida
703 1153 818 1215 mulier
843 1154 984 1216 Brumna
1011 1168 1134 1234 vocata,
1158 1153 1268 1216 relicta
1300 1154 1438 1218 condam
1464 1155 1595 1217 Philech

336 1279 443 1322 coram
469 1259 563 1322 nobis
579 1261 813 1342 comprobavit,
833 1261 922 1343 quod
939 1260 1018 1323 dum
1035 1261 1121 1323 idem
1140 1261 1270 1323 Philech
1287 1260 1482 1324 inhumanis
1505 1261 1593 1325 labo-

337 1379 443 1445 rasset,
467 1379 543 1428 tunc
567 1365 704 1428 fundum
721 1386 813 1428 suum
840 1367 872 1428 in
890 1367 963 1430 vico
982 1367 1262 1430 Theutonicorum
1286 1367 1474 1431 existentem
1491 1368 1595 1430 eidem

336 1473 557 1535 commisisset.

442 1579 519 1641 Item
553 1579 638 1641 lwan
662 1578 747 1642 filius
772 1579 930 1662 Chaplich
955 1594 1062 1642 noster
1093 1581 1234 1642 concivis
1258 1600 1365 1642 coram
1390 1581 1485 1643 nobis
1508 1599 1594 1642 com·

335 1687 495 1768 probavit,
520 1699 555 1748 at
579 1685 656 1748 dum
675 1685 835 1768 Georgius
851 1685 935 1748 iilius
960 1688 1070 1748 Maren
1088 1687 1120 1748 in
1145 1687 1294 1749 extremis
1317 1687 1502 1766 laborasset,
1518 1700 1595 1748 tunc

336 1794 499 1874 quandam
517 1793 644 1855 vineam
669 1813 758 1856 suam
777 1793 859 1856 inter
876 1793 984 1854 vineas
1002 1792 1119 1876 Gyuan
1136 1794 1260 1875 pridem
1284 1793 1399 1875 judicis
1422 1808 1453 1855 et
1469 1793 1598 1856 Andree

335 1899 518 1960 Hernchich
544 1899 685 1961 habitam
711 1900 770 1982 ipsi
794 1899 879 1962 Iwan
903 1901 1041 1962 vendere
1069 1916 1100 1962 et
1123 1920 1181 1982 pro
1205 1899 1305 1962 salute
1329 1901 1436 1962 anime
1460 1919 1516 1962 sue
1540 1919 1593 1962 ex·

335 2025 457 2087 ponere
481 2006 703 2068 commisisset.

443 2112 521 2173 Item
547 2111 633 2174 idem
658 2111 742 2173 iwan
767 2125 798 2174 et
823 2111 990 2175 Elizabetb
1015 2133 1156 2192 consors,
1174 2113 1283 2175 relicta
1307 2113 1445 2176 condam
1460 2110 1593 2194 Georgii

334 2219 459 2296 Maren,
474 2219 726 2301 comprobarunt
751 2219 793 2297 id,
818 2217 906 2300 quod
931 2219 1009 2280 dum
1034 2219 1120 2281 idem
1139 2219 1298 2301 Georgius
1322 2220 1355 2281 in
1379 2219 1528 2281 extremis
1551 2219 1596 2280 la-

334 2327 479 2387 borasset
513 2325 591 2386 alias
626 2324 734 2386 vineas
765 2344 837 2385 suas
873 2337 904 2387 et
935 2324 1051 2387 domos
1083 2326 1159 2408 ipsis
1190 2326 1402 2388 commisisset
1438 2339 1595 2408 perpetuo

333 2428 555 2512 possidendas.

374 2649 469 2722 Feria
497 2659 596 2722 sexta
625 2653 779 2740 proxima
808 2659 885 2741 post
922 2652 1044 2724 festum
1073 2650 1307 2724 conversionis
1334 2653 1425 2723 beati
1455 2651 1548 2724 Pauli

890 2776 1045 2865 apostoli.

841 2939 903 3006 (27.
920 2929 1084 3004 januaria).

439 3067 536 3141 Quod
561 3067 636 3148 quia
661 3067 741 3128 alias
765 3067 848 3128 circa
872 3067 989 3129 festum
1015 3067 1097 3128 beati
1124 3064 1272 3149 Gregorii
1297 3086 1377 3148 pape
1403 3065 1491 3148 quod
1509 3066 1592 3127 Hor-

333 3195 427 3258 woya
460 3173 597 3234 Paulum
629 3172 732 3234 Totar
763 3192 828 3234 non
858 3175 963 3255 potuit
994 3174 1167 3234 convenire
1199 3172 1375 3252 falsarium,
1406 3186 1440 3233 ut
1464 3173 1595 3251 dixerat,

334 3281 407 3342 ideo
440 3300 496 3362 per
527 3279 669 3340 seniores
700 3278 822 3360 judices
853 3279 1072 3362 adjudicatum
1101 3293 1164 3357 est,
1197 3279 1285 3360 quod
1316 3280 1347 3340 in
1380 3279 1495 3342 eodem
1529 3279 1594 3361 ipse

333 3387 498 3469 Horwoya
524 3399 571 3448 est
595 3386 760 3447 convictus
784 3385 815 3446 in
841 3405 906 3466 quo
931 3385 1014 3448 iacto
1039 3387 1143 3468 ipsum
1168 3385 1305 3447 Paulum
1330 3385 1419 3448 dixit.

439 3493 517 3554 Item
550 3493 625 3574 quia
651 3492 815 3575 Horwoya
840 3492 993 3554 Nicolaus
1025 3493 1148 3574 pridem
1183 3492 1214 3552 in
1240 3491 1315 3553 sede
1348 3491 1513 3573 judiciaria
1537 3491 1593 3552 ubi

333 3598 428 3661 Chon
453 3598 548 3680 judex
572 3599 746 3660 modernus
770 3618 843 3661 cum
867 3599 977 3681 juratis
999 3611 1131 3679 totaque
1164 3598 1393 3660 communitate
1419 3599 1451 3658 in
1473 3597 1594 3679 judicio

333 3706 536 3783 consedebat,
561 3707 665 3788 ipsum
688 3705 793 3767 verbis
824 3704 1067 3766 contumeliosis
1091 3717 1121 3766 et
1153 3704 1356 3784 vituperiosis
1381 3704 1594 3786 pertractavit,

333 3811 470 3874 dicendo
495 3812 599 3894 ipsum
632 3810 748 3873 falsum
780 3811 919 3892 judicem
953 3831 1030 3890 esse,
1055 3811 1161 3872 minus
1193 3811 1285 3892 juste,
1310 3830 1385 3872 mox
1410 3811 1476 3893 ipse
1500 3810 1595 3891 judex

332 3918 491 4001 justiciam
517 3918 577 3979 sibi
595 3939 613 3979 a
636 3917 746 4000 juratis
763 3931 794 3979 et
817 3931 883 3979 tota
906 3918 1136 3979 communitate
1152 3918 1265 3999 petivit
1281 3917 1456 4000 impertiri;
1473 3917 1593 3980 ibidem

331 4025 424 4107 jurati
450 4040 480 4087 et
504 4037 571 4087 tota
595 4024 810 4086 communitas
834 4024 1007 4085 terminum
1035 4024 1178 4106 partibus
1202 4023 1243 4085 ad
1267 4025 1521 4106 comparendum
1546 4044 1594 4086 ss·

330 4133 505 4212 signarunt,
530 4131 563 4192 in
588 4150 653 4211 quo
677 4131 817 4192 termino
842 4131 910 4212 ipse
934 4130 1086 4192 Nicolaus
1115 4130 1277 4214 Herwoya
1309 4130 1476 4192 accionem
1499 4149 1592 4192 suam

331 4237 517 4320 predictam,
542 4235 691 4298 videlicet
714 4235 775 4297 hoc
799 4250 833 4297 ut
850 4237 955 4318 ipsum
980 4235 1118 4317 judicem
1137 4234 1253 4297 falsum
1277 4234 1345 4298 fore
1362 4249 1459 4318 prout
1474 4255 1591 4319 propo·

330 4344 394 4405 suit
410 4344 620 4425 comprobare
638 4343 785 4419 deberet;
811 4362 875 4424 quo
900 4342 1039 4404 termino
1057 4342 1246 4404 adveniente
1264 4343 1416 4405 Nicolaus
1432 4343 1594 4425 predictus

330 4451 435 4532 ipsum
459 4450 598 4532 judicem
623 4448 789 4510 falsarium
813 4470 879 4511 esse
904 4450 1039 4532 probare
1064 4468 1128 4510 non
1154 4450 1270 4531 potuit,
1295 4448 1369 4511 ideo
1394 4449 1528 4531 predicti
1546 4448 1594 4529 ju-

330 4558 399 4635 rati,
432 4569 564 4639 totaque
597 4557 811 4617 communitas
850 4555 1093 4636 adjudicarunt,
1130 4556 1218 4637 quod
1249 4555 1410 4638 predictus
1442 4555 1594 4617 Nicolaus

330 4667 495 4749 Horwoya
520 4677 630 4727 contra
654 4666 759 4748 ipsum
786 4663 880 4727 Chon
904 4665 1044 4747 judicem
1071 4666 1102 4726 in
1121 4665 1233 4727 eadem
1257 4685 1340 4748 pena
1357 4663 1502 4727 falsitatis
1518 4685 1593 4727 con·

331 4773 433 4834 victus
456 4771 626 4832 haberetur
650 4791 689 4833 eo
714 4770 809 4834 facto,

436 4877 515 4939 item
547 4881 655 4958 Agnes
687 4877 797 4940 relicta
829 4876 958 4959 Mathey
993 4877 1024 4937 in
1057 4877 1131 4939 sede
1161 4889 1268 4938 nostra
1302 4895 1408 4938 coram
1442 4876 1536 4937 nobis
1560 4877 1593 4937 id

334 4986 417 5052 clare
450 4985 683 5069 comprobavit,
717 4984 804 5067 quod
838 4983 977 5066 quedam
1008 4983 1101 5046 vinea
1134 4983 1215 5046 inter
1246 4983 1373 5045 vineam
1399 4982 1527 5045 Martini
1559 4983 1591 5046 in
