3740 5810
397 539 441 602 80
778 543 978 620 Anno1420.
1003 574 1043 585 —
1067 539 1119 604 26.
1136 541 1286 618 januarii.

398 753 618 836 posicionibus
641 753 740 836 ipsius
770 752 900 815 Andree
932 765 963 814 et
993 752 1212 835 responsionis
1235 751 1319 815 dicte
1352 752 1452 814 Elene
1475 751 1581 814 taliter
1605 751 1658 812 ad·

380 897 387 920 a
397 859 590 941 judicarunt,
615 859 703 942 quod
728 861 841 921 eadem
870 858 972 920 Elena
1004 871 1119 922 octavo
1143 858 1196 920 die
1227 859 1389 921 tenebitur
1412 871 1551 940 prestare
1576 857 1659 938 jura-

398 978 542 1027 mentum
568 966 837 1047 quinquagesimo
861 984 893 1026 se
918 965 979 1026 sibi
1007 965 1166 1027 similibus
1183 965 1216 1026 in
1241 983 1291 1044 eo,
1315 964 1404 1046 quod
1421 965 1488 1047 ipsa
1512 965 1546 1025 in
1569 963 1660 1026 totali

398 1072 529 1133 accione
561 1072 715 1153 premissa
747 1070 912 1154 prescripti
946 1070 1073 1132 Andtee
1105 1090 1162 1132 seu
1194 1071 1227 1132 in
1252 1083 1354 1133 morte
1386 1071 1462 1132 dicti
1495 1069 1660 1132 Michaelis

400 1177 553 1239 innocens
576 1178 616 1240 sit
640 1191 671 1239 et
702 1177 874 1253 immunis;
900 1189 930 1238 et
957 1176 1087 1237 tandem
1119 1196 1192 1238 cum
1218 1177 1285 1259 ipsa
1318 1176 1420 1239 Elena
1444 1196 1539 1238 suum
1563 1175 1663 1258 depo-

401 1285 498 1345 suerit
522 1284 749 1366 juramentum,
773 1281 914 1366 prelatus
939 1282 1083 1344 Andreas
1115 1283 1147 1343 in
1173 1283 1282 1343 medio
1306 1281 1473 1364 (h)omagii
1498 1281 1664 1343 convictus

401 1389 571 1452 habebitur
594 1410 633 1452 eo
658 1389 760 1466 fact03
784 1389 958 1470 medioque
982 1403 1127 1471 tempore
1155 1389 1267 1451 eadem
1294 1389 1394 1450 Elena
1419 1408 1477 1470 pro
1502 1388 1665 1470 quinqua-

398 1497 487 1577 ginta
511 1497 625 1558 marcis
647 1497 808 1558 tenebitur
831 1496 907 1557 dare
930 1494 1112 1576 fidedignos
1135 1494 1348 1557 fideiussores.

507 1601 585 1665 ltena
620 1622 712 1664 causa
744 1603 825 1664 inter
859 1600 1038 1683 Georgium
1069 1601 1208 1663 Puchich
1239 1615 1272 1664 et
1303 1599 1505 1664 Anthonium
1536 1599 1663 1683 pridem

399 1707 540 1790 judicem
565 1708 641 1770 item
666 1709 749 1770 inter
773 1728 904 1770 uxorem
930 1721 961 1770 et
985 1706 1084 1768 filiam
1109 1707 1184 1769 dicti
1210 1706 1342 1789 Georgii
1367 1721 1538 1790 prorogata
1554 1721 1601 1770 est
1623 1707 1663 1769 ad

400 1827 473 1876 octo
497 1813 574 1877 dies.

506 1921 585 1983 ltem
609 1921 757 1983 Vrbanus
780 1919 865 1982 filius
888 1919 1014 1982 Nicolai
1031 1938 1104 1981 curn
1121 1920 1307 1983 testimonio
1331 1919 1496 2002 fidedigno
1517 1939 1665 2002 compro-

402 2027 499 2105 bavit,
525 2027 613 2108 quod
638 2027 777 2108 quedam
808 2041 890 2088 terra
921 2047 1019 2108 penes
1052 2026 1271 2088 Cernomerch
1304 2026 1380 2090 dicti
1408 2027 1534 2088 Nicolai
1567 2027 1665 2108 patris

401 2133 449 2194 sui
475 2131 535 2194 tuit
559 2133 653 2195 etad
679 2133 784 2216 ipsum
810 2132 962 2195 devoluta
986 2132 1131 2195 habetur.

512 2347 608 2422 Faria
636 2359 734 2422 serta
763 2352 917 2439 proxima
945 2359 1023 2440 post
1050 2352 1174 2423 festum
1202 2350 1436 2424 Conversionis
1464 2352 1554 2424 beati

891 2475 988 2546 Pauli
1015 2476 1172 2564 apostoli.

911 2625 974 2706 (26.
989 2631 1156 2706 januaria).

505 2766 582 2828 ltem
606 2766 790 2830 Anthonius
807 2767 933 2830 villicus
950 2769 1027 2830 alias
1051 2769 1143 2831 Nove
1166 2769 1241 2832 ville
1257 2768 1335 2832 feria
1358 2769 1454 2832 tercia
1479 2789 1564 2832 nunc
1580 2768 1659 2831 affu-

400 2887 471 2935 tura
496 2873 657 2935 tenebitur
673 2886 811 2955 prestare
828 2873 1044 2955 juramentum
1068 2875 1101 2936 in
1118 2895 1168 2954 eo,
1186 2875 1274 2957 quod
1300 2877 1366 2958 ipse
1384 2876 1566 2937 nescivisset
1582 2895 1656 2937 cunr

402 2979 565 3061 quandam
589 2979 715 3040 vineam
741 2999 759 3040 a
783 2980 893 3042 relicta
917 2979 1070 3043 Sorchich
1098 2995 1323 3063 comparasset,
1353 2981 1442 3063 quod
1468 2982 1581 3062 viginti
1606 3001 1662 3043 cu·

405 3086 499 3148 bulos
523 3087 615 3148 vinea
642 3086 682 3148 de
706 3086 819 3148 eadem
843 3087 978 3168 singulis
1001 3088 1093 3149 annis
1124 3088 1296 3150 colendino
1320 3087 1370 3170 (ex
1394 3087 1495 3171 parte)
1519 3087 1664 3169 predicte

402 3193 513 3254 relicte
546 3193 576 3254 in
609 3193 674 3255 vita
698 3212 753 3254 sua
786 3192 861 3254 dare
885 3207 1021 3275 tenetur,
1051 3213 1110 3256 nec
1134 3194 1274 3258 dedisset
1298 3195 1364 3278 ipse
1396 3194 1579 3256 Anthonius
1603 3194 1661 3256 ali-

401 3298 542 3379 quando.

508 3405 586 3467 ltem
618 3405 718 3468 Elena
751 3405 816 3468 filia
841 3406 972 3489 Georgii
1004 3407 1044 3468 de
1075 3407 1272 3487 Rokounolr,
1295 3407 1403 3469 relicta
1435 3406 1572 3469 condam
1605 3405 1665 3467 Mi·

402 3511 521 3574 chaelis
544 3512 673 3573 sartoris
697 3532 798 3595 nuper
821 3533 877 3595 per
901 3512 1075 3595 quemdam
1099 3511 1268 3593 interlecti,
1293 3513 1346 3575 die
1370 3513 1553 3596 supradicto
1570 3513 1664 3594 quin-

405 3618 594 3701 quagesimo
618 3638 651 3680 se
674 3619 734 3680 sibi
759 3619 918 3682 similibus
949 3639 1043 3681 suum
1075 3619 1224 3701 deposuit
1255 3618 1470 3701 juramentum
1496 3631 1531 3680 ut
1554 3617 1666 3680 debuit

403 3743 574 3807 supereo,
600 3725 688 3806 quod
714 3725 781 3805 ipsa
806 3725 837 3786 in
862 3726 953 3788 totali
985 3725 1115 3787 accione
1147 3724 1276 3786 Andree
1305 3725 1435 3788 sartoris
1460 3722 1564 3785 fratris
1587 3724 1663 3785 dicti

405 3829 572 3892 Michaelis
596 3828 765 3910 interfecti,
789 3851 845 3893 seu
862 3831 894 3892 in
919 3843 1022 3893 morte
1039 3831 1116 3893 dicti
1141 3830 1307 3892 Michaelis
1331 3831 1459 3913 penitus
1475 3843 1507 3892 et
1531 3831 1664 3891 omnino

403 3936 556 3997 innocens
581 3949 612 3997 et
635 3936 789 3998 immunis
813 3935 874 3998 fuit
905 3950 936 3999 et
960 3949 1024 4014 est;
1055 3957 1151 4019 super
1175 3955 1241 4018 quo
1273 3937 1410 3998 eandem
1443 3935 1666 3998 commisimus

406 4041 598 4124 expeditam.

509 4148 588 4211 ltem
612 4148 795 4211 Anthonius
820 4147 942 4211 Zudich
974 4162 1083 4211 contra
1108 4148 1289 4211 Johannem
1322 4147 1433 4209 Plusar
1456 4145 1535 4209 feria
1566 4147 1663 4210 tercia

403 4275 488 4316 nunc
519 4256 666 4338 sequenti
697 4256 858 4318 tenebitur
888 4269 1027 4337 prestare
1058 4254 1274 4337 juramentum
1307 4254 1339 4316 in
1372 4273 1421 4332 eo,
1454 4254 1543 4336 quod
1576 4253 1662 4315 idem

404 4361 567 4424 lohannes
602 4362 714 4424 Plusar
749 4375 886 4443 quatuor
917 4360 1057 4423 florenos
1086 4362 1173 4440 auri,
1209 4381 1291 4443 quos
1322 4381 1339 4422 a
1370 4358 1465 4422 fratre
1497 4360 1572 4422 dicti
1598 4364 1664 4420 An·

405 4466 509 4529 thonii
533 4467 612 4528 alias
644 4468 776 4529 nomine
808 4467 912 4529 mutui
944 4467 1117 4546 habuisset,
1149 4487 1230 4549 quos
1262 4467 1361 4528 eciam
1394 4465 1480 4527 idem
1505 4465 1666 4527 lohannes

405 4571 506 4634 lassus
530 4587 577 4635 est
600 4593 632 4634 se
656 4573 815 4651 habuisse,
833 4573 938 4634 eidem
955 4573 1042 4635 fratri
1059 4573 1194 4656 predicti
1211 4571 1368 4634 Anthonii
1385 4591 1451 4633 non
1469 4572 1664 4635 restituisset.

511 4678 589 4740 ltem
615 4677 774 4760 Georgius
799 4679 1012 4741 mercenarius
1029 4679 1170 4741 Ladislai
1194 4677 1346 4740 aurifabri
1379 4691 1488 4740 contra
1513 4677 1598 4739 lwan
1620 4676 1665 4739 f·

406 4784 530 4846 mulum
557 4784 680 4846 domini
714 4782 847 4864 Georgii
878 4785 917 4846 de
950 4785 1093 4847 Chichan
1127 4784 1268 4846 secundo
1301 4804 1333 4845 se
1358 4781 1435 4845 feria
1458 4784 1555 4846 tercia
1580 4803 1665 4846 nunc

407 4890 590 4972 assequenti
614 4892 775 4953 tenebitur
800 4906 939 4974 prestare
967 4891 1194 4974 juramentum,
1226 4890 1314 4972 quod
1339 4890 1443 4972 ipsum
1468 4890 1554 4952 idem
1578 4890 1665 4952 lwan

409 5009 612 5059 cruentasset.
