3678 5800
537 560 741 640 Ann01433.
767 596 807 606 -
832 577 880 638 13.
904 563 1077 626 novembris.
1384 586 1442 648 ¹97

171 772 267 834 nobis
291 773 556 854 comprobarunt,
580 785 615 835 ut
638 772 716 837 dum
741 773 883 856 prefatus
914 774 1052 837 condam
1077 773 1201 858 Gaspar
1233 777 1377 841 literatus
1409 779 1441 842 in

171 879 325 940 extremis
349 879 413 942 vite
437 899 493 941 sue
517 880 704 962 temporalis
720 880 907 961 laborasset,
930 893 1006 944 tunc
1022 894 1168 964 tempore
1185 883 1253 966 ipae
1277 884 1441 948 universas

171 1006 246 1048 suas
269 986 492 1070 possessiones
519 1000 551 1049 et
581 986 751 1070 porciones
779 987 1047 1070 possessionarias
1071 989 1187 1070 quovis
1218 990 1361 1052 nominis
1384 1010 1441 1052 vo·

173 1091 293 1155 cabulo
317 1093 483 1173 vocitatas,
507 1091 539 1154 in
565 1092 649 1155 dicta
672 1092 823 1156 videlicet
839 1093 968 1156 civitate
992 1107 1023 1157 et
1047 1095 1116 1157 eius
1132 1095 1292 1158 territorio
1316 1095 1441 1160 habitas

175 1213 209 1261 et
232 1198 404 1262 existentes
426 1217 464 1262 ac
487 1199 549 1261 alia
574 1199 687 1281 quevis
703 1199 788 1261 bona
811 1219 868 1262 aua
892 1200 1027 1263 mobilia
1043 1201 1194 1264 videlicet
1217 1213 1249 1265 et
1273 1201 1441 1265 inmobilia

175 1325 249 1368 cum
277 1305 440 1389 premissis
466 1305 590 1368 cunctis
611 1306 677 1367 suis
700 1304 892 1369 utilitatibus
915 1321 946 1369 et
968 1306 1174 1391 pertinenciis
1187 1308 1354 1388 universis,
1371 1328 1441 1392 pre-

174 1412 268 1474 dictis
294 1413 395 1475 Elene
420 1411 530 1475 relicte
554 1425 586 1475 et
610 1409 784 1474 Katberine
804 1431 842 1476 ac
869 1413 1009 1477 barbare
1032 1412 1161 1476 filiabus
1183 1413 1249 1476 suia
1271 1414 1441 1496 legavisset

175 1531 208 1580 et
231 1518 403 1581 dimisisset
426 1517 495 1600 jure
511 1517 700 1602 perhennali
717 1517 938 1602 possidendas,
955 1518 1094 1604 ideoque
1119 1539 1178 1584 nos
1194 1521 1352 1604 predictas
1368 1521 1439 1583 uni-

179 1645 287 1688 versas
311 1625 529 1708 possessiones
551 1638 583 1687 et
605 1625 775 1708 porciones
798 1626 1065 1709 possessionariaa
1081 1647 1117 1689 ac
1141 1628 1254 1710 quevis
1270 1627 1354 1690 bona
1371 1647 1440 1689 mo·

179 1731 258 1794 bilia
282 1731 434 1793 videlicet
465 1731 635 1794 inmobilia
665 1731 764 1815 ipsius
792 1730 916 1816 Gaspar
946 1732 1062 1795 literati
1087 1733 1119 1795 in
1152 1733 1236 1796 dicta
1259 1733 1387 1797 civitate
1410 1747 1441 1797 et

177 1837 248 1898 eius
271 1837 434 1899 territorio
457 1836 582 1900 habitas
605 1851 636 1900 et
658 1837 829 1901 existencia
857 1837 974 1920 quovi's
1004 1838 1147 1901 nominis
1169 1839 1330 1902 vocabulo
1353 1840 1440 1902 voci-

175 1956 259 2006 tatas
282 1956 315 2006 et
338 1956 521 2027 nuncupata
545 1963 619 2006 cum
642 1944 708 2006 suis
730 1943 854 2007 cunctis
876 1943 1069 2007 utilitatibus
1092 1957 1124 2008 et
1146 1945 1351 2027 pertinenciis
1367 1946 1438 2007 uni-

174 2049 284 2129 versis,
309 2048 460 2132 predictis
485 2050 585 2113 Elene
602 2048 709 2113 relicte
733 2063 765 2113 et
785 2049 950 2135 Katbycze
967 2070 1023 2114 seu
1048 2050 1223 2115 Katherine
1240 2071 1277 2114 ac
1300 2051 1439 2116 barbare

175 2155 304 2218 filiabus
327 2154 442 2240 prefati
467 2156 590 2240 Gaspar
619 2156 736 2220 literati
767 2176 804 2220 ac
834 2176 891 2240 per
922 2177 975 2220 eas
998 2157 1140 2240 ipsarum
1171 2157 1343 2220 heredibus
1377 2171 1439 2220 sta·

172 2263 297 2326 tuimus
312 2275 343 2326 et
356 2263 576 2326 commisimus
589 2284 626 2326 ex
638 2263 801 2348 premissis
816 2276 973 2347 perpetuo
989 2263 1201 2347 possidendas
1213 2275 1245 2327 et
1257 2265 1439 2347 quomodo·

176 2390 317 2453 cumque
337 2369 500 2432 voluerint
516 2369 732 2454 disponendas
752 2369 838 2452 juxta
856 2369 1081 2433 condicionem
1103 2369 1239 2433 civitatis
1261 2383 1440 2454 prenotate.

283 2477 361 2538 ltem
393 2475 512 2558 jurabit
534 2476 695 2538 solitarius
726 2476 923 2539 Laurentius
946 2475 1073 2539 institor
1105 2475 1190 2538 filius
1213 2476 1298 2538 Petri
1322 2489 1438 2540 octavo

173 2583 226 2645 die
253 2603 349 2666 super
372 2602 459 2645 aram
484 2594 594 2645 contra
619 2581 814 2664 Gregorium
838 2582 916 2644 alias
932 2581 1073 2662 iudicem
1096 2583 1329 2666 provincialem
1354 2583 1439 2667 capi-

172 2689 234 2752 tuli
259 2689 478 2770 zagrabiensis
503 2689 535 2751 in
560 2686 644 2750 lacto
668 2687 835 2751 cuiusdam
864 2688 961 2752 baltei
983 2689 1039 2751 tali
1071 2687 1171 2751 modo
1194 2709 1252 2772 per
1275 2688 1438 2771 adjudica-

176 2795 303 2857 cionem
329 2793 505 2876 juratorum
530 2807 714 2857 nostrorum
744 2795 986 2874 modernorum,
1010 2809 1046 2857 ut
1076 2795 1145 2878 ipae
1170 2796 1367 2858 Laurencius
1391 2797 1438 2858 in·

171 2902 265 2965 stitor
289 2901 410 2964 dictum
436 2901 577 2964 balteum
611 2901 710 2984 ipsius
734 2900 884 2982 Gregorii
915 2902 955 2964 ab
987 2900 1102 2964 eodem
1127 2921 1192 2963 non
1224 2903 1355 2985 recepit,
1379 2923 1438 2966 nec

173 3009 241 3091 ipse
269 3007 444 3089 Gregorius
467 3007 590 3070 dictum
623 3007 765 3070 balteum
796 3027 891 3070 auum
923 3007 1028 3070 eidem
1054 3009 1233 3070 Laurencio
1266 3007 1373 3088 dedit;
1397 3009 1437 3072 de

174 3135 239 3197 qua
264 3113 509 3195 adjudicatione
533 3115 600 3198 ipse
634 3113 810 3196 Gregorius
842 3133 907 3176 non
940 3127 1108 3176 contentus
1138 3114 1312 3198 appellavit
1334 3115 1437 3198 ipsam

174 3239 304 3283 causam
328 3239 418 3282 suam
443 3240 517 3283 cum
541 3221 608 3303 ipsa
640 3219 882 3303 adjudicatione
914 3221 946 3282 in
970 3221 1168 3302 presenciam
1200 3221 1364 3285 seniorum
1388 3221 1437 3306 ju·

173 3327 283 3389 dicum
307 3327 407 3409 ipsius
429 3327 566 3390 civitatis
589 3347 646 3410 per
670 3327 755 3410 ipsos
778 3326 1030 3392 deliberandam.

283 3433 361 3494 ltem
379 3433 497 3496 Paulus
520 3432 605 3496 filius
621 3433 707 3496 lwan
732 3433 808 3496 dicti
826 3432 988 3496 Klachech
1011 3433 1129 3516 jurabit
1144 3434 1307 3497 solitarius
1322 3448 1438 3499 octavo

171 3539 223 3601 die
248 3559 456 3621 superatam
480 3559 538 3624 per
561 3539 837 3617 adjudicacionem
866 3539 1044 3621 juratorum
1076 3553 1187 3604 contra
1210 3541 1435 3606 Nedellronem

170 3657 312 3707 actorem
336 3645 369 3706 in
393 3643 477 3708 iacto
498 3647 590 3709 bovis
619 3646 719 3729 ipsius
736 3646 934 3708 Nedelltonis
956 3647 1013 3710 tali
1041 3647 1154 3728 modo,
1178 3661 1213 3710 ut
1234 3648 1301 3730 ipse
1318 3647 1436 3710 Paulus

170 3751 293 3814 dictum
319 3753 435 3813 bovem
458 3751 536 3814 dicti
555 3750 756 3814 Nedelltonis
773 3751 806 3814 in
823 3752 917 3814 vinea
933 3771 990 3814 sua
1013 3765 1045 3815 et
1061 3753 1266 3835 pertinenciis
1290 3753 1434 3816 eiusdem

170 3859 203 3919 in
228 3857 373 3940 dampno
396 3876 456 3918 suo
480 3859 611 3940 proprio
633 3857 824 3920 vulneravit.

279 3964 358 4026 ltem
383 3983 462 4026 uxor
486 3963 577 4026 Petri'
595 3964 711 4027 sutoris
734 3983 825 4026 soror
840 3964 1004 4026 Valentini
1033 3964 1196 4045 lglichich,
1220 3965 1362 4028 solitaria
1385 3965 1434 4048 ju·

168 4071 251 4133 rabit
269 4082 384 4132 octavo
400 4069 453 4131 die
476 4089 572 4153 super
588 4088 677 4132 aram
695 4083 805 4132 contra
823 4089 956 4132 uxorem
973 4069 1086 4152 prelati
1104 4070 1266 4132 Valentini
1284 4069 1434 4153 lglichich

169 4175 276 4239 fratris
299 4175 360 4256 sui,
383 4196 479 4259 super
502 4197 552 4256 en,
577 4191 611 4239 ut
635 4177 702 4260 ipsa
726 4196 783 4260 per
806 4175 930 4239 nullam
947 4176 1076 4260 culpam
1099 4197 1190 4240 suant
1214 4177 1270 4239 aed
1294 4198 1351 4259 per
1374 4197 1433 4260 po·

168 4283 307 4344 tenciam
333 4283 521 4345 Turlrorum
546 4283 652 4345 amisit
674 4281 817 4345 mensale
849 4283 992 4366 predicte
1016 4283 1124 4345 uxoris
1146 4283 1247 4366 ipsius
1270 4282 1433 4346 Valentini

169 4388 333 4472 lglichicb.

277 4493 355 4556 ltem
384 4494 458 4576 quia
484 4495 532 4556 vir
555 4493 710 4577 providus
740 4507 771 4556 et
795 4494 948 4557 honestus
972 4495 1162 4557 Dominicua
1186 4493 1325 4577 irenipar
1349 4493 1434 4558 filius

169 4599 469 4684 Stephani,pridem
480 4599 611 4684 iuratus,
626 4601 831 4682 conciviaque
845 4615 963 4680 noster,
974 4601 1006 4663 id
1020 4615 1088 4664 tum
1102 4615 1258 4665 certarum
1269 4602 1433 4664 literarum

170 4719 353 4768 nostrarum
377 4706 627 4789 privilegialium
660 4726 768 4769 coram
797 4707 891 4769 nobis
921 4707 953 4769 iu
979 4708 1083 4790 specie
1115 4708 1342 4790 productorum
1368 4709 1433 4770 evi-

170 4813 256 4874 denti
280 4811 490 4892 documento‚
513 4827 582 4875 tum
606 4813 707 4875 eciam
740 4833 813 4876 curn
845 4813 1010 4896 fidedigno
1041 4828 1225 4876 nostrorum
1249 4814 1431 4876 concivium

169 4918 356 4980 testimonio
380 4917 512 4980 insede
536 4931 642 4982 nostra
660 4917 826 5000 judiciaria
850 4919 934 4982 clare
959 4933 990 4982 et
1005 4919 1124 4983 seriose
1148 4939 1255 4982 coram
1280 4920 1375 4982 nobis
1399 4921 1431 4982 in

170 5021 289 5106 judicio
313 5025 548 5110 comprobavit,
576 5037 611 5090 ut
635 5023 713 5090 dum
745 5025 793 5090 vir
826 5027 962 5090 condam
995 5027 1149 5112 providus
1173 5027 1321 5092 Matheus
1343 5041 1433 5090 sutor
