3678 5800
576 566 662 622 Anno
686 579 774 642 1432·
802 600 841 610 -
866 567 998 643 4.]ἰι1ἰιζ
1357 568 1416 648 167

144 671 574 678 ———„---,‚„.—-

141 775 354 859 pertinenciis
384 777 529 859 predicto
563 777 701 840 Martino
731 778 901 840 statuimus
933 778 1140 842 vendendum
1167 793 1197 841 et
1221 779 1320 842 modo
1345 800 1415 863 pre·

143 883 247 944 misso
271 883 510 965 exponendum.

258 1007 336 1070 ltem
360 1007 455 1090 jurati
479 1008 753 1090 adjudicaverunt,
786 1024 820 1071 ut
844 1009 987 1073 Briccius
1010 1011 1105 1092 judex
1137 1009 1221 1074 filius
1245 1013 1411 1076 Benedicti

144 1127 267 1175 octavo
291 1113 344 1176 die
367 1134 463 1197 super
493 1135 580 1176 aram
614 1129 723 1178 contra
756 1116 992 1178 commissarios
1024 1116 1178 1178 lobannis
1205 1119 1334 1181 sartoris
1357 1119 1414 1182 filii

145 1221 280 1284 Nicolai
305 1223 337 1282 in
362 1220 447 1283 lacto
464 1221 603 1284 duorum
628 1222 696 1286 flor.
715 1224 782 1285 auri
807 1222 910 1302 jurare
923 1224 1084 1286 tenebitur
1100 1244 1195 1306 super
1219 1246 1269 1303 e0,
1294 1241 1328 1289 ut
1345 1227 1413 1309 ipse

149 1327 298 1390 Briccius
321 1328 415 1409 judex
441 1329 523 1390 duos
554 1327 623 1391 flor.
656 1330 735 1407 auri,
761 1349 842 1410 quoa
874 1330 1028 1392 Nicolaus
1051 1330 1147 1410 judex
1178 1332 1415 1394 commissarius

144 1434 229 1496 dicti
254 1434 410 1497 lobannis
432 1435 693 1530 sartoriscontra
719 1437 823 1518 ipsum
853 1437 1011 1498 Briccium
1035 1436 1175 1518 judicem
1199 1441 1413 1520 proponebat,
1459 1439 1462 1446 ⁴

145 1541 212 1623 ipsi
237 1540 375 1602 iohanni
400 1541 512 1604 sartori
536 1542 677 1604 testatori
703 1541 794 1604 nullo
819 1541 917 1604 modo
948 1555 1110 1606 teneretur
1134 1563 1192 1605 nec
1216 1544 1416 1626 obligaretur

143 1645 396 1728 aliquomodo.

193 1883 291 1958 laria
316 1893 415 1958 sexta
443 1889 598 1976 proxima
626 1895 704 1960 ante
731 1887 855 1960 leston
884 1889 972 1960 beati
1002 1888 1167 1979 Johanuis
1196 1887 1358 1979 Baptista.

691 2043 755 2118 (20.
771 2043 878 2118 sitnia).

255 2180 334 2242 ltem
366 2180 441 2262 quia
475 2180 580 2243 Lucas
611 2179 696 2243 filius
726 2180 889 2244 Valentini
922 2181 962 2244 de
995 2183 1120 2265 Byztra,
1153 2195 1187 2245 ut
1219 2183 1251 2244 in
1283 2203 1412 2246 causam

141 2299 309 2366 attractus,
334 2286 462 2348 Thome
481 2285 548 2349 lilio
566 2287 692 2349 Nicolai
709 2287 749 2350 de
771 2288 888 2367 Losan,
912 2301 946 2350 ut
961 2288 1072 2366 actori,
1096 2289 1224 2350 racione
1249 2288 1412 2352 effusionis

141 2395 313 2476 sanguinis
335 2413 432 2476 super
457 2394 562 2478 ipsum
581 2393 744 2458 Thomam
761 2394 842 2457 lacte
866 2407 898 2457 et
921 2395 1049 2457 racione
1074 2395 1311 2458 vulneracionis
1328 2398 1409 2459 eius-

142 2501 240 2581 dem,
274 2520 373 2584 penes
404 2519 502 2582 quam
534 2501 796 2563 vulneracionem
838 2515 869 2563 et
907 2502 1072 2583 sanguinis
1103 2501 1292 2564 effusionem
1325 2503 1411 2566 idem

143 2607 295 2669 Thomas
311 2607 458 2670 secundo
476 2627 509 2669 se
527 2627 582 2690 per
599 2607 876 2689 adjudicacionem
892 2607 1070 2689 juratorum
1086 2608 1301 2690 juramentum
1319 2629 1414 2692 super

143 2734 235 2776 aram
275 2713 411 2798 prestitit
446 2728 481 2776 ut
512 2715 641 2793 debuit,
672 2714 848 2798 plenariam
882 2728 913 2777 et
943 2715 1167 2777 omnimodam
1198 2735 1292 2798 super
1328 2717 1411 2779 dicte

143 2821 384 2883 vulneracionia
400 2833 430 2882 et
461 2820 625 2882 effusionis
648 2822 812 2902 sanguinis
829 2821 968 2903 biraagio
992 2820 1135 2903 judiciali
1160 2822 1306 2905 inpendit
1322 2823 1410 2885 satis·

143 2925 336 3006 saccionem,
353 2927 427 2989 ideo
457 2927 522 3010 ipse
540 2927 686 2990 Thomas
702 2927 880 3010 predictum
898 2929 1018 2990 Lucam
1037 2929 1067 2989 in
1093 2927 1177 2990 facto
1201 2929 1284 2992 dicte
1301 2929 1412 2993 vulne·

144 3033 288 3096 racionis
311 3048 342 3096 et
369 3032 536 3096 effusionis
557 3034 722 3115 sanguinis
745 3047 776 3096 et
802 3035 905 3096 tocius
937 3035 1065 3116 hirsagii
1091 3035 1237 3098 eiusdem
1260 3037 1320 3098 sibi
1346 3037 1411 3118 ple·

145 3141 234 3204 narie
259 3141 414 3222 persoluti
440 3140 581 3202 reddidit
605 3139 672 3202 lore
697 3141 881 3223 expeditum
906 3155 937 3203 et
961 3141 1149 3203 omnimode
1174 3142 1368 3206 absolutum.

258 3265 336 3326 ltem
353 3264 445 3347 jurati
464 3264 730 3346 adjudicaverunt
747 3266 779 3326 in
797 3285 889 3326 causa
908 3266 989 3327 inter
1007 3265 1134 3327 Petrum
1153 3265 1291 3346 juratum
1309 3265 1412 3328 filium

146 3373 231 3434 Petri
258 3371 381 3454 Saphar
404 3385 435 3435 et
458 3373 614 3434 Jacohum
636 3372 727 3434 aliter
744 3372 833 3434 laxin
852 3385 1011 3450 vocatum,
1037 3371 1139 3433 lilium
1164 3371 1310 3434 eiusdem
1330 3373 1412 3436 Petri

146 3478 282 3561 Saphar,
299 3477 430 3540 fratrem
449 3478 608 3560 juniorem
633 3479 731 3560 ipsius
746 3479 828 3540 Petri
847 3478 950 3558 jurati,
972 3477 1078 3539 habita
1096 3478 1151 3538 tali
1169 3478 1281 3556 mod0,
1298 3493 1333 3540 ut
1350 3479 1413 3540 vic·

146 3586 248 3648 tualia
277 3586 423 3657 universa
450 3605 512 3666 que
538 3605 622 3646 nunc
640 3583 745 3647 forent
770 3585 801 3646 in
826 3585 977 3646 domibus
993 3603 1105 3647 eorum
1127 3603 1182 3646 seu
1208 3585 1285 3646 alias
1309 3585 1415 3646 ubivis

146 3692 179 3753 in
192 3704 351 3774 potestate
379 3691 533 3773 ipsorum,
551 3692 689 3753 debeant
712 3691 813 3752 dividi
831 3691 987 3772 equaliter
1010 3709 1066 3751 seu
1091 3709 1147 3771 per
1171 3690 1315 3752 medium
1333 3691 1414 3751 inter

148 3798 294 3874 eosdem,
321 3811 351 3860 et
375 3798 399 3859 ai
426 3797 492 3879 ipse
526 3797 636 3859 Petrus
668 3797 787 3878 juratus
819 3797 857 3858 de
881 3797 946 3858 suis
978 3797 1115 3878 propriis
1146 3797 1300 3877 pecuniis,
1332 3815 1411 3878 quas

148 3905 215 3986 ipse
241 3903 282 3965 de
309 3903 397 3964 ltalia
422 3923 529 3966 secum
555 3915 753 3985 apportasset
783 3903 814 3964 in
839 3901 922 3964 iacto
947 3915 977 3964 et
1008 3902 1225 3984 acquisicione
1250 3903 1410 3964 dictorum

148 4010 337 4072 victualium
363 4009 486 4092 aliquid
511 4009 708 4091 expenderit,
733 4009 764 4070 id
797 4009 873 4070 dum
898 4009 1068 4090 superinde
1101 4005 1297 4088 fidedignam
1323 4027 1409 4070 com-

150 4117 383 4200 prohacionem
410 4135 516 4178 coram
550 4117 644 4178 nobis
677 4115 796 4188 lecerit,
819 4129 895 4178 tunc
924 4116 984 4176 sihi
1015 4113 1193 4177 satisfaccio
1218 4115 1349 4196 inpendi
1384 4127 1415 4176 et

149 4222 277 4285 refundi
303 4223 434 4288 debebit
458 4243 516 4305 per
549 4221 678 4285 fratrem
710 4243 803 4284 suum
836 4236 1040 4306 prenotatum
1070 4221 1194 4304 justicia
1219 4223 1412 4303 requirente.

147 4459 247 4535 Faria
274 4469 373 4535 sexta
402 4465 556 4552 proxima
594 4471 670 4552 post
708 4462 829 4533 lestum
864 4461 1083 4532 visitacionis
1113 4460 1257 4550 gloriose
1285 4481 1416 4550 semper

638 4588 782 4675 virginis
811 4587 926 4658 llarie.

699 4757 743 4836 (a
761 4757 855 4834 julil

258 4919 336 4981 ltem
363 4917 565 4999 Margaretha
591 4935 670 4979 uxor
687 4915 778 4978 Pauli
804 4915 931 4998 Teklyn
957 4928 1065 4976 contra
1090 4913 1253 4976 Thomam
1277 4911 1415 4994 juratum

152 5022 255 5086 filium
281 5025 389 5088 Choni
416 5023 558 5086 secundo
583 5023 678 5086 citata
702 5043 767 5084 non
792 5022 981 5104 comparuit.
