3678 5800
555 539 641 597 Anno
663 552 755 617 1433.
781 573 822 583 —
845 549 895 616 η.
917 541 1025 601 marcii.
1365 559 1419 622 191

154 749 340 812 racionibus
366 762 397 811 et
421 749 524 812 causis
549 770 587 813 ex
602 749 764 834 premissis
787 751 956 813 statuimus
973 763 1005 814 et
1020 751 1240 814 commisimus
1264 749 1331 833 jure
1348 769 1421 834 per-

156 868 258 938 petuo
283 855 512 939 possidendam
538 870 569 919 et
591 855 900 944 quomodocumque
924 857 1063 920 voluerit
1085 855 1332 941 disponendam.

269 961 349 1024 ltem
379 960 472 1044 jurati
503 961 787 1046 adjudicaverunt,
819 961 908 1046 quod
937 963 1039 1026 Elena
1070 964 1178 1028 relicta
1211 963 1348 1027 condam
1373 965 1426 1026 Jo-

158 1067 276 1130 hannis
300 1069 463 1148 institoris,
488 1090 573 1133 nunc
597 1090 728 1132 consors
752 1069 833 1153 Elye
858 1069 1011 1132 institoris
1034 1083 1065 1134 et
1088 1071 1231 1134 concivis
1254 1070 1365 1149 nostri,
1390 1069 1423 1132 in

158 1172 247 1236 iacto
271 1175 368 1237 unius
391 1174 460 1240 flor.
485 1177 554 1238 auri
583 1189 692 1239 contra
724 1176 854 1240 Petrum
885 1176 1025 1259 juratum
1056 1176 1159 1240 filium
1184 1177 1268 1240 Petri
1294 1175 1426 1260 Saphar,

160 1278 241 1342 feris
266 1295 352 1342 sexta
384 1283 530 1365 proxima
553 1295 627 1364 post
657 1295 784 1345 octavas
816 1283 912 1345 Pasce
936 1283 1069 1345 Domini
1101 1302 1196 1366 super
1219 1302 1306 1345 aram
1331 1284 1427 1346 debet

161 1385 268 1468 jurare
301 1407 396 1470 super
427 1407 478 1466 eo,
510 1401 544 1450 ut
577 1389 644 1472 ipsa
675 1389 777 1451 Elena
801 1408 902 1451 unum
934 1388 1003 1452 flor.
1028 1389 1097 1450 auri
1128 1389 1168 1451 de
1192 1391 1287 1452 rebus
1310 1386 1424 1472 prefati

163 1491 321 1554 Johannis
340 1494 435 1576 primi
452 1494 614 1574 institoris,
634 1493 762 1558 Andree
783 1493 880 1577 judici
901 1494 991 1577 olym
1009 1507 1040 1558 et
1060 1495 1184 1557 concivi
1206 1507 1326 1574 nostro,
1336 1491 1424 1556 fratri

164 1599 264 1682 ipsius
277 1600 361 1663 Petri
379 1600 483 1683 jurati,
500 1601 570 1684 ipso
586 1601 716 1663 Andrea
727 1600 832 1684 judice
845 1600 950 1664 adhuc
967 1601 1094 1664 vivente
1103 1600 1198 1683 plene
1211 1599 1425 1684 persolvisset.

273 1705 352 1768 ltem
377 1707 452 1789 quia
477 1705 653 1790 Gregorius
683 1707 768 1770 filius
792 1707 948 1770 Demetrii
979 1707 1019 1769 de
1043 1706 1246 1770 Belezlowch
1281 1719 1423 1768 nostram

163 1813 298 1874 veniens
321 1813 353 1875 in
379 1813 565 1897 preseciam,
590 1827 690 1876 certas
717 1813 825 1876 literas
854 1825 1000 1896 patentes
1028 1826 1094 1876 tam
1117 1813 1312 1876 serenissimi
1336 1813 1422 1896 prin·

163 1919 244 2002 cipis
267 1919 393 1982 domini
418 1919 627 2002 sigismundi,
651 1919 703 1983 dei
726 1921 832 2002 gracia
860 1921 1084 1982 Romanorum
1108 1919 1202 2001 regis,
1226 1938 1353 2003 semper
1371 1938 1427 1980 au·

163 2025 263 2107 gusti,
286 2045 323 2087 ac
347 2025 524 2108 Hungarie,
548 2026 715 2107 Bohemie,
739 2026 914 2106 Dalmacie,
942 2013 1076 2089 Cloacie
1101 2039 1160 2089 etc.
1183 2026 1277 2108 regis,
1302 2025 1428 2088 domini

162 2132 267 2194 nostri
290 2131 445 2195 naturalis
475 2133 652 2214 plurimum
684 2133 849 2196 metuendi
883 2147 980 2216 atque
1011 2133 1157 2216 gratiosi,
1182 2146 1213 2195 et
1237 2152 1293 2216 per
1317 2151 1428 2194 conse·

164 2257 270 2321 quens
294 2239 401 2301 literas
423 2239 592 2302 reverendi
616 2240 649 2301 in
674 2238 803 2304 Christo
826 2239 924 2323 patris
956 2239 1080 2302 domini
1108 2239 1264 2302 lobannis
1287 2239 1429 2323 episcopi

166 2345 386 2427 zagrabieusis
410 2360 480 2426 etc,
504 2345 629 2408 domini
658 2359 689 2409 et
718 2347 942 2428 gubernatoris
973 2345 1083 2425 nostri,
1107 2345 1201 2408 uobis
1225 2345 1429 2428 presentavit,

164 2450 199 2513 in
225 2451 344 2533 quibus
368 2451 401 2514 id
425 2467 489 2514 tam
523 2452 683 2515 Serenitas
706 2453 806 2535 ipsius
837 2452 960 2514 domini
987 2452 1088 2514 nostri
1118 2451 1202 2534 regis
1230 2464 1295 2514 tam
1321 2451 1429 2513 Pater·

161 2557 247 2619 nitas
270 2555 384 2639 prelati
417 2557 541 2620 domini
573 2559 716 2642 episcopi
748 2558 841 2621 nobis
867 2557 1049 2621 firmissime
1081 2557 1313 2620 committendo
1339 2577 1429 2620 man·

161 2663 253 2726 davit
284 2677 315 2726 et
345 2665 497 2748 precepit,
528 2677 563 2728 ut
586 2665 662 2747 quia
683 2665 750 2748 ipse
782 2665 932 2727 dominus
964 2677 1071 2728 noster
1102 2684 1156 2727 rex
1180 2664 1220 2727 ad
1243 2663 1428 2726 humillime

163 2770 418 2853 supplicacionis
442 2771 630 2833 instanciam
655 2770 859 2854 egregiorum
890 2771 1032 2832 virorum
1065 2771 1258 2834 nunciorum
1283 2769 1430 2831 illustris·

165 2876 241 2939 simi
269 2875 410 2960 Philippi
436 2877 536 2939 Maris
559 2877 702 2960 Ang(e)li
726 2876 816 2939 ducis
848 2877 1036 2957 Mediolani,
1067 2876 1166 2960 ipsius
1189 2875 1273 2957 regis
1296 2887 1328 2938 et
1350 2875 1430 2937 sacri

164 2985 295 3070 imperii
321 2983 436 3065 fidelis,
459 2985 519 3068 ipsi
544 2984 703 3066 Gregorio
727 3003 822 3067 super
849 2985 1001 3046 omnibus
1024 2997 1055 3046 et
1078 2983 1213 3065 singulis
1236 2982 1301 3043 suis
1325 3001 1430 3044 exces-

162 3092 253 3154 sibus
278 3105 310 3154 et
340 3091 542 3154 nocumentis
573 3110 628 3173 per
659 3091 764 3173 ipsum
795 3089 1071 3172 qualitercumque
1103 3103 1135 3150 et
1173 3089 1369 3170 ubicumque
1399 3100 1431 3149 et

165 3211 279 3260 contra
313 3217 534 3280 quoscumque
564 3195 742 3280 (b)acteuus
773 3195 968 3275 commissis,
999 3193 1141 3278 prelatus
1172 3214 1248 3257 vero
1280 3195 1431 3256 dominus

163 3303 337 3385 episcopus
361 3322 417 3384 per
440 3302 701 3364 commissionem
725 3301 933 3364 literatoriam
957 3301 1092 3384 predicti
1109 3301 1233 3362 domini
1257 3301 1341 3382 regis
1356 3320 1427 3382 gra-

162 3409 248 3471 ciam
284 3406 428 3470 lecerunt
458 3408 630 3491 specialem
660 3423 755 3490 prout
786 3407 846 3470 hoc
878 3407 912 3469 in
943 3407 1064 3469 eisdem
1095 3407 1196 3470 literis
1227 3421 1293 3468 tam
1333 3407 1432 3490 ipsius

164 3513 295 3577 domini
320 3515 403 3596 regia
426 3534 524 3596 quam
548 3515 683 3598 predicti
701 3515 824 3576 domini
848 3514 990 3598 episcopi
1015 3534 1123 3576 coram
1147 3514 1240 3576 nobis
1264 3512 1428 3596 productis

165 3621 373 3704 specietenus
397 3640 433 3683 ac
450 3619 536 3702 apud
560 3640 619 3682 nos
642 3620 807 3682 reservatis
830 3619 914 3682 clare
938 3619 1077 3682 vidimus
1102 3619 1277 3697 contineri;
1302 3632 1332 3681 et
1356 3618 1432 3701 quia

164 3728 254 3789 idem
276 3725 452 3809 Gregorius
468 3747 499 3789 se
518 3727 612 3790 nobis
634 3728 666 3789 in
691 3727 771 3790 locis
796 3741 826 3789 et
842 3727 1042 3809 temporibus
1065 3747 1101 3790 ac
1118 3727 1151 3788 in
1168 3725 1258 3788 factis
1281 3738 1313 3788 et
1328 3726 1432 3787 causis

164 3833 287 3894 nostris
312 3833 406 3894 nobis
422 3834 662 3896 occurrentibus
678 3848 708 3895 et
724 3853 850 3896 summe
871 3833 1055 3895 necessariis
1071 3832 1200 3895 fidelem
1217 3845 1248 3894 et
1271 3833 1432 3894 sincerum

163 3939 357 4002 servitorem
383 3939 520 4022 propriis
544 3939 718 4019 laboribus,
743 3938 850 4022 fatigis
873 3953 904 4002 et
928 3941 1095 4002 conatibus
1118 3941 1183 4001 suis
1207 3959 1315 4002 coram
1338 3939 1433 4001 nobis

165 4045 199 4106 in
226 4044 350 4124 judicio
372 4045 513 4126 generali
539 4059 570 4107 et
593 4046 759 4108 communi
791 4059 897 4107 nostra
929 4045 1183 4127 congregacione
1215 4045 1348 4108 reddere
1381 4065 1427 4106 re-

164 4151 394 4233 compromisit
417 4165 448 4212 et
471 4153 746 4214 recommendavit
769 4172 825 4214 sue
849 4151 988 4234 m(anus)
1017 4151 1123 4231 stillo,
1147 4152 1286 4234 ideoque
1310 4171 1369 4213 nos
1393 4171 1430 4213 ex

164 4255 411 4336 commissione,
434 4273 585 4340 precepto
618 4271 649 4318 et
672 4258 824 4320 mandato
856 4257 1031 4319 literatorio
1063 4257 1280 4340 predictorum
1305 4256 1430 4318 domini

166 4363 256 4446 regis
282 4377 312 4425 et
336 4363 479 4446 episcopi
502 4363 728 4444 zagrabiensis,
760 4363 942 4445 intuituque
973 4363 1190 4446 predictorum
1222 4363 1432 4426 serviciorum

166 4469 317 4532 fidelium
340 4489 398 4552 per
429 4469 534 4551 ipsum
565 4467 759 4551 Gregorium
790 4469 884 4531 nobis
907 4482 942 4530 ut
972 4469 1145 4551 predicitur
1170 4469 1301 4551 inpendi
1327 4483 1358 4531 et
1382 4489 1434 4530 ex·

165 4575 273 4637 hiberi
297 4555 615 4657 compromissorurn,
639 4574 743 4637 eidem
762 4574 920 4656 Gregorio
945 4574 977 4636 in
994 4575 1146 4636 omnibus
1162 4587 1193 4637 et
1216 4576 1351 4657 singulis
1368 4575 1434 4636 suis

166 4681 352 4744 excessibus
375 4693 406 4741 et
430 4681 632 4743 nocumentis
656 4699 712 4762 per
736 4681 841 4762 ipsum
865 4681 1155 4763 qualitercumque,
1179 4682 1377 4764 ubicumque
1404 4695 1434 4743 et

166 4799 282 4850 contra
306 4805 515 4869 quoscunque
534 4787 711 4870 (b)acteuus
735 4788 923 4867 commissis,
946 4788 1086 4868 graciam
1104 4787 1238 4850 fecimus
1262 4786 1434 4870 specialem

169 4906 203 4956 et
231 4890 368 4954 iacimus
399 4891 543 4956 effective
575 4913 610 4956 ac
636 4914 672 4955 ex
702 4905 808 4955 acerto
839 4894 950 4975 vigore
981 4895 1135 4977 presentis
1167 4908 1273 4957 nostre
1305 4897 1435 4956 katerne

167 5000 356 5062 communis
380 5018 417 5060 ex
442 5019 600 5062 consensu
624 5015 654 5063 et
679 5000 908 5063 benevolencia
932 5001 1036 5062 tocius
1059 5003 1307 5064 communitatis.
