3852 5820
403 565 441 628 32
816 548 902 606 Anno
924 543 1016 625 1416.
1039 580 1083 590 -
1106 560 1158 622 29.
1182 547 1262 608 maii.

401 764 497 840 Feria
524 775 623 840 sexta
652 769 804 856 proxima
833 775 910 856 post
937 769 1061 839 festum
1104 766 1337 856 dppsricionis
1365 767 1454 837 beati
1484 766 1666 854 Mychaelis

932 889 1136 980 archangeli.

946 1064 1007 1136 (15.
1030 1061 1123 1137 mair).

512 1200 590 1262 item
603 1201 853 1263 Nicolsussutor
866 1213 976 1262 contra
985 1199 1105 1262 Herletr
1118 1199 1260 1262 secundo
1270 1201 1384 1262 citatus
1397 1218 1461 1261 non
1475 1197 1665 1280 comparuit.

508 1305 586 1368 item
613 1307 769 1369 Martinus
785 1305 925 1388 frenipar
949 1306 1165 1388 juramentum
1187 1305 1318 1367 domine
1337 1305 1434 1367 Lucie
1459 1305 1567 1366 relicte
1584 1303 1664 1365 olim

403 1413 532 1474 Thome
555 1411 788 1496 Gerdcheuych
815 1413 846 1474 in
870 1426 1015 1495 tempore
1041 1411 1258 1494 deposicionis
1287 1411 1386 1494 ipsius
1409 1410 1578 1492 juramenti
1597 1428 1662 1470 non

405 1518 540 1580 indulsit
562 1532 594 1580 et
618 1538 673 1601 per
697 1520 807 1580 omnis
830 1519 952 1580 remisit
975 1532 1007 1580 et
1030 1517 1192 1579 relaxavit.

511 1624 589 1685 item
615 1624 713 1686 Lucia
737 1625 845 1686 relicta
872 1622 1126 1707 Gerdcheuycha
1157 1635 1268 1686 contra
1292 1621 1471 1702 Georgium
1495 1621 1600 1703 primo
1623 1620 1666 1681 ci-

402 1743 466 1792 tata
491 1749 556 1792 non
585 1731 775 1812 comparuit.

511 1837 588 1899 ltem
613 1837 723 1899 relicta
756 1837 881 1920 Drugas
911 1836 976 1899 filia
1002 1837 1099 1898 Marci
1133 1849 1242 1898 contra
1268 1836 1397 1898 Petrum
1431 1847 1462 1896 et
1487 1831 1666 1914 Georgium

402 1943 545 2004 secundo
576 1943 670 2004 citata
694 1961 759 2004 non
784 1944 974 2026 comparuit.

510 2047 589 2110 item
614 2047 763 2131 Mychael
787 2049 941 2132 Kunsych
965 2061 1076 2110 contra
1107 2047 1267 2129 Agatham
1292 2046 1434 2108 secundo
1460 2047 1573 2108 citatus
1600 2063 1664 2105 non

404 2155 594 2236 comparuit.

510 2260 588 2322 item
612 2259 717 2322 Adam
743 2258 873 2342 pellifex
898 2271 1008 2322 contra
1034 2259 1176 2321 Blasium
1194 2256 1365 2340 pellificenr
1389 2258 1530 2320 secundo
1554 2257 1667 2320 citatus

404 2385 469 2427 non
494 2366 683 2448 comparuit.

508 2471 586 2534 ltem
611 2471 782 2534 Chernaua
806 2486 916 2535 contra
946 2472 1079 2534 Luciam
1111 2472 1255 2534 relictam
1281 2471 1405 2534 Nicolai
1439 2471 1544 2554 primo
1568 2470 1663 2532 citata

404 2597 469 2639 non
493 2578 683 2660 comparuit.

509 2683 588 2745 item
617 2685 773 2746 Martinus
797 2684 992 2768 Plemenych
1017 2698 1127 2746 contra
1161 2685 1262 2746 alium
1287 2683 1461 2746 Martinum
1485 2683 1590 2766 primo
1622 2682 1666 2742 ci-

403 2802 487 2851 tatus
511 2809 576 2851 non
601 2791 792 2872 comparuit.

510 2895 587 2956 item
605 2895 795 2957 Dominicus
812 2895 990 2978 Marsetych
1013 2910 1123 2958 contra
1139 2896 1346 2959 Valentinum
1365 2895 1492 2979 Malych
1511 2895 1542 2956 in
1561 2894 1666 2976 primo

403 3000 523 3083 judicio
561 3001 592 3062 in
626 2999 710 3063 sacto
742 3002 878 3064 verberii
910 3003 1131 3064 testimonium
1162 3003 1340 3085 producere
1372 3001 1487 3080 debet,
1520 2999 1668 3061 videlicet

404 3105 527 3188 Gaspar
551 3108 725 3186 notarium,
756 3107 943 3189 magistrum
979 3107 1177 3190 Stephanum
1202 3107 1303 3170 filium
1337 3107 1438 3186 Pauli,
1471 3105 1663 3188 Gregorium

403 3211 542 3294 juratum
569 3211 790 3274 Ducheuichin
816 3227 847 3276 et
870 3215 1026 3276 Jacobum
1050 3214 1183 3277 Zedina.

508 3318 587 3380 Item
611 3319 801 3381 Valentinus
829 3318 969 3381 carnifex
993 3333 1101 3382 contra
1137 3319 1315 3402 Georgium
1348 3319 1527 3381 carnificem
1561 3318 1666 3400 primo

403 3423 517 3486 citatus
541 3444 604 3488 non
630 3425 818 3507 comparuit.

510 3529 588 3592 item
621 3530 814 3593 Benedictus
846 3533 1003 3614 Magucen
1036 3546 1145 3594 contra
1178 3532 1390 3594 lacomellum
1415 3533 1519 3614 primo
1554 3532 1668 3593 citatus

403 3655 468 3697 non
494 3637 683 3719 comparuit.

455 3853 552 3927 Feria
579 3863 678 3928 sexta
706 3860 860 3946 proxima
888 3867 1008 3930 octavo
1037 3859 1089 3930 die
1117 3859 1195 3930 festi
1224 3859 1321 3930 beate
1350 3858 1447 3930 Elene
1476 3859 1597 3946 regine.

937 4008 1004 4090 (29.
1035 4009 1131 4092 maie).

511 4147 589 4210 item
615 4148 714 4210 Lucia
730 4148 966 4232 Vachenychna
990 4163 1100 4212 contra
1125 4149 1305 4231 Georgium
1329 4149 1472 4211 secundo
1490 4149 1583 4210 citata
1599 4167 1667 4208 non

405 4253 596 4335 comparuit.

511 4359 590 4422 item
614 4360 723 4424 relicta
747 4361 871 4443 Drugas
902 4361 934 4423 in
959 4361 1064 4443 primo
1097 4360 1219 4442 judicio
1251 4359 1285 4422 in
1317 4357 1401 4422 facto
1426 4359 1665 4441 possessionum

404 4464 556 4528 videlicet
580 4465 696 4530 domus
720 4481 751 4531 et
774 4467 867 4530 vinee
891 4480 1002 4530 contra
1035 4467 1165 4529 Petrum
1197 4467 1317 4548 Kopun
1341 4478 1373 4528 et
1397 4464 1576 4547 Georgium
1600 4484 1667 4526 car-

405 4569 533 4632 nificem
559 4573 752 4655 respondere
785 4587 817 4636 et
847 4574 982 4636 literalis
1014 4573 1224 4635 instrumenta
1257 4591 1352 4654 super
1376 4571 1497 4634 eisdem
1522 4585 1668 4634 emanata

404 4677 567 4740 tenebitur
591 4677 750 4742 exhibere.

511 4782 589 4844 Item
623 4783 779 4846 Martinus
811 4785 899 4866 dulgi
932 4797 1043 4847 contra
1076 4784 1250 4846 Martinum
1285 4783 1457 4866 lapicidam
1493 4803 1602 4846 cecum
1634 4783 1666 4844 in

406 4885 490 4950 iacto
514 4889 729 4970 quorumdam
755 4892 924 4952 verberum
955 4903 1085 4972 propter
1113 4890 1182 4951 eius
1213 4889 1341 4951 Martini
1365 4889 1503 4972 lapicide
1536 4907 1667 4950 uxorem

407 4993 628 5056 testimonium
647 4995 679 5057 iu
695 4996 801 5078 primo
818 4995 938 5078 judicio
962 5009 1100 5059 statuere
1116 4997 1286 5074 tenebitur,
1304 4995 1452 5059 videlicet
1469 4994 1668 5078 Stephanum
