3740 5810
448 537 506 598 118
838 539 924 596 Anno
947 551 1036 614 1423.
1060 571 1105 580 —
1129 551 1180 614 23.
1204 540 1318 612 aprilis.

443 750 557 827 dictus,
582 749 656 810 ideo
680 748 774 830 jurati
798 748 1064 830 adjudicaverunt
1087 749 1148 810 sibi
1171 747 1428 810 satisfaccionem
1455 750 1634 830 inpendere
1666 751 1704 811 ad

443 855 622 938 quindenas
645 853 801 917 hodierne
826 855 889 916 diei
913 874 971 936 per
994 855 1133 916 eundem
1158 854 1338 916 lohannem
1364 854 1613 936 inpendendam.

550 979 629 1042 ltem
653 979 746 1060 jurati
764 979 1040 1060 adjudicaverunt,
1057 979 1146 1062 quod
1170 979 1332 1043 lohannes
1350 979 1524 1061 Hungarus
1548 980 1644 1043 hodie
1661 982 1699 1041 ad

444 1099 518 1148 octo
543 1086 610 1148 dies
634 1086 730 1148 debet
752 1085 968 1166 juramentum
985 1085 1148 1168 deponere
1164 1086 1326 1149 solitarius
1341 1105 1437 1167 super
1453 1105 1502 1165 eo,
1529 1087 1618 1168 quod
1634 1087 1700 1168 ipse

444 1211 502 1274 pro
526 1192 669 1274 predicto
694 1191 801 1253 Blasio
825 1192 898 1253 Buti
926 1192 987 1254 sibi
1019 1211 1077 1273 pro
1101 1192 1246 1274 quinque
1268 1191 1337 1256 flor.
1371 1191 1539 1254 fideiussor
1570 1193 1702 1255 minime

444 1296 526 1359 foret
557 1317 616 1360 nec
640 1311 721 1360 esset
745 1297 890 1380 Gasparo
914 1297 981 1362 filio
1007 1298 1134 1360 Miklini
1158 1297 1282 1380 pridem
1307 1297 1419 1378 jurato.

552 1423 630 1484 ltem
661 1422 755 1504 jurati
787 1422 1069 1504 adjudicaverunt,
1101 1422 1190 1504 quod
1222 1422 1374 1485 dominus
1405 1423 1516 1486 Petrus
1548 1424 1702 1506 plebanus

446 1544 528 1591 esset
552 1529 752 1591 voluntarius
783 1549 856 1591 cum
886 1541 969 1590 terra
993 1507 1064 1611 pro¹
1084 1548 1148 1610 qua
1180 1527 1292 1591 habuit
1323 1530 1395 1592 lites
1425 1551 1498 1592 curn
1532 1531 1704 1593 Valentino

447 1635 573 1718 pridem
598 1635 701 1718 jurato
726 1635 906 1717 cuicunque
937 1635 1034 1698 vellet
1066 1635 1157 1712 dare;
1190 1635 1319 1716 dequo
1351 1635 1471 1716 judicio
1496 1638 1564 1719 ipse
1590 1638 1705 1700 Valen-

444 1742 532 1804 tinus
556 1761 621 1804 non
655 1755 824 1804 contentus
855 1742 981 1804 attraxit
1012 1761 1140 1804 causam
1172 1741 1308 1804 eandem
1339 1742 1379 1804 ad
1410 1744 1553 1806 seniores
1577 1743 1705 1824 judices,

446 1866 542 1928 quarn
567 1867 696 1909 causam
713 1848 779 1930 ipse
796 1847 947 1910 dominus
965 1848 1113 1931 probavit
1128 1847 1161 1908 in
1182 1845 1352 1910 sufficienti
1368 1849 1575 1925 testimonio;
1594 1850 1702 1911 Petrus

447 1954 597 2036 probavit
620 1953 708 2036 quod
733 1973 799 2016 non
823 1953 963 2017 dedisset
985 1954 1089 2036 ipsam
1113 1965 1229 2015 terram
1257 1954 1318 2036 ipsi
1342 1955 1516 2017 Valentino
1543 1956 1705 2038 usquead

445 2060 542 2122 vitam
565 2079 656 2122 suam
680 2061 741 2122 nisi
767 2080 867 2142 usque
891 2061 1103 2124 voluntatem.

552 2167 630 2230 ltem
667 2167 799 2252 Gyuralt
835 2166 975 2230 carnifex
1008 2181 1039 2230 et
1071 2167 1224 2232 Clemens
1259 2168 1393 2231 Cramar
1423 2181 1533 2230 contra
1572 2167 1705 2230 Paulum

447 2274 639 2356 Hungarum
663 2275 768 2358 primo
797 2275 910 2336 citatus
934 2294 999 2336 non
1024 2275 1214 2356 comparuit.

554 2382 632 2444 ltem
650 2382 819 2444 Farkasius
843 2381 890 2443 vir
908 2381 1017 2443 relicte
1035 2381 1234 2461 Sigismundi
1259 2392 1369 2444 contra
1386 2381 1543 2443 Jacobum
1561 2379 1703 2442 Horuath

449 2490 642 2552 modernum
667 2489 804 2571 juratum
829 2489 934 2570 primo
959 2488 1072 2549 citatus
1096 2507 1161 2549 non
1186 2488 1375 2570 comparuit.

559 2613 637 2675 ltem
662 2611 808 2675 Thomas
837 2611 989 2674 Ochwirlr
1020 2612 1182 2674 solitarius
1214 2625 1245 2673 et
1268 2610 1408 2674 famulus
1437 2631 1513 2672 suus
1544 2610 1706 2693 Philippus

448 2720 566 2783 tercius
589 2733 655 2781 met
678 2719 893 2800 juramentum
918 2718 1146 2800 deposuerunt,
1171 2718 1259 2799 quod
1276 2737 1335 2780 nec
1359 2718 1426 2800 ipse
1450 2718 1538 2779 solus
1562 2718 1704 2779 Thomas

448 2847 506 2889 nee
531 2825 672 2888 famulus
694 2845 770 2886 snus
793 2838 866 2887 sunt
890 2824 1065 2906 culpabiles
1089 2825 1120 2885 in
1149 2844 1244 2886 vacca
1269 2823 1324 2885 illa
1348 2825 1400 2886 cui
1424 2822 1484 2885 fuit
1507 2845 1570 2886 una
1595 2835 1703 2906 quarta

450 2945 625 3015 amputata,
639 2952 698 2993 nec
715 2931 775 3012 ipsi
788 2931 892 2993 sciunt
904 2931 975 3012 quis
989 2928 1124 3008 lecisset,
1141 2949 1200 2992 nec
1213 2929 1272 2992 soli
1290 2929 1434 2992 fecerunt
1446 2949 1504 2992 nec
1521 2945 1595 2992 sunt
1609 2930 1703 2991 noxii.

553 3038 631 3100 ltem
657 3038 760 3100 Lucas
785 3036 926 3098 Fereuch
951 3049 982 3098 et
1000 3037 1140 3098 Briccius
1163 3049 1286 3098 sutores
1310 3035 1525 3118 juramentum
1550 3037 1626 3119 ipsis
1649 3035 1702 3096 ad·

458 3144 623 3206 udicatum
658 3143 877 3224 deposuerunt
910 3156 1020 3205 contra
1056 3141 1234 3224 Georgium
1266 3155 1406 3204 sutorem
1443 3143 1475 3204 in
1506 3163 1600 3204 eausa
1632 3141 1704 3203 furti

446 3265 556 3312 contra
580 3269 635 3312 eoa
659 3269 715 3332 per
739 3249 878 3310 eundern
903 3248 1082 3330 Georgium
1110 3249 1284 3331 proposita.

554 3374 631 3436 ltem
658 3372 790 3434 Barthol
814 3371 898 3434 lilius
922 3373 1007 3433 lwan
1035 3372 1250 3454 juramentum
1283 3371 1432 3453 deposuit
1462 3391 1558 3454 super
1582 3391 1620 3432 eo
1644 3384 1704 3431 ter-

448 3481 594 3559 ciusmet,
618 3479 707 3561 quod
732 3480 799 3561 ipse
823 3498 882 3540 nec
905 3479 1067 3540 stabulum
1099 3499 1157 3540 nec
1181 3477 1275 3540 dolen
1307 3498 1380 3540 cum
1405 3478 1476 3540 aliis
1499 3477 1704 3560 pertinenciis

448 3587 565 3648 stabuli
595 3607 659 3648 non
685 3585 860 3647 combussit
884 3605 943 3646 nec
967 3585 1127 3646 comburri
1153 3583 1287 3646 fecisset.

510 3823 608 3897 Feria
636 3836 733 3897 serta
761 3827 915 3914 proxima
944 3829 1024 3894 ante
1051 3821 1173 3894 festum
1202 3821 1290 3893 beati
1321 3819 1452 3909 Georgii
1481 3823 1645 3892 martiris.

967 3999 1032 4074 (23.
1056 3996 1183 4070 aprus).

552 4153 627 4214 ltem
655 4151 813 4232 Georgius
840 4153 998 4214 Kozarich
1022 4152 1278 4233 cognominatus,
1303 4150 1519 4232 juramentum
1543 4151 1602 4212 sibi
1627 4151 1698 4212 soli·

445 4257 526 4319 tario
559 4257 777 4340 adjudicatum
810 4273 919 4320 contra
952 4258 1157 4340 jobagionem
1183 4257 1279 4318 lwani
1312 4255 1369 4318 filii
1393 4257 1477 4318 lwan
1508 4258 1644 4338 prestitit
1667 4271 1698 4317 ut

446 4365 567 4428 debuit.

551 4471 628 4533 Item
651 4490 744 4533 causa
762 4470 928 4532 Michaelis
952 4470 1066 4550 judicis
1086 4469 1144 4531 filii
1168 4470 1345 4532 Sebastiani
1369 4490 1405 4532 ac
1422 4469 1551 4532 Thome
1576 4469 1699 4532 Thesak

445 4579 485 4639 ad
509 4591 658 4640 octavum
684 4578 770 4638 diem
794 4577 833 4638 ad
858 4597 968 4658 pacem
995 4590 1041 4638 est
1064 4590 1200 4658 recepta.

554 4685 631 4746 ltem
656 4685 780 4746 lwanus
804 4683 888 4744 filius
913 4683 1037 4746 Nicolai
1062 4698 1092 4745 et
1109 4683 1227 4744 Paulus
1250 4683 1335 4746 filius
1352 4683 1465 4766 Stoysa
1490 4683 1699 4765 juramentum

446 4792 523 4874 ipsis
540 4791 758 4874 adjudicatum
777 4790 808 4850 in
826 4810 919 4851 causa
937 4788 1011 4851 furti
1030 4803 1060 4852 et
1077 4791 1163 4851 mine
1177 4790 1289 4851 mortis
1305 4789 1356 4850 vel
1374 4790 1436 4850 alia
1452 4803 1562 4850 contra
1576 4787 1699 4849 eosdem

445 4897 607 4984 proposita
632 4917 687 4983 per
713 4896 909 4982 Stephanum
931 4896 1054 4982 pridem
1079 4895 1216 4979 juratum
1235 4896 1440 4979 prestiterunt
1464 4909 1498 4959 ut
1514 4895 1699 4958 debuerunt.
