3678 5800
548 523 747 599 Ann01435.
770 553 814 565 —
836 533 890 596 29.
906 521 992 597 julii.
1345 537 1407 604 ²37

146 631 291 640 ..μ-.-

147 739 244 816 Feria
273 751 372 814 sexta
401 745 555 832 proxima
586 751 665 834 post
701 743 824 814 festum
860 741 958 812 beate
994 739 1086 812 Anne
1114 743 1237 814 matris
1265 740 1410 828 gloriose

557 887 689 957 semper
715 868 860 954 virginis
888 865 1003 936 Maria.

667 1022 735 1099 (29.
750 1014 852 1098 julii).

151 1141 154 1146 ¹
254 1159 332 1222 Item
357 1158 507 1240 magister
531 1157 792 1242 Thomaslfilius
824 1157 896 1240 lsipi
922 1171 1031 1219 contra
1064 1156 1241 1238 Georgium
1266 1157 1406 1238 judicem

145 1245 291 1327 secundo
315 1265 429 1328 citatus
455 1285 520 1328 non
545 1265 735 1348 comparuit.

253 1370 332 1432 Item
350 1371 522 1435 Scolastica
534 1371 643 1433 relicta
660 1370 796 1434 condam
815 1370 939 1432 Musich
953 1385 1062 1432 contra
1075 1369 1238 1432 Andream
1257 1370 1410 1434 Zwechar

144 1460 251 1561 primo
274 1477 368 1540 citata
392 1497 458 1540 non
482 1477 672 1560 comparuit.

254 1583 332 1646 Item
343 1572 473 1646 domina
483 1584 605 1667 Agatha
625 1601 757 1646 consors
772 1583 914 1666 magistri
933 1582 1062 1666 Mathey
1071 1582 1184 1645 notarii
1194 1581 1300 1666 primo
1317 1583 1410 1644 citata

147 1669 258 1752 contra
284 1690 450 1752 dominam
475 1694 637 1774 Agyczam
654 1703 835 1752 consortem
854 1688 1009 1750 lobannis
1034 1687 1117 1750 Gros
1134 1708 1199 1750 non
1217 1689 1411 1772 comparuit.

254 1795 332 1858 Item
357 1796 475 1858 Paulus
499 1796 638 1879 Tolvvay
662 1809 771 1858 contra
797 1795 987 1857 Michaelem
1020 1795 1135 1877 Zyrow
1167 1795 1272 1878 primo
1297 1796 1411 1858 citatus

146 1921 212 1964 non
241 1901 433 1983 comparuit.

253 2007 331 2069 Item
355 2007 539 2070 Anthonius
563 2006 701 2070 carnifex
725 2021 835 2069 contra
859 2007 949 2068 Jurse
974 2005 1154 2068 carnificem
1176 2007 1281 2090 primo
1298 2007 1412 2070 citatus

147 2132 212 2174 non
239 2113 429 2196 comparuit.

255 2219 333 2281 Item
357 2221 504 2282 Thomas
527 2217 666 2282 carnifex
699 2233 807 2281 contra
833 2219 923 2282 Jurse
955 2217 1137 2281 carnificem
1161 2219 1266 2302 primo
1299 2221 1413 2283 citatus

149 2344 214 2386 non
239 2327 429 2408 comparuit.
644 2317 647 2323 ’

255 2431 332 2494 item
358 2433 390 2494 in
416 2451 509 2494 causa
541 2433 623 2494 inter
653 2433 861 2494 Ambrosium
894 2431 994 2493 lilium
1021 2430 1198 2494 Clementis
1228 2444 1258 2495 et
1289 2431 1412 2495 Antho-

149 2537 239 2598 nium
256 2537 397 2620 judicem
413 2537 515 2600 filium
533 2539 677 2622 Appardi
694 2539 738 2600 sic
762 2537 1035 2620 adjudicaverunt,
1056 2551 1090 2598 ut
1114 2537 1189 2618 quia
1207 2537 1273 2620 ipse
1290 2537 1412 2598 Antho-

149 2625 220 2703 nius
244 2641 340 2725 judex
364 2644 490 2706 literam
508 2644 540 2706 in
558 2665 597 2706 eo
613 2645 821 2728 producebat,
846 2655 881 2706 ut
898 2642 1059 2724 Georgius
1075 2642 1224 2726 Aythych
1247 2662 1280 2704 se
1305 2643 1411 2706 litera-

147 2749 229 2811 torie
261 2749 435 2832 obligasset
464 2751 504 2812 ad
535 2750 782 2833 persolvendam
813 2749 995 2832 pecuniam,
1031 2748 1104 2822 ideo
1129 2748 1196 2831 ipse
1230 2748 1414 2812 Anthonius

147 2853 244 2935 judex
267 2855 428 2918 solitarius
450 2877 550 2940 penes
573 2858 675 2939 ipsam
700 2858 824 2920 literam
850 2869 965 2918 octavo
994 2855 1046 2916 die
1071 2855 1166 2918 debet
1189 2854 1293 2937 jurare
1318 2875 1414 2939 super

148 2979 237 3022 aram
261 2981 356 3045 super
381 2982 431 3042 eo,
454 2977 490 3024 ut
513 2963 580 3044 ipse
606 2961 765 3045 Georgius
800 2961 948 3045 hythych
981 2961 1020 3023 ad
1046 2961 1148 3044 ipsam
1176 2963 1347 3044 pecuniam
1380 2963 1413 3024 in

147 3065 239 3129 litera
265 3080 449 3131 contentam
474 3067 572 3131 nichil
590 3069 679 3131 dedit
703 3089 761 3132 nec
782 3067 938 3151 persolvit
955 3067 1015 3151 ipsi
1040 3067 1207 3130 Anthonio
1231 3067 1341 3150 judici,
1358 3069 1413 3132 sed

149 3193 223 3234 cum
250 3173 362 3236 eadem
388 3175 535 3258 integrali
568 3175 703 3259 pecunia
737 3175 897 3258 Georgius
928 3173 1077 3258 Aythych
1109 3174 1214 3236 eidem
1247 3175 1414 3237 Anthonio

151 3278 250 3360 judici
284 3280 445 3362 obligatur
476 3301 512 3342 ex
545 3295 668 3359 acerto;
700 3282 740 3346 de
770 3301 835 3364 quo
868 3280 988 3362 judicio
1013 3281 1079 3363 ipse
1111 3281 1296 3344 Anthonius
1320 3281 1414 3363 judex

151 3404 217 3448 non
242 3399 413 3448 contentus
436 3387 610 3472 appellavit
642 3407 769 3461 causam
800 3387 937 3450 eandem
969 3407 1041 3448 curn
1072 3387 1139 3470 ipsa
1172 3387 1414 3468 adjudicatione

150 3490 325 3572 juratorum
341 3493 372 3554 in
387 3494 584 3575 presenciam
596 3494 759 3556 seniorum
776 3494 919 3577 judicum
937 3513 992 3575 per
1006 3493 1138 3554 eosdem
1151 3492 1411 3574 adjudicandam.

258 3597 335 3660 Item
359 3597 453 3679 jurati
473 3599 737 3682 adjudicaverunt
760 3601 793 3661 in
817 3619 910 3662 causa
928 3599 1010 3662 inter
1034 3599 1221 3680 magistrum
1248 3598 1413 3662 Thomam

152 3703 313 3767 literatum
336 3703 439 3767 filium
473 3706 547 3790 lsipi
572 3719 602 3770 et
619 3707 755 3768 Elenam
790 3706 933 3768 relictam
961 3705 1060 3767 Marci
1090 3705 1256 3785 carnificis,
1287 3717 1322 3767 ut
1347 3706 1415 3787 ipsa

152 3811 253 3874 Elena
284 3811 389 3874 adhuc
418 3813 609 3875 secundario
641 3813 737 3876 debet
765 3813 940 3894 ligonizare
972 3813 1100 3874 vineam
1130 3811 1230 3894 ipsius
1270 3813 1414 3894 magistri

153 3913 283 3979 Thome
307 3930 337 3980 et
360 3932 433 4000 post
456 3919 558 4001 ipsam
581 3919 756 3982 secundam
780 3918 1050 4000 ligonizacionem
1074 3918 1233 3980 dimittere
1258 3931 1363 4001 potest
1388 3919 1414 3980 si

155 4021 233 4107 vult,
255 4023 281 4084 si
306 4035 414 4104 autem
438 4025 578 4087 noluerit
594 4025 755 4088 dimittere
778 4045 834 4088 seu
858 4025 1039 4108 relinquere
1057 4025 1158 4106 ipsam
1184 4025 1322 4104 vineam,
1339 4037 1415 4086 tunc

154 4149 224 4190 eam
249 4129 346 4192 debet
368 4130 515 4193 terciario
540 4130 715 4214 ligonizare
740 4145 771 4194 et
798 4131 923 4194 medios
955 4144 1130 4214 proventus
1159 4144 1213 4192 aut
1237 4131 1415 4193 secundum

153 4235 405 4298 convencionem
430 4257 503 4300 cum
527 4237 597 4320 ipso
622 4239 774 4322 magistro
798 4237 927 4300 Thoma
955 4237 1097 4300 habitam
1122 4249 1296 4319 proventus
1321 4237 1417 4298 debet

153 4341 421 4433 mmfflm

171 4525 172 4529 Ἰ
260 4448 337 4510 item
352 4467 432 4510 uxot
454 4448 636 4532 jobagionia
652 4449 778 4512 Nicolai
803 4449 918 4532 judicis
946 4448 1093 4511 moderni
1114 4449 1245 4511 nomine
1270 4450 1415 4529 Fabiani,

154 4551 249 4616 debet
273 4553 376 4634 jurare
401 4552 453 4616 die
476 4569 591 4618 octavo
623 4577 718 4640 super
748 4575 835 4618 aram
867 4556 1074 4618 secundamet
1104 4575 1202 4638 penes
1226 4555 1414 4621 effusionem

155 4659 320 4741 sanguinis
343 4673 452 4724 contra
477 4661 606 4724 Petrum
631 4661 767 4744 juratum
792 4661 894 4724 filium
928 4661 1011 4733 Petri
1044 4662 1166 4745 Saphar
1190 4681 1285 4744 super
1309 4682 1359 4742 eo,
1384 4677 1417 4725 ut

155 4763 258 4847 ipsam
283 4765 473 4829 effusionem
505 4769 669 4850 sanguinis
701 4781 732 4831 et
761 4769 880 4830 vibices
910 4789 967 4832 seu
997 4769 1158 4832 cicatrices
1189 4789 1283 4850 super
1315 4769 1416 4851 ipsam

154 4891 286 4934 uxorem
312 4872 446 4935 Fabiani
471 4874 538 4956 ipse
563 4874 674 4936 Petrus
695 4874 815 4956 juratus
839 4889 1059 4958 perpetrasset.

260 4978 339 5041 Item
368 4979 444 5061 quia
468 4979 630 5042 lohannes
661 4978 757 5061 judex
781 4979 865 5042 filius
897 4981 978 5043 Pero
1010 4981 1124 5062 judicis
1156 4983 1230 5044 anni
1264 4983 1417 5065 preteriti,

155 5103 227 5146 cum
252 5084 345 5146 certis
375 5084 485 5166 juratis
517 5085 640 5148 civibus
672 5087 806 5148 civitatis
836 5087 978 5169 predicte
1011 5101 1155 5171 tempore
1187 5089 1345 5171 judicatus
1369 5089 1417 5151 sui
