3678 5800
548 506 746 582 Anno1433.
770 537 815 548 —
837 517 889 565 20.
913 502 1025 566 martti.
1365 502 1423 584 189

158 718 264 796 nobis,
289 731 325 780 ut
347 718 432 780 bone
457 716 576 780 indolis
599 717 786 778 adolescens
804 715 984 798 Stephanus
1008 715 1093 778 lilius
1108 715 1246 778 condam
1273 715 1422 796 Gregorii

158 823 272 886 decani
298 823 375 886 dicti
401 824 522 901 Skerta,
547 823 690 884 nuncin
715 821 884 884 Korinthia
902 822 935 884 in
960 822 1136 906 Radochay
1160 841 1374 899 commorans,
1392 823 1424 882 in

159 929 323 991 civitatem
347 928 524 1012 predictam
547 941 693 1012 tempore
717 927 875 1008 judicatus
898 941 962 990 tam
987 928 1113 990 Nicolai
1146 947 1243 1010 quam
1269 928 1352 990 Petri
1378 927 1424 1008 ju·

161 1035 270 1097 dicum
296 1034 375 1096 alias
399 1049 594 1114 nostrorum,
617 1049 713 1116 prout
735 1033 833 1096 iidem
858 1034 952 1096 nobis
977 1033 1138 1116 fidedigne
1162 1034 1347 1113 retulerant,
1364 1032 1426 1094 huc

161 1141 244 1202 inter
281 1160 340 1202 nos
371 1140 588 1220 advenientes,
619 1140 751 1202 totalem
783 1159 874 1201 suam
903 1141 1088 1222 porcionem
1121 1139 1255 1220 domus,
1279 1138 1369 1201 fundi
1395 1153 1426 1202 et

163 1246 387 1309 hedificiorum
421 1246 535 1330 prefati
569 1246 705 1309 condam
739 1245 886 1328 Gregorii
916 1245 1027 1308 decani
1061 1246 1093 1308 in
1126 1247 1266 1330 predicta
1298 1247 1425 1308 civitate

163 1353 283 1432 habite,
318 1353 421 1435 ipsum
446 1353 486 1414 ab
511 1352 627 1414 eodem
652 1350 810 1433 Gregorio
843 1351 966 1414 decano
997 1365 1084 1434 patre
1120 1371 1179 1414 suo
1202 1365 1275 1434 post
1298 1351 1423 1413 obitum

164 1459 266 1542 ipsius
290 1458 358 1541 jure
382 1458 575 1520 hereditario
592 1459 677 1540 juxta
695 1457 794 1540 ipsius
818 1457 954 1520 civitatis
969 1457 1135 1540 antiquam
1160 1457 1424 1519 consvetudinem

164 1579 195 1626 et
219 1565 455 1649 privilegiatam
480 1565 672 1643 libertatem,
696 1563 825 1626 nemine
845 1565 973 1646 penitus
996 1564 1244 1644 contradicente,
1266 1564 1326 1626 rite
1350 1583 1425 1626 con·

167 1685 364 1750 comentem,
389 1691 461 1734 cum
493 1672 558 1733 suis
589 1671 795 1753 pertinenciis
822 1683 853 1732 et
883 1671 1074 1732 utilitatibus
1105 1670 1260 1732 universis
1282 1671 1426 1753 predicto

161 1776 306 1859 Georgio
329 1775 468 1839 carnifici
494 1797 553 1860 pro
577 1777 705 1839 duobus
729 1775 798 1840 flor.
822 1777 890 1838 auri
915 1796 972 1858 per
1000 1776 1139 1838 eundem
1164 1775 1342 1857 Georgium
1366 1777 1425 1859 ipsi

161 1884 339 1966 Stephano,
364 1897 460 1966 prout
484 1883 569 1944 idem
595 1903 701 1946 coram
727 1883 820 1944 dictis
837 1882 997 1965 judicibus
1016 1882 1135 1961 retulit,
1160 1882 1301 1964 plenarie
1318 1901 1425 1964 perso·

161 1991 247 2070 lutis,
273 1990 480 2068 vendidisset,
504 1990 644 2072 ideoque
675 2009 734 2051 nos
761 1988 936 2070 predictam
961 1989 1092 2052 totalem
1128 1989 1317 2072 porcionem
1341 1987 1423 2050 dicte

160 2098 289 2177 domus,
304 2095 407 2176 fundi,
432 2096 553 2159 cellarii
577 2109 608 2157 et
632 2095 866 2175 hedificiorum,
882 2096 1071 2178 porcionem
1093 2095 1214 2157 scilicet
1238 2095 1337 2178 ipsius
1355 2095 1424 2158 Ste-

162 2204 261 2288 phani
287 2223 361 2266 curn
386 2203 549 2286 premissis
565 2203 687 2264 cunctis
702 2203 768 2264 suis
785 2203 976 2264 utilitatibus
993 2216 1024 2265 et
1041 2202 1246 2284 pertinenciis
1271 2201 1427 2264 universis

160 2311 310 2392 predicto
334 2308 478 2390 Georgio
503 2306 642 2370 carnifici
666 2329 702 2370 ac
725 2327 782 2391 per
798 2327 871 2370 eum
894 2309 959 2370 suis
983 2308 1154 2371 heredibus
1171 2307 1339 2370 statuimus
1355 2327 1426 2390 per-

158 2429 259 2498 petuo
284 2414 514 2498 possidendam
539 2428 571 2477 et
591 2414 899 2496 quomodocumque
915 2414 1054 2476 voluerit
1078 2413 1314 2496 disponendam
1339 2413 1425 2494 juxta

158 2521 388 2583 condicionem
414 2520 549 2583 civitatis
572 2533 738 2602 prenotate
762 2522 802 2582 ab
826 2521 960 2602 antiquo
992 2523 1212 2604 approbatam.

271 2627 348 2689 ltem
366 2627 442 2708 quia
459 2626 594 2709 provide
611 2627 762 2688 mulieres
775 2627 875 2688 Elena
890 2627 998 2688 relicta
1016 2640 1046 2688 et
1063 2627 1188 2708 Agatha
1205 2627 1270 2690 filia
1287 2627 1425 2690 condam

160 2733 297 2795 Fabiani
324 2733 525 2815 carpentarii,
550 2731 667 2811 claudi,
692 2731 748 2794 tilii
774 2733 868 2811 Petri,
897 2731 1099 2795 habitatrices
1123 2733 1206 2796 dicte
1231 2735 1366 2795 civitatis
1390 2733 1422 2795 id

160 2837 359 2902 sufficienter
391 2852 422 2900 et
453 2838 614 2920 fidedigne
640 2858 747 2900 coram
779 2839 873 2900 nobis
904 2839 935 2900 in
960 2838 1080 2921 judicio
1101 2840 1361 2921 comprobarunt,
1386 2851 1420 2901 ut

159 2947 239 3007 dum
264 2943 407 3027 prefatus
431 2945 592 3006 Fabianus
608 2945 825 3028 carpentarius
850 2945 881 3006 in
901 2946 1048 3007 extremis
1071 2946 1134 3008 vite
1158 2965 1214 3007 sue
1238 2945 1425 3027 temporalis

162 3051 351 3132 laborasset,
386 3062 463 3112 tunc
487 3053 554 3132 ipse
579 3051 741 3133 quandam
773 3051 901 3112 vineam
925 3070 1015 3112 suam
1041 3052 1073 3112 in
1103 3051 1264 3113 territorio
1288 3051 1425 3112 civitatis

161 3157 319 3236 habitam,
344 3156 448 3238 ipsum
473 3156 647 3218 literatorie
672 3169 929 3236 concernentem,
946 3177 1019 3218 cum
1044 3157 1109 3218 suis
1126 3157 1331 3238 pertinenciis
1356 3151 1434 3239 pre·‘

160 3262 255 3324 dictis
280 3262 383 3325 Elene
410 3262 518 3324 relicte
544 3275 574 3324 et
597 3262 720 3343 Agathe
745 3262 821 3341 filie,
845 3264 920 3342 suis,
952 3263 1120 3344 legavisset
1143 3263 1211 3344 jure
1237 3263 1426 3345 perhennali

160 3367 402 3451 possidendam,
427 3368 567 3450 ideoque
591 3387 650 3430 nos
674 3369 849 3450 predictam
869 3369 995 3430 vineam
1021 3389 1094 3430 curn
1118 3369 1279 3451 premissis
1303 3368 1425 3431 cunctis

161 3474 227 3536 suis
252 3473 445 3536 utilitatibus
471 3487 501 3536 et
524 3474 730 3557 pertinenciis
763 3475 928 3555 universis,
959 3475 1109 3556 predictis
1134 3475 1233 3536 Elene
1262 3474 1370 3536 relicte
1394 3487 1425 3536 et

161 3579 289 3661 Agathe
313 3577 377 3641 filie
403 3580 478 3641 dicti
503 3580 637 3642 Fabiani
662 3581 850 3663 carpentarii
875 3601 911 3642 ac
934 3601 1060 3663 pereas
1084 3582 1223 3662 ipsarum
1249 3579 1420 3643 heredibus

160 3686 332 3748 statuimus
352 3699 384 3747 et
407 3685 627 3748 commisimus
642 3699 797 3769 perpetuo
814 3687 1040 3769 possidendam
1065 3700 1096 3750 et
1112 3687 1419 3770 quomodocumque

163 3792 585 3874 voluerintdisponendam
602 3792 687 3876 juxta
709 3794 934 3856 condicionem
951 3794 1086 3856 civitatis
1109 3807 1277 3876 prenotato
1303 3795 1341 3856 ab
1367 3815 1422 3856 an·

161 3899 256 3981 tiquo
283 3901 503 3981 approbatam.

271 4003 350 4066 ltem
383 4005 476 4086 jurati
510 4005 785 4087 adjudicaverunt,
821 4008 907 4088 quod
941 4007 1052 4070 Petrus
1082 4006 1202 4088 juratus
1225 4005 1310 4068 filius
1343 4007 1426 4069 Petri

164 4110 291 4192 Saphar
316 4111 412 4173 debet
442 4111 546 4192 jurare
578 4133 672 4194 super
703 4133 790 4174 aram
824 4125 937 4174 octavo
961 4113 1013 4174 die
1046 4127 1155 4174 contra
1180 4113 1354 4175 Martinum
1379 4113 1427 4195 ju·

162 4231 270 4278 ratum
295 4215 397 4278 filium
423 4217 551 4280 Thome
587 4219 774 4300 magistrum
797 4219 962 4301 hospitalis
995 4219 1091 4281 nostri
1117 4219 1308 4297 communis,
1332 4239 1427 4301 super

164 4341 215 4400 eo,
240 4335 277 4384 ut
302 4323 369 4405 ipse
394 4324 520 4386 nullum
545 4325 670 4388 milium
695 4325 828 4408 predicti
854 4325 1019 4407 hospitalis
1043 4338 1114 4407 post
1138 4339 1273 4388 mortem
1299 4325 1426 4388 Andree

168 4427 286 4509 judicis
309 4427 413 4491 fratris
437 4431 485 4492 sui
509 4451 574 4492 non
600 4433 721 4493 invenit
754 4433 785 4492 in
810 4431 909 4492 domo
941 4451 997 4492 sua
1023 4451 1081 4492 nec
1113 4433 1144 4492 in
1170 4431 1268 4493 domo
1294 4432 1426 4513 predicti

169 4534 299 4596 Andree
316 4534 421 4598 fratris
436 4537 496 4617 sui,
520 4557 579 4599 nec
602 4538 747 4600 vendidit
764 4559 822 4600 nec
846 4538 885 4598 ad
910 4539 1036 4620 aliquos
1060 4557 1134 4599 usos
1158 4557 1232 4599 suos
1257 4539 1424 4602 convertit.

276 4640 354 4703 ltem
371 4643 447 4724 quia
471 4642 632 4724 predictus
657 4645 813 4706 Martinus
841 4643 971 4726 juratus,
996 4645 1145 4726 magister
1168 4643 1333 4726 hospitalis
1355 4664 1426 4726 pre-

165 4744 232 4824 fati,
257 4747 289 4808 id
307 4766 414 4809 coram
440 4747 548 4828 juratis
573 4748 741 4828 injudicio
764 4749 847 4810 clare
872 4763 903 4810 et
926 4748 1119 4812 sufficienter
1139 4750 1370 4831 comprobavit,
1389 4763 1423 4812 ut

168 4853 233 4915 duo
257 4853 326 4915 flor.
351 4855 419 4915 auri
445 4874 501 4936 per
525 4855 702 4916 lohannem
736 4855 873 4917 condam
898 4857 1076 4918 institorem
1108 4876 1261 4937 generum
1288 4857 1426 4918 condam

169 4961 251 5023 Petri
284 4963 377 5041 labri,
410 4961 448 5022 ad
481 4961 658 5044 predictum
692 4962 848 5044 hospitale
879 4982 937 5044 ρτο
969 4963 1075 5024 anima
1107 4983 1163 5025 sua
1196 4963 1291 5044 legati
1317 4977 1347 5024 et
1372 4983 1427 5044 ρετ
