3876 5798
421 565 485 626 442
787 547 990 628 Ann01446.
1016 585 1055 596 -
1080 568 1109 614 2.
1133 553 1307 628 septembris.

422 759 503 820 ciam
528 761 695 824 mulierem
721 775 752 824 et
769 762 850 824 inter
875 763 1027 844 Egidium
1055 777 1260 846 purgatorem
1284 767 1466 849 gladiorum
1492 787 1698 850 germanum

422 867 531 948 ipsius,
556 887 663 930 coram
688 869 781 929 nohis
805 883 894 931 moto
919 883 949 932 et
973 885 1124 933 vertente.

500 1103 597 1178 Faria
625 1115 725 1179 serta
753 1111 908 1198 proxima
936 1117 1013 1199 post
1045 1110 1167 1182 festum
1205 1113 1296 1184 beati
1323 1111 1429 1202 ligidii
1458 1113 1605 1186 abbatis.

919 1265 963 1338 (2.
995 1265 1177 1340 septenbris).

525 1401 603 1463 ltem
629 1401 790 1464 lohannes
813 1401 943 1486 pellifex
967 1404 1058 1466 aliter
1075 1403 1169 1488 Gyan
1193 1419 1324 1468 vocatus
1348 1419 1458 1468 contra
1482 1407 1694 1489 Stephanum

421 1506 590 1590 pellificum
615 1508 757 1570 secundo
781 1510 894 1571 citatus
917 1529 981 1571 non
1007 1512 1197 1592 comparuit.

527 1615 604 1677 Item
633 1616 793 1677 Fabianus
816 1629 904 1678 sutor
931 1631 1041 1679 contra
1066 1617 1244 1700 Georgium
1276 1619 1437 1682 literatum
1468 1620 1626 1683 scolarem
1655 1623 1693 1684 in

419 1723 514 1783 acolis
528 1723 643 1783 nostris
657 1725 883 1785 communibus
895 1737 1149 1786 commorantem
1163 1726 1268 1808 primo
1281 1726 1394 1788 citatus
1411 1747 1476 1788 non
1491 1729 1691 1809 comparuit.

526 1829 603 1890 ltem
630 1830 705 1910 quia
730 1827 906 1910 Gregorius
923 1830 1049 1892 institor
1072 1829 1157 1893 lilius
1187 1831 1325 1914 Philippi
1347 1851 1446 1913 gener
1462 1833 1691 1917 Wrecharych

422 1937 516 2014 Petri,
534 1935 658 2018 pridem
683 1935 814 2015 juratus,
831 1937 1037 2019 concivisque
1054 1951 1171 2016 noster,
1189 1953 1260 2019 post
1276 1939 1475 2000 ereccionem
1492 1954 1524 2001 et
1544 1939 1690 2022 disposi-

421 2043 547 2104 cionem
571 2056 729 2104 metarum
754 2043 836 2102 inter
859 2043 968 2104 vineas
992 2043 1135 2105 eiusdem
1154 2042 1302 2125 Gregorii
1328 2064 1424 2106 unam
1450 2059 1481 2107 et
1504 2045 1600 2107 aliam
1626 2048 1689 2108 Ni·

419 2149 500 2212 colai
525 2164 555 2210 et
580 2149 707 2211 Andree
733 2149 891 2211 dictorum
918 2150 1124 2232 Bngdanych‚
1148 2149 1276 2212 easdem
1298 2165 1398 2213 metas
1424 2151 1553 2234 propria
1574 2153 1625 2214 via
1652 2169 1688 2215 et

420 2277 476 2316 sua
501 2256 649 2338 potencia
681 2255 842 2317 mediante
874 2256 1016 2334 violavit,
1049 2257 1122 2318 ideo
1155 2277 1211 2339 per
1241 2257 1475 2338 judicacionem
1503 2257 1688 2338 juratorum

420 2363 505 2424 idem
532 2362 707 2444 Gregorius
731 2363 853 2444 juratus
876 2363 1028 2424 remansit
1060 2363 1092 2424 in
1117 2364 1257 2445 birsagio
1289 2364 1400 2426 decem
1423 2385 1600 2427 marcarum
1628 2367 1689 2428 de-

420 2471 595 2549 nariorum,
626 2489 762 2552 quarum
795 2470 874 2530 duas
906 2483 1009 2552 partes
1041 2471 1120 2552 parti
1153 2471 1283 2533 adverse
1314 2487 1344 2533 et
1373 2473 1503 2534 terciam
1528 2472 1626 2552 judici
1654 2487 1690 2535 et

420 2579 529 2660 juratis
553 2598 655 2660 usque
679 2578 718 2639 ad
744 2578 923 2658 quindenas
947 2579 1129 2660 persolvere
1153 2591 1278 2640 tenetur
1302 2579 1340 2640 de
1366 2579 1443 2660 jure.

537 2685 614 2747 ltem
646 2683 835 2746 Valentinus
874 2685 1113 2747 molendinator
1154 2684 1239 2747 filius
1277 2685 1390 2746 Briccii
1429 2686 1468 2746 de
1510 2685 1688 2768 Byztrycza

420 2792 537 2873 jurabit
560 2792 659 2853 tercio
683 2811 716 2852 se
741 2791 885 2874 personis
916 2805 1029 2853 octavo
1054 2793 1106 2854 die
1140 2812 1236 2874 super
1259 2811 1346 2854 aram
1379 2806 1489 2854 contra
1515 2791 1682 2874 Mathyam

421 2898 614 2980 Petrechych
647 2899 746 2960 tercio
770 2919 802 2959 se
833 2899 975 2979 personis
1006 2898 1064 2961 sibi
1095 2900 1254 2961 similibus
1277 2919 1372 2981 super
1396 2918 1446 2978 eo,
1471 2911 1505 2960 ut
1530 2899 1595 2980 ipse
1621 2919 1685 2962 nec

423 3007 547 3087 ligones
572 3026 630 3068 nec
654 3025 797 3068 securem
823 3026 881 3067 nec
905 3007 1100 3088 putatorium
1118 3027 1176 3069 nec
1193 3007 1318 3088 aliquas
1341 3027 1390 3068 res
1414 3006 1513 3089 ipsius
1538 3007 1684 3090 Mathye,

420 3135 500 3196 quas
524 3127 633 3175 contra
661 3115 765 3196 ipsum
794 3113 1001 3176 Valentinum
1034 3134 1139 3175 coram
1166 3113 1275 3194 juratis
1306 3114 1483 3196 proposuit,
1516 3133 1580 3176 non
1606 3117 1687 3177 sub-

420 3223 518 3286 traxit
538 3242 596 3284 nec
621 3222 653 3282 in
686 3221 907 3282 subtraccione
940 3222 1078 3303 ipsarum
1112 3233 1158 3282 est
1189 3222 1346 3301 conscius,
1370 3221 1426 3282 sed
1458 3221 1489 3282 in
1514 3221 1604 3284 totali
1630 3241 1686 3284 ac-

418 3331 511 3392 cione
537 3329 635 3410 ipsius
659 3327 789 3410 Mathye
814 3329 928 3390 actoris
953 3329 1107 3390 innocens
1130 3328 1171 3389 sit
1193 3327 1321 3410 penitus
1344 3341 1375 3390 et
1400 3327 1552 3390 inmunia.

525 3436 604 3497 Item
630 3435 704 3517 quia
730 3433 870 3518 prefatus
898 3435 1086 3496 Valentinus
1118 3433 1357 3496 molendinator
1381 3434 1413 3495 id
1437 3453 1545 3496 coram
1570 3433 1686 3517 juratis

420 3543 507 3604 solus
531 3541 631 3604 lassus
655 3556 712 3620 est,
737 3555 771 3604 ut
803 3543 868 3624 ipse
895 3542 982 3603 solus
1013 3561 1078 3602 non
1109 3541 1274 3603 conbussit
1306 3541 1529 3602 molendinum
1556 3540 1686 3603 domini

420 3650 505 3711 Petri
530 3649 745 3711 archidiaconi
771 3649 809 3708 de
835 3649 974 3709 Kemluk
1000 3648 1141 3710 concivis
1165 3647 1275 3726 nostri,
1309 3647 1364 3709 sed
1389 3667 1462 3709 cum
1485 3647 1580 3709 sociis
1602 3648 1685 3727 suis,

419 3755 493 3817 ideo
520 3755 612 3835 jurati
639 3755 903 3835 adjudicaverunt
927 3755 1028 3836 ipsam
1053 3774 1180 3816 causam
1205 3755 1259 3815 tali
1285 3755 1395 3832 modu,
1420 3754 1508 3835 quod
1533 3755 1599 3836 ipse
1616 3753 1686 3815 Va·

418 3862 559 3923 lentinus
582 3861 680 3923 totale
705 3862 893 3944 dampnum,
918 3862 1005 3942 quod
1032 3862 1062 3922 in
1088 3862 1158 3943 ipso
1183 3861 1372 3922 molendino
1396 3860 1529 3943 predicti
1555 3857 1683 3922 domini

420 3968 505 4029 Petri
530 3967 590 4028 sibi
615 3988 671 4048 per
704 3968 807 4049 ipsum
832 3968 1039 4029 Valentinum
1072 3982 1103 4029 et
1126 3968 1230 4030 socios
1261 3987 1337 4029 suos
1361 3981 1407 4030 est
1431 3966 1560 4046 lactum,
1585 3965 1685 4028 debet

417 4094 605 4156 recuperare
637 4087 668 4135 et
701 4073 873 4135 reformare
898 4095 998 4156 usque
1032 4075 1071 4135 ad
1104 4073 1220 4136 festum
1251 4075 1349 4135 sancti
1383 4073 1512 4134 Martini
1537 4072 1682 4154 episcopi

417 4182 562 4265 proxime
588 4180 772 4259 affuturum,
806 4181 911 4242 socios
942 4193 1047 4243 autem
1077 4201 1159 4262 quos
1190 4181 1248 4242 scit
1271 4181 1330 4241 sibi
1355 4199 1423 4240 esse
1452 4178 1622 4260 participes
1646 4179 1682 4240 in

417 4290 487 4371 ipso
513 4288 655 4370 dampno
680 4288 774 4349 debet
798 4289 949 4370 prosequi
974 4289 1059 4349 idem
1077 4288 1268 4349 Valentinus
1293 4287 1533 4349 molendinator
1556 4285 1683 4366 justicia

417 4395 578 4457 mediante
603 4408 698 4477 prout
722 4395 836 4456 melius
860 4395 926 4456 scit.

523 4501 600 4562 Item
626 4503 700 4582 quia
726 4502 886 4563 barnabas
910 4501 994 4564 filius
1018 4502 1123 4563 Petevv
1153 4500 1250 4562 hodie
1275 4519 1372 4582 penes
1397 4498 1680 4582 adjudicacionem

418 4609 594 4690 juratorum
620 4621 728 4670 contra
747 4609 882 4671 Paulum
900 4609 1020 4670 dictum
1045 4605 1172 4670 Boutha
1189 4607 1228 4668 de
1245 4606 1377 4689 Dedych
1402 4620 1434 4668 et
1457 4605 1538 4668 alios
1554 4605 1681 4666 vicinos

417 4715 516 4798 ipsius
541 4734 655 4777 omnes
680 4716 711 4776 in
736 4716 849 4777 eadem
876 4715 1007 4798 Dedych
1032 4715 1210 4776 habitantes
1234 4713 1302 4774 sola
1333 4733 1388 4774 sua
1413 4713 1444 4773 in
1471 4731 1605 4793 persona
1632 4710 1684 4792 ju-

416 4821 497 4883 ravit
520 4840 616 4903 super
647 4840 696 4900 e0,
721 4836 754 4883 ut
788 4823 853 4904 ipse
885 4823 918 4883 in
951 4821 1092 4902 dampno
1125 4841 1183 4882 suo
1208 4820 1290 4881 duos
1323 4838 1436 4902 porcos
1461 4818 1560 4900 ipsius
1585 4817 1682 4880 Pauli

417 4927 542 4990 Bontha
559 4927 729 5008 sagittavit,
755 4928 827 4991 ideo
845 4929 949 5012 ipsum
972 4929 1011 4990 ab
1030 4928 1095 5014 ipsa
1121 4926 1320 5008 juramentali
1340 4925 1546 5009 deposicione
1571 4924 1685 4986 reddi·

417 5035 522 5095 dimus
550 5035 745 5118 expeditum.
