3678 5800
405 519 465 582 ¹74
797 501 994 575 Attno1432.
1021 533 1060 542 -
1085 512 1137 573 29.
1161 498 1295 577 augusti.

400 713 588 774 vocabiliter
620 711 858 795 possidendam,
891 710 1064 772 tenendam
1096 709 1212 790 pariter
1243 722 1274 771 et
1304 708 1485 770 habendam
1509 729 1546 770 ac
1577 707 1661 788 juxta

402 818 626 880 condicionem
640 818 776 880 civitatis
788 815 909 899 prefate
926 817 966 876 ab
979 815 1113 896 antiquo
1130 816 1337 897 approbatam
1354 810 1663 897 quomodocumque

401 925 563 986 volueriut
586 924 832 1006 disponendam,
849 923 935 984 salva
959 935 1067 983 tamen
1088 922 1150 983 alia
1175 921 1294 982 directe
1311 936 1342 982 et
1358 923 1465 1002 equali
1491 921 1663 982 medietate

401 1032 544 1092 eiusdem
570 1029 812 1109 domuslundi
837 1043 867 1090 et
898 1028 1133 1106 hedificiorum,
1155 1047 1252 1090 unam
1276 1028 1423 1089 similiter
1455 1043 1604 1108 quartam
1629 1026 1660 1086 in

401 1158 434 1199 se
458 1151 688 1216 remanentem,
722 1155 819 1218 quam
850 1133 990 1217 prelatus
1023 1135 1141 1196 Paulus
1167 1147 1256 1195 sutor
1287 1133 1460 1196 literatorie
1485 1133 1665 1196 dinoscitur

401 1245 576 1326 possidere.

508 1351 585 1412 ltem
604 1350 678 1432 quia
694 1349 868 1411 Katberine
885 1349 976 1410 aliter
987 1348 1107 1409 Malina
1121 1360 1243 1426 vocata,
1257 1348 1366 1409 relicta
1380 1348 1516 1409 condam
1535 1345 1668 1408 Thome

405 1457 521 1518 sutoris
545 1456 619 1518 dicti
647 1457 768 1516 Kriualt
790 1455 879 1537 olym
904 1454 1044 1516 concivis
1068 1454 1166 1515 nostri
1191 1451 1245 1515 lilii
1265 1453 1361 1531 ltran,
1382 1452 1524 1518 concivis
1549 1466 1668 1529 nostra,

403 1563 435 1624 id
461 1582 533 1624 cum
558 1560 728 1624 sufficienti
752 1575 783 1622 et
806 1560 971 1642 hdedigno
996 1575 1179 1621 nostrorum
1211 1555 1394 1621 concivium
1418 1559 1608 1621 testimonio
1635 1559 1668 1618 in

407 1669 482 1730 sede
507 1683 613 1730 nostra
638 1667 803 1748 judiciaria
835 1668 918 1728 clare
951 1667 1172 1749 comprobavit
1203 1685 1310 1728 coram
1343 1665 1446 1744 nobis,
1475 1679 1509 1727 ut
1534 1664 1667 1747 quidam

407 1775 542 1858 (h)ortus
566 1776 598 1836 in
624 1775 778 1836 suburbio
803 1774 938 1835 civitatis
960 1773 1102 1855 predicte
1134 1774 1215 1834 inter
1240 1772 1376 1853 (hlortos
1400 1773 1457 1833 viri
1483 1772 1614 1853 providi
1639 1784 1670 1832 et

404 1882 625 1964 circumspecti
649 1879 816 1942 Michaelis
839 1879 963 1962 pridem
989 1879 1113 1960 judicis,
1131 1879 1336 1961 concivisque
1360 1879 1458 1941 nostri
1484 1877 1541 1940 filii
1568 1878 1666 1940 Seba-

407 1989 500 2050 stiani
525 1989 564 2049 ab
589 1988 712 2050 oriente
737 2001 768 2048 et
791 1987 966 2048 liberorum
990 2005 1047 2047 seu
1070 2005 1287 2047 successorum
1326 1985 1462 2048 condam
1488 1983 1668 2046 Clementis

408 2093 489 2156 labri
507 2094 582 2154 dicti
601 2092 776 2154 Praschech
793 2093 881 2174 olym
899 2093 1039 2154 concivis
1055 2093 1153 2154 nostri
1171 2094 1211 2154 ab
1228 2091 1404 2170 occidente,
1422 2112 1458 2152 sc
1474 2111 1565 2152 secus
1584 2091 1667 2152 viam

405 2220 612 2263 communem
637 2220 654 2260 a
678 2199 856 2260 meridione
882 2199 970 2277 situs,
995 2218 1090 2260 unam
1117 2213 1262 2280 quartam
1296 2199 1383 2259 curie
1407 2198 1448 2259 ad
1474 2217 1568 2258 usum
1594 2195 1668 2256 civi·

407 2307 479 2368 tatis
515 2304 635 2388 prefate
671 2307 702 2366 in
734 2325 767 2366 se
802 2306 987 2384 continens,
1018 2305 1150 2388 predicti
1184 2305 1312 2366 Thome
1345 2305 1466 2365 Kriualr
1499 2301 1668 2385 prefuisset

410 2413 579 2494 empticius
603 2425 634 2474 et
657 2411 850 2473 literatorius
879 2426 910 2473 et
940 2431 996 2493 per
1027 2411 1166 2473 eundem
1191 2411 1355 2473 Thomam
1388 2411 1509 2473 Kriuak
1534 2411 1613 2472 dum
1636 2411 1665 2471 in

407 2521 555 2580 extremis
579 2519 642 2580 vite
667 2538 722 2580 sue
739 2519 925 2600 temporalis
948 2519 1133 2597 laborasset,
1158 2519 1217 2601 ipsi
1235 2519 1410 2580 Katberine
1434 2538 1492 2600 pro
1516 2533 1595 2580 tunc
1613 2535 1666 2578 sue

409 2626 548 2688 consorti
573 2645 645 2687 curn
671 2623 745 2686 liliis
768 2625 833 2686 suis
849 2645 888 2686 eo
912 2625 1011 2686 modo
1028 2625 1153 2706 legatus
1170 2626 1332 2704 extitisset,
1357 2639 1392 2686 ut
1414 2626 1439 2686 si
1465 2625 1525 2707 ipsi
1551 2624 1665 2686 Kathe·

410 2732 478 2793 rine
503 2751 575 2793 curn
602 2730 731 2814 prelatis
754 2729 827 2792 filiis
843 2732 908 2792 suis
932 2733 1013 2793 moti
1038 2731 1234 2812 contigisset,
1250 2745 1325 2792 tunc
1342 2731 1554 2793 commissarii
1578 2744 1667 2792 testa·

409 2838 508 2900 menti
534 2837 647 2920 prelati
672 2838 801 2899 Thome
826 2839 947 2898 Kriuak
980 2838 1085 2920 ipsum
1117 2837 1271 2918 (hlortum
1295 2837 1433 2898 vendere
1467 2852 1497 2898 et
1521 2857 1580 2918 pro
1604 2835 1666 2898 ani·

410 2946 523 3006 mabus
548 2945 647 3024 ipsius
672 2945 800 3006 Thome
824 2957 855 3005 et
878 2944 1139 3026 predecessorum
1157 2964 1289 3006 suorum
1314 2944 1449 3026 expendi
1476 2943 1668 3019 debuissent,

408 3064 504 3133 prout
528 3051 589 3112 hoc
615 3052 646 3112 in
671 3051 786 3112 eodem
802 3064 993 3112 testamento
1011 3051 1110 3132 ipsius
1127 3050 1256 3112 Thome
1273 3070 1380 3111 coram
1405 3051 1499 3111 nobis
1516 3050 1548 3110 in
1567 3049 1666 3131 specie

407 3157 549 3219 exhibito
575 3157 638 3219 fide
663 3157 818 3218 contineri
837 3157 976 3218 vidimus
1000 3157 1135 3220 oculata.
1161 3157 1202 3217 Et
1218 3157 1293 3238 quia
1318 3157 1384 3238 ipsa
1410 3155 1584 3217 Katberine
1601 3165 1668 3236 post

410 3265 534 3325 obitum
568 3264 643 3324 dicti
676 3262 806 3324 Thorne
837 3264 942 3324 mariti
974 3264 1021 3324 sui
1054 3277 1084 3324 et
1116 3261 1256 3324 filiorum
1288 3282 1420 3324 suorum
1454 3256 1602 3324 omniurn
1632 3281 1667 3322 et

409 3370 524 3431 eodem
550 3369 679 3431 Thomu
696 3383 727 3430 et
744 3369 811 3451 ipsa
829 3369 1003 3436 Katberine
1020 3369 1176 3450 legittime
1194 3369 1448 3451 progenitorum,
1468 3368 1530 3444 jam
1548 3368 1666 3430 dudunt

409 3489 488 3537 nutu
513 3475 564 3536 dei
589 3474 707 3536 lactum
733 3475 826 3536 unica
844 3475 935 3536 heres
959 3489 989 3536 et
1012 3489 1171 3556 superstes
1193 3477 1336 3558 ipsorum
1354 3477 1543 3536 remansisse
1568 3473 1667 3556 perhi-

409 3585 512 3661 betur,
537 3596 568 3644 et
591 3603 608 3644 a
633 3582 684 3643 die
709 3583 816 3644 obitus
831 3582 964 3664 predicti
990 3597 1054 3643 tam
1073 3581 1185 3663 prelati
1211 3583 1315 3643 mariti
1333 3583 1381 3643 sui
1405 3601 1502 3663 quam
1528 3582 1665 3663 ipsorum

408 3689 548 3750 liliorum
573 3707 705 3750 suorum
730 3707 831 3769 usque
856 3708 940 3748 nunc
965 3689 998 3748 in
1030 3689 1138 3769 plen0,
1168 3687 1301 3768 pacifico
1334 3701 1364 3750 et
1388 3689 1499 3769 quieto
1524 3687 1665 3749 dominio

408 3807 439 3856 et
461 3794 618 3875 legittima
642 3795 842 3876 possessione
875 3794 1019 3855 eiusdem
1044 3793 1152 3876 (hlorti
1185 3794 1279 3855 unius
1312 3807 1425 3876 quarte
1448 3814 1574 3876 semper
1598 3813 1664 3876 per·

412 3901 565 3962 mansisse
590 3901 855 3962 adinveniebatur
879 3921 915 3961 ex
940 3914 1056 4004 a'certo,
1081 3901 1210 3963 nemine
1242 3899 1369 3982 penitus
1392 3901 1474 3962 trina
1499 3901 1600 3962 eciam
1623 3899 1666 3960 lo·

411 4007 496 4068 tensi
521 4007 649 4088 publica
666 4007 924 4088 proclamacione
941 4005 1112 4088 superinde
1130 4006 1209 4068 lacta
1239 4007 1472 4068 contradictore
1489 4021 1665 4089 apparente,

409 4112 549 4193 ideoque
574 4131 632 4173 nos
657 4112 794 4174 eundem
812 4112 963 4194 (hlortum
990 4114 1085 4174 unius
1106 4129 1217 4194 quarte
1234 4115 1320 4174 curie
1338 4133 1412 4174 cum
1435 4114 1587 4174 omnibus
1602 4113 1664 4173 suis

414 4218 606 4279 utilitatibus
630 4233 660 4279 et
684 4219 889 4300 pertinenciis
909 4220 1066 4281 universis
1089 4218 1209 4301 prefate
1228 4219 1401 4281 Katberine
1425 4220 1581 4302 premisso
1605 4219 1666 4299 jure

413 4324 474 4385 sibi
500 4325 696 4386 incombenti
721 4345 756 4385 ac
774 4345 830 4405 per
855 4345 924 4386 eam
949 4327 1013 4387 suis
1030 4325 1201 4388 heredibus
1217 4325 1385 4388 statuimus
1401 4338 1432 4387 et
1454 4325 1667 4387 commisimus

412 4450 449 4491 ex
474 4431 634 4511 premissis
658 4431 724 4512 jure
742 4445 896 4512 perpetuo
913 4433 1144 4513 possidendum
1167 4447 1197 4493 et
1213 4432 1522 4514 quomodocumque
1539 4431 1667 4493 voluerit

413 4537 653 4617 disponendum
672 4537 757 4616 juxta
775 4537 999 4599 condicionem
1017 4538 1153 4600 civitatis
1169 4553 1334 4620 prenotate
1351 4539 1391 4599 ab
1409 4540 1542 4620 antiquo
1559 4557 1665 4619 appro-

416 4643 521 4703 batam
548 4643 804 4704 contradiccione
829 4645 1048 4723 quorumlibet
1072 4665 1137 4706 non
1159 4647 1322 4722 obstante;
1348 4645 1512 4707 universas
1535 4659 1565 4706 et
1580 4663 1664 4726 quas·

417 4747 496 4809 libet
521 4748 627 4809 literas
660 4749 806 4830 antiquas
839 4748 957 4810 factum
990 4751 1065 4812 dicti
1098 4750 1204 4832 (h)orti
1235 4764 1403 4832 tangentes
1427 4751 1459 4812 in
1484 4751 1663 4813 contrarium

413 4855 615 4937 presencium
639 4857 665 4916 si
690 4876 746 4936 per
769 4857 952 4938 quempiam
988 4856 1223 4936 exhiberentur,
1254 4877 1356 4920 cossas
1388 4859 1616 4920 committentes
1638 4871 1664 4918 et

412 4963 533 5024 vitibus
563 4962 724 5023 carituras,

1814 4612 1820 4781 l

1814 4860 1818 4897 l

1813 4944 1817 5017 1

1810 5106 1816 5198 l
