3740 5810
605 592 804 668 Ann01419.
830 623 870 634 -
895 605 922 650 1.
944 591 1114 665 septembris.
1460 609 1500 672 75

961 697 1394 704 —---—-.....——-—-—-—-
1409 697 1501 704 --—---

254 806 352 882 Ferte
381 817 479 882 sexta
507 813 660 900 proxima
690 819 765 900 post
794 811 919 883 festam
947 814 1036 883 beati
1066 811 1291 932 Bartholomei
1330 811 1485 900 apostoli.

755 973 817 1040 (25.
840 963 979 1037 augusta).

347 1103 500 1166 Clemens
523 1104 648 1166 institor
671 1116 782 1166 contra
799 1104 979 1166 Johannem
1003 1103 1199 1166 Terhinzeth
1224 1101 1366 1164 secundo
1391 1103 1504 1164 citatus

240 1228 306 1272 non
331 1211 521 1292 comparuit.

343 1315 422 1377 Item
458 1315 639 1398 Stephanus
673 1315 804 1399 pellifex
837 1329 946 1380 contra
983 1317 1157 1379 Martinum
1191 1313 1365 1399 Goychech
1398 1315 1503 1398 primo

240 1423 355 1484 citatus
379 1441 445 1484 non
470 1424 659 1505 comparuit.

346 1529 424 1591 item
450 1529 567 1592 Malich
594 1543 704 1593 contra
720 1531 932 1593 Benedictum
950 1529 1023 1592 Dile
1047 1529 1171 1593 seundo
1188 1531 1302 1593 citatus
1326 1548 1391 1591 nou
1416 1547 1504 1590 com·

240 1637 355 1720 paruit.

347 1743 424 1805 item
450 1743 631 1826 Stephanus
656 1743 800 1806 Pundich
824 1755 934 1806 contra
964 1744 1085 1805 Lucam
1111 1742 1237 1805 fabrum
1261 1743 1367 1825 primo
1391 1742 1504 1804 citatus

243 1869 305 1911 non
340 1851 529 1933 comparuit.

349 1957 427 2019 Item
452 1977 524 2018 cum
550 1977 587 2018 ex
612 1956 752 2018 evidenti
771 1956 967 2018 documento
984 1969 1014 2018 et
1030 1955 1200 2019 sufficienti
1217 1955 1403 2018 testimonio
1420 1954 1503 2016 clare

244 2077 405 2144 repertum
431 2077 486 2140 est,
511 2062 600 2145 quod
625 2062 741 2124 domus
765 2082 839 2124 cum
868 2061 969 2124 fundo
994 2063 1132 2125 condam
1158 2061 1271 2146 Gyane
1297 2063 1412 2124 sutoris
1435 2062 1503 2123 sine

244 2169 416 2231 heredibus
444 2169 574 2247 mortui,
604 2189 701 2250 quam
734 2169 814 2230 nulli
849 2169 880 2230 in
914 2170 1062 2230 extremis
1086 2169 1149 2230 vite
1182 2189 1237 2229 sue
1263 2167 1444 2246 dimisisset,
1470 2179 1504 2229 ut

242 2288 402 2358 repertum
427 2289 483 2353 est,
508 2276 638 2358 etquis
663 2275 792 2337 libertas
820 2275 1019 2358 privilegiata
1046 2274 1078 2336 id
1103 2287 1209 2336 nostra
1242 2275 1386 2356 requirit,
1413 2272 1501 2354 quod

241 2381 428 2443 huiusmodi
453 2381 570 2443 domus
593 2381 714 2442 nullius
738 2381 816 2442 alias
839 2381 899 2442 nisi
925 2381 965 2442 ad
989 2381 1253 2443 communitatem
1280 2379 1432 2442 devoluta
1449 2378 1503 2440 ha-

242 2490 345 2568 betur,
369 2487 444 2549 ideo
469 2487 604 2548 eandem
630 2487 763 2550 domum
795 2501 860 2549 tota
893 2487 1107 2548 communitas
1138 2486 1321 2548 venditioni
1346 2485 1505 2567 disposuit

240 2596 341 2656 libere
366 2607 398 2656 et
421 2613 530 2655 secure
563 2594 603 2655 ad
627 2613 708 2676 opus
739 2594 980 2655 communitatis
1013 2594 1183 2676 pecuniam
1216 2613 1273 2675 pro
1298 2613 1361 2675 qua
1387 2592 1504 2653 vende·

240 2713 326 2764 retur
350 2701 511 2762 commisit
536 2700 770 2782 exponendam.

348 2807 428 2869 Item
452 2819 566 2868 octavo
591 2806 642 2868 die
668 2807 790 2868 Munko
822 2807 909 2868 solus
933 2807 1093 2868 tenebitur
1124 2819 1263 2889 prestare
1288 2805 1503 2886 juramentum

245 2933 341 2996 super
366 2933 416 2992 eo,
441 2913 527 2994 quod
548 2913 656 2976 relicta
682 2912 801 2975 Mathai
819 2911 976 2994 lucifiguli
1000 2911 1093 2974 certis
1115 2912 1271 2995 sumpmis
1295 2911 1504 2994 pecuniarum

241 3021 421 3097 tenebatur,
445 3039 524 3101 quas
548 3021 587 3081 ab
612 3019 723 3082 eadem
749 3038 814 3082 non
838 3020 1040 3102 percepisset.

351 3127 431 3189 item
463 3127 646 3189 Anthoniua
678 3139 779 3188 sartor
803 3139 834 3189 et
866 3125 1033 3188 Elizabeth
1066 3145 1175 3187 socrus
1207 3125 1351 3186 eiusdem
1376 3124 1416 3186 ab
1440 3143 1504 3185 una

244 3247 273 3294 et
298 3235 338 3295 ab
362 3233 425 3294 alia
449 3246 537 3315 parte
562 3233 670 3294 relicta
695 3232 825 3316 Mathey
849 3245 880 3293 et
909 3231 972 3293 filia
997 3233 1065 3294 eius
1097 3232 1217 3294 scilicet
1242 3231 1347 3292 Sabka
1372 3247 1503 3292 concor·

245 3341 309 3402 dati
335 3340 466 3402 suntin
491 3359 584 3402 causa
608 3340 690 3402 inter
714 3359 769 3401 eos
789 3351 876 3400 mota
893 3339 1008 3414 taliter,
1033 3338 1121 3420 quod
1147 3339 1214 3421 ipsa
1239 3338 1348 3398 relicta
1374 3335 1505 3418 Mathey

243 3461 273 3508 et
299 3447 404 3510 Sabka
429 3446 568 3528 amplius
599 3445 784 3508 huiusmodi
817 3443 898 3508 facta
933 3445 1085 3527 nepharia
1109 3444 1213 3507 iacere
1238 3465 1302 3506 non
1338 3463 1504 3526 presump-

243 3567 340 3630 mant,
367 3551 512 3634 alioquin
538 3572 595 3614 nec
620 3553 685 3634 ipsa
711 3551 792 3614 facta
817 3551 969 3633 nepharia
994 3571 1059 3612 non
1084 3551 1147 3613 sint
1172 3551 1335 3632 permissa.

349 3659 452 3721 Judex
485 3674 515 3722 et
547 3657 640 3740 jurati
676 3657 818 3740 Georgia
850 3658 970 3720 Wolek
1002 3658 1126 3740 pridem
1159 3657 1262 3738 jurato
1303 3656 1505 3717 indulserunt

244 3765 331 3846 quod
356 3779 530 3826 excesserat
556 3765 683 3826 racione
708 3763 876 3826 fraccionis
899 3777 1095 3846 treugarum.

366 3965 463 4039 Feria
490 3975 590 4040 sexta
617 3969 773 4039 videlicet
802 3970 834 4038 in
863 3967 949 4038 iesto
977 3967 1066 4039 beati
1096 3963 1201 4055 Egidii
1231 3967 1376 4038 abbatis.

744 4117 788 4199 (t.
811 4119 998 4200 septembris).

333 4261 428 4326 ,Item
446 4261 546 4322 Elena
563 4259 628 4322 filia
645 4261 754 4323 Bartol
771 4279 855 4322 nunc
873 4278 1004 4321 consors
1029 4259 1152 4321 Fridlin
1177 4279 1248 4321 cum
1267 4259 1365 4321 literis
1389 4259 1504 4320 nostris

245 4365 501 4450 privilegialibus
517 4386 623 4428 coram
649 4366 742 4428 nobis
759 4367 990 4449 comprobavit,
1008 4365 1095 4447 quod
1114 4366 1253 4447 quedam
1271 4366 1386 4427 domus
1404 4366 1503 4447 ipsius

246 4473 354 4536 Bartol
379 4474 419 4534 ab
444 4473 513 4554 ipso
538 4472 577 4533 ad
602 4473 703 4554 ipsam
725 4473 860 4534 Elenam
892 4487 923 4534 et
946 4486 1080 4534 matrem
1113 4473 1211 4554 ipsius
1236 4472 1336 4534 Elene
1361 4472 1503 4534 relictam

244 4580 318 4642 dicti
344 4579 454 4640 Bartol
479 4579 630 4640 devoluta
648 4579 828 4658 haberetur,
853 4580 981 4660 etquis
1007 4579 1073 4662 ipsa
1092 4579 1208 4640 domus
1229 4601 1265 4640 ex
1291 4580 1383 4641 certis
1400 4579 1503 4641 causis

244 4686 338 4748 vendi
364 4685 480 4746 debeat
511 4699 639 4767 propter
671 4685 848 4767 dampnum
881 4686 1060 4747 vicinorum
1093 4707 1129 4747 ex
1163 4686 1275 4748 eadem
1300 4685 1503 4767 proveniens,

245 4792 317 4853 ideo
342 4790 479 4852 eandem
497 4790 629 4852 domum
657 4791 722 4873 ipsa
746 4791 847 4853 Elena
873 4791 1014 4872 Georgio
1033 4791 1232 4873 Oprasnicha
1249 4812 1307 4874 pro
1324 4792 1385 4853 alia
1404 4792 1502 4853 domo

245 4917 300 4958 sua
323 4917 381 4978 per
403 4897 536 4958 modum
562 4897 811 4977 permutacionis
833 4897 964 4960 tradidit
988 4912 1018 4958 et
1042 4899 1224 4979 assignavit,
1249 4918 1286 4958 ex
1309 4897 1370 4959 hoc
1395 4900 1502 4978 itaque

248 5004 422 5084 predictam
457 5003 588 5063 domum
622 5003 720 5083 ipsius
752 5003 889 5064 condam
921 5003 1029 5064 Bartol
1055 5003 1112 5086 ipsi
1146 5004 1288 5086 Georgio
1314 5021 1343 5065 et
1368 5005 1499 5065 domum

251 5107 382 5190 Georgii
408 5109 467 5190 ipsi
492 5107 591 5170 Elene
616 5121 646 5170 et
670 5108 762 5170 matri
786 5128 842 5172 sue
865 5109 1033 5172 statuimus
1056 5110 1275 5193 possidendas.
