3876 5798
651 564 737 621 Anno
760 578 852 642 1443.
878 598 918 608 -
942 579 993 625 22.
1017 567 1126 626 martii,
1462 565 1521 648 385

260 773 443 834 concivium
475 774 660 835 testimonio
686 776 717 836 io
749 777 824 837 sede
858 789 963 838 nostra
995 775 1161 858 judiciaria
1194 777 1276 838 clare
1301 779 1524 860 comprobavit

259 899 366 941 coram
391 880 495 960 nobis,
519 894 554 942 ut
571 881 647 941 dum
665 880 808 963 prefatus
831 881 1015 944 Anthonius
1032 883 1219 944 Mozlauecz
1237 883 1269 944 in
1294 885 1442 946 extremis
1458 887 1523 948 vite

259 1005 315 1048 sue
340 988 528 1069 temporalis
560 987 744 1066 laborasset,
773 1001 849 1050 tunc
883 989 950 1070 ipse
982 989 1186 1050 medietatem
1218 989 1384 1052 cuiusdam
1408 991 1523 1053 domus

259 1111 315 1153 sue
340 1107 371 1154 et
394 1092 485 1156 fundi
505 1114 541 1156 ac
558 1093 783 1157 hediticiorum
808 1095 841 1156 in
858 1095 930 1156 vico
947 1096 1096 1158 exteriori
1121 1109 1264 1158 sutorum
1282 1096 1400 1176 habite,
1418 1099 1521 1180 ipsum

259 1199 434 1262 literatorie
459 1215 716 1280 concernentem,
733 1221 806 1263 cum
826 1202 892 1263 suia
908 1203 1112 1284 pertinenciis
1136 1203 1277 1286 predicte
1295 1203 1395 1266 Elene
1412 1204 1522 1267 relicte

258 1324 315 1368 sue
339 1307 508 1388 legavisset
531 1307 600 1390 jure
624 1307 811 1390 perhennali
836 1309 1076 1390 possidendam,
1098 1310 1237 1391 ideoque
1262 1330 1321 1372 nos
1344 1309 1521 1394 predictam

261 1411 467 1474 medietatem
492 1414 593 1496 ipsius
624 1414 750 1492 domus,
782 1412 874 1475 fundi
900 1428 930 1475 et
961 1413 1183 1477 hedificiorum
1210 1435 1283 1478 cum
1314 1417 1379 1477 suis
1403 1416 1521 1479 utilita-

259 1518 344 1579 tibus
368 1531 399 1581 et
429 1520 639 1602 pertinenciis
670 1521 827 1582 unIversis
857 1519 978 1602 prefate
1011 1521 1110 1583 EIcne
1143 1522 1270 1584 mulieri
1303 1522 1381 1584 alias
1405 1537 1435 1584 et
1458 1523 1520 1604 jam

258 1639 367 1688 nostre
393 1627 517 1689 concivi
542 1647 577 1690 ac
601 1647 752 1710 peream
777 1628 843 1689 suis
858 1627 1030 1690 heredibus
1054 1628 1222 1690 statuimus
1246 1643 1404 1711 perpetuo
1421 1631 1521 1712 possi·

259 1732 399 1795 dendam
417 1747 448 1795 et
460 1734 769 1816 quomodocumque
786 1733 925 1796 voluerit
941 1733 1175 1816 disponendam
1191 1734 1278 1816 juxta
1295 1736 1521 1798 condicionem

258 1838 394 1901 civitatis
417 1853 582 1922 prenotate
607 1842 646 1902 ab
671 1841 805 1922 antiquo
829 1841 1049 1923 approbatam.

362 1945 440 2008 Item
458 1948 533 2028 quia
552 1947 709 2010 Martinus
725 1961 814 2010 sutor
831 1947 950 2030 Ztyzka
967 1945 1051 2008 filius
1068 1946 1233 2026 Iohannis,
1246 1948 1387 2010 concivis
1404 1962 1520 2028 noster,

258 2051 290 2113 id
316 2070 389 2114 cum
415 2051 585 2116 sufficienti
613 2067 643 2116 et
667 2053 831 2134 fidedigno
855 2066 1038 2116 nostrorum
1072 2053 1253 2116 concivium
1277 2055 1463 2116 testimonio
1488 2056 1520 2117 in

258 2157 333 2220 sede
358 2172 464 2222 nostra
489 2159 656 2242 judiciaria
682 2159 765 2222 clare
789 2159 1011 2242 comprobavit
1035 2179 1142 2221 coram
1160 2160 1265 2240 nobis,
1290 2173 1324 2222 ut
1347 2161 1426 2222 dum
1451 2182 1520 2242 pre·

258 2263 361 2326 dictus
385 2265 570 2328 Anthonius
595 2265 782 2328 Mozlauecz
807 2265 839 2327 in
873 2265 1022 2326 extremis
1046 2265 1109 2326 vite
1142 2285 1197 2326 sue
1221 2267 1408 2349 temporalis
1431 2266 1520 2328 labo·

259 2385 367 2450 rasset,
399 2385 475 2434 tunc
507 2373 575 2455 ipse
606 2372 786 2455 predictum
818 2372 992 2433 Martinum
1031 2385 1172 2434 sutorem
1204 2372 1457 2434 commissarium
1490 2386 1521 2436 et

258 2491 461 2540 executorem
486 2499 598 2540 verum
622 2479 818 2561 legittimum
835 2492 994 2541 certorum
1018 2498 1149 2540 suorum
1175 2479 1335 2542 bonorum
1359 2493 1390 2542 et
1413 2501 1519 2542 rerum

257 2602 292 2645 ac
311 2585 549 2666 possessionum
562 2605 692 2648 suarum
710 2586 924 2648 constituisset
940 2599 971 2647 et
987 2585 1156 2647 sibialiam
1174 2599 1205 2648 et
1221 2587 1381 2648 residuam
1400 2587 1520 2650 medie·

255 2703 355 2753 tatem
380 2691 463 2753 dIcte
489 2692 615 2772 domus,
641 2691 733 2754 fundi
758 2707 789 2754 et
816 2691 1039 2754 benificiorum
1070 2711 1201 2754 suorum
1226 2712 1323 2774 quam
1348 2693 1519 2756 Dominico

256 2798 356 2860 sutori
388 2798 477 2881 olym
510 2799 570 2861 civi
603 2798 793 2862 Chasmensi
822 2799 1010 2861 vendiderat
1041 2817 1099 2881 pro
1131 2798 1173 2860 XI
1205 2798 1274 2861 flor.
1305 2801 1392 2878 aurI,
1425 2801 1519 2863 etad

256 2903 358 2985 ipsam
383 2903 608 2966 vendicionem
638 2905 721 2968 dicte
752 2905 933 2967 medietatis
963 2905 1090 2984 domus,
1115 2903 1205 2966 fundi
1238 2918 1269 2967 et
1293 2903 1517 2968 hedificiorum

257 3009 473 3090 predictorum
500 3011 644 3093 quinque
669 3011 738 3075 flor.
763 3012 832 3074 auri
856 3011 923 3093 ipse
941 3011 1132 3072 DomInicus
1155 3023 1244 3073 sutor
1267 3011 1326 3094 ipsi
1351 3011 1518 3074 Anthonio

258 3116 446 3180 Mozlauecz
469 3138 528 3200 pro
553 3139 621 3180 arra
647 3119 796 3198 dedisset,
814 3119 955 3200 reIIquos
971 3137 1047 3179 vero
1072 3118 1113 3180 VI
1138 3116 1206 3180 flor.
1232 3118 1300 3180 auri
1325 3118 1431 3180 eidem
1453 3123 1518 3180 An·

257 3222 370 3286 thonio
396 3225 582 3287 Mozlauecz
606 3225 711 3287 adhuc
735 3244 799 3286 non
831 3224 1045 3307 persolvendo
1078 3237 1222 3286 mortuus
1246 3223 1357 3286 fuisset
1379 3222 1520 3306 prefatus

258 3330 460 3410 Dominicus,
491 3345 522 3393 et
552 3333 578 3394 si
609 3331 743 3394 heredes
775 3331 873 3413 ipsius
905 3331 1067 3392 Dominici
1099 3331 1215 3392 sutoris
1246 3330 1348 3394 dictos
1371 3351 1425 3393 sex
1449 3331 1518 3394 flor.

255 3437 323 3497 auri
349 3437 408 3518 ipsi
434 3439 573 3500 Martino
590 3438 689 3500 sutori
714 3437 834 3520 Ztyzka
865 3437 1076 3520 persolverint
1104 3436 1209 3498 eidem
1242 3437 1381 3498 Martino
1405 3438 1516 3518 sutorI,

253 3540 383 3625 prefatis
415 3543 588 3618 heredibus
618 3544 751 3606 reddere
783 3543 993 3605 commisisset
1027 3556 1183 3625 perpetuo
1214 3543 1460 3625 possidendam,
1492 3545 1517 3605 si

254 3669 330 3711 vero
348 3670 413 3712 non
431 3651 642 3733 persolverint
654 3671 709 3713 seu
727 3651 909 3733 persolvere
926 3650 1151 3728 recusaverint,
1168 3663 1245 3711 tunc
1262 3649 1379 3714 dictam
1397 3652 1517 3714 medie-

253 3769 350 3818 tatem
377 3757 503 3836 domus,
529 3757 620 3819 fundi
646 3772 676 3820 et
699 3757 922 3820 hedificiorum
947 3754 1071 3838 prelato
1100 3755 1238 3818 Martino
1262 3758 1362 3818 sutori
1388 3758 1515 3838 plenam

254 3863 414 3924 vendendi
441 3877 472 3925 et
496 3863 601 3925 debita
627 3883 683 3925 sua
707 3863 923 3946 persolvendi,
947 3863 1111 3924 residuum
1145 3881 1220 3923 vero
1245 3883 1303 3944 pro
1328 3865 1435 3926 anima
1459 3885 1516 3928 sua

256 3968 432 4050 elargiendi
457 3970 670 4032 commisisset
691 3983 899 4052 potestatem3
924 3984 954 4030 et
979 3970 1052 4050 quia
1079 3967 1137 4050 ipsi
1155 3967 1288 4030 heredes
1305 3969 1380 4031 dicti
1405 3970 1516 4033 Domi-

253 4075 315 4136 nici
341 4075 444 4138 dictos
467 4076 509 4138 VI
534 4075 603 4141 flor.
629 4077 696 4138 auri
722 4077 781 4158 ipsi
806 4077 944 4139 MartIno
966 4075 1066 4136 sutori
1090 4093 1147 4156 per
1163 4076 1435 4138 ammonicionem
1459 4097 1516 4140 no·

253 4194 348 4242 stram
375 4183 583 4245 literatoriam
608 4183 789 4266 persolvere
819 4195 1055 4261 recusaverunt,
1087 4181 1226 4262 ideoque
1259 4201 1317 4242 nos
1342 4183 1516 4264 predictam

253 4287 460 4351 medietatem
485 4289 585 4372 ipsios
601 4290 728 4369 domus,
746 4289 836 4351 fundi
852 4303 882 4351 et
898 4287 1120 4350 hedificiorum
1139 4307 1211 4349 cum
1231 4289 1296 4349 suis
1313 4290 1517 4370 pertinenciis

253 4394 399 4475 predicto
433 4396 573 4457 MartIno
605 4395 733 4478 plenam
767 4395 928 4458 vendendi
954 4410 984 4458 et
1015 4395 1113 4457 modo
1137 4395 1293 4477 premisso
1324 4395 1516 4478 disponendi

253 4500 457 4563 attribuimus
481 4500 676 4566 facultatem.

361 4605 439 4669 Item
464 4609 612 4690 Mathyas
629 4606 797 4669 Ztakorich
822 4621 931 4669 contra
957 4608 1036 4669 Pero
1065 4608 1202 4690 juratum
1234 4607 1376 4669 secundo
1401 4607 1513 4669 citatus

253 4731 318 4774 non
344 4715 533 4796 comparuit.

362 4819 439 4880 Item
457 4839 584 4881 causam
602 4820 741 4882 EmerIci
759 4819 852 4900 jurati
871 4820 951 4901 Sega
970 4821 1050 4881 Inter
1068 4819 1172 4901 ipsum
1197 4833 1228 4880 et
1244 4820 1325 4881 inter
1342 4819 1422 4880 Pero
1440 4819 1513 4881 Bar-

256 4925 379 4986 berium
407 4945 514 4986 coram
540 4925 649 5006 juratis
673 4941 805 5006 motam,
836 4926 933 4987 iidem
957 4925 1050 5008 jurati
1074 4945 1133 5009 pro
1158 4925 1283 4987 meliori
1308 4925 1406 5008 ipsius
1422 4946 1515 4988 cause

252 5030 487 5093 deliberacione
504 5032 543 5092 ad
561 5032 700 5114 primurn
717 5032 873 5113 judicium
890 5031 1035 5114 proxime
1059 5051 1229 5093 occurrens
1245 5047 1511 5114 prorogaverunt.

1369 5141 1406 5203 ²5
