3876 5798
399 542 459 625 388
800 547 885 603 Anno
908 559 1000 623 1443.
1023 579 1067 590 -
1090 559 1139 622 14.
1163 544 1247 607 maii.

396 773 469 816 curn
494 755 558 816 suis
575 755 766 817 utilitatibus
785 754 908 838 prefato
926 755 1060 818 domino
1078 757 1213 818 Nicolao
1237 755 1412 838 presbitero
1436 757 1563 839 plenam
1583 776 1658 817 ven-

396 860 493 922 dendi
518 861 667 924 dedimus
692 877 722 923 et
746 863 951 924 attribuimus
975 861 1169 924 facultatem.

502 968 580 1030 Item
605 969 694 1030 Jurse
718 968 851 1030 servitor
875 968 1002 1029 Andree
1029 968 1144 1047 Latini,
1169 969 1273 1049 jurati,
1294 968 1369 1030 dicti
1395 969 1473 1048 Lab,
1500 968 1595 1030 debet
1611 967 1658 1048 ju·

396 1095 465 1137 rare
489 1095 585 1157 super
608 1095 694 1136 aram
727 1089 841 1137 octavo
866 1075 918 1136 die
950 1095 1107 1156 supereo
1139 1089 1248 1136 contra
1280 1075 1422 1138 relictam
1446 1075 1567 1138 Videcz
1592 1094 1657 1137 car-

397 1179 509 1260 nificis,
534 1196 569 1243 ut
592 1181 659 1264 ipse
684 1201 748 1243 non
781 1181 854 1264 plus
878 1182 939 1242 nisi
971 1201 1072 1242 unum
1104 1201 1232 1244 currum
1266 1182 1297 1242 in
1322 1181 1401 1243 silva
1426 1183 1526 1263 ipsius
1549 1181 1657 1244 relicte

396 1288 515 1350 Videcz
532 1289 632 1350 secuit
648 1289 801 1350 estimans
825 1308 892 1350 esse
910 1288 1010 1371 ipsam
1034 1289 1147 1350 silvam
1169 1289 1251 1350 dicte
1269 1288 1377 1350 relicte
1394 1288 1505 1350 silvam
1525 1288 1658 1370 predicti

397 1395 521 1456 domini
546 1396 594 1456 sui
619 1396 766 1470 Andree;
791 1409 821 1456 et
846 1395 922 1456 dum
955 1395 1115 1475 juraverit,
1139 1410 1214 1457 tunc
1247 1395 1314 1476 ipse
1338 1395 1483 1458 Andreas
1508 1395 1659 1456 dominus

397 1521 473 1565 suus
496 1501 556 1584 ipsi
581 1503 689 1564 relicte
713 1502 835 1564 dictum
853 1521 953 1564 unum
978 1521 1104 1564 currum
1124 1501 1305 1583 persolvere
1323 1502 1439 1564 debeat
1455 1521 1512 1584 per
1534 1500 1658 1582 adjudi-

396 1609 560 1671 cacionem
586 1609 772 1688 juratorum.

505 1715 582 1777 ltem
608 1715 701 1794 jurati
726 1713 991 1795 adjudicaverunt
1014 1733 1140 1775 causam
1163 1714 1302 1775 Emerici
1326 1713 1419 1795 jurati
1444 1715 1526 1776 inter
1553 1714 1658 1796 ipsum

397 1833 428 1882 et
453 1821 535 1882 inter
559 1821 694 1883 Elenam
725 1822 843 1882 Rosam
877 1821 1005 1898 dictam,
1036 1839 1169 1882 uxorem
1202 1819 1334 1902 Georgii
1367 1821 1491 1883 clientis
1526 1834 1658 1899 motam,

396 1927 471 2010 quia
496 1929 562 2010 ipsa
588 1928 688 1989 Elena
714 1927 829 1988 mulier
854 1927 938 1988 Rosa
963 1927 1046 1988 dicta
1071 1927 1103 1987 iu
1132 1927 1233 1987 tribus
1255 1927 1400 1988 terminis
1425 1927 1464 1988 ad
1493 1946 1575 2008 quos
1599 1925 1659 1987 luit

398 2034 492 2096 citata
517 2035 549 2096 iu
575 2034 772 2116 presenciam
799 2033 897 2114 ipsius
921 2033 1060 2094 Emerici
1088 2032 1181 2115 jurati
1206 2031 1266 2094 fuit
1298 2032 1432 2112 infirma,
1456 2049 1552 2116 prout
1573 2031 1659 2094 sulfi-

396 2139 516 2202 cienter
540 2159 648 2203 coram
673 2139 782 2219 juratis
806 2139 1039 2222 comprobavit,
1064 2139 1138 2200 ideo
1163 2139 1231 2222 ipsa
1248 2140 1422 2220 birsagium
1447 2158 1564 2202 novem
1581 2159 1659 2221 pen·

396 2265 501 2308 sarum
527 2246 733 2308 denariorum
752 2245 901 2328 deposuit
925 2259 955 2307 et
972 2245 1090 2307 delevit
1114 2267 1131 2306 a
1155 2266 1187 2308 se
1204 2266 1261 2328 per
1278 2247 1378 2328 ipsam
1403 2267 1494 2308 suam
1511 2265 1657 2329 compro-

397 2352 576 2431 bacionem‚
601 2351 656 2414 sed
681 2353 769 2433 quod
795 2352 861 2434 ipsa
886 2351 1001 2433 pignus
1017 2351 1077 2412 sibi
1102 2353 1241 2434 recipere
1267 2372 1331 2414 nou
1350 2353 1493 2434 permisit
1516 2372 1572 2435 per
1589 2371 1657 2436 pre-

397 2476 511 2520 conem
545 2457 785 2519 communitatis
815 2457 943 2540 propria
975 2477 1031 2518 sua
1071 2457 1101 2519 vi
1134 2470 1165 2519 et
1193 2459 1341 2540 potencia
1374 2458 1551 2537 mediante,
1584 2459 1657 2521 ideo

396 2563 548 2625 remansit
572 2563 603 2624 in
629 2564 767 2644 birsagio
793 2563 903 2624 decem
929 2583 1108 2624 marcarum
1140 2565 1346 2625 denariorum
1371 2565 1402 2624 in
1428 2563 1512 2626 lacto
1536 2563 1658 2626 scilicet

397 2670 564 2750 potencie;
597 2668 637 2732 de
665 2689 731 2751 quo
763 2669 882 2752 judicio
914 2668 1055 2751 prefatus
1087 2669 1246 2750 Georgius
1278 2671 1410 2732 maritus
1434 2671 1533 2752 ipsius
1557 2671 1658 2732 Eleae

397 2777 540 2839 mulieris
564 2777 738 2860 appellavit
755 2777 891 2838 eandem
910 2797 1037 2838 causam
1063 2778 1094 2837 in
1112 2777 1311 2858 presenciam
1327 2777 1491 2838 seniorum
1515 2778 1657 2860 judicum

397 2902 453 2966 per
478 2883 609 2946 eosdem
634 2881 771 2944 finaliter
795 2883 1048 2945 deliberandam.

503 2989 582 3052 ltem
607 2991 681 3072 quia
700 2989 865 3050 Emericus
881 3003 978 3067 sutor,
996 2989 1126 3070 juratus,
1151 2989 1182 3050 id
1201 3009 1272 3050 cum
1290 2989 1454 3072 fidedigno
1473 2991 1657 3052 testimonio

397 3117 505 3160 coram
529 3097 639 3178 juratis
663 3096 894 3178 comprobavit,
920 3111 953 3156 ut
978 3096 1087 3156 Petrus
1112 3097 1277 3156 barberius
1300 3116 1413 3158 omnes
1435 3113 1558 3160 sutores
1582 3098 1657 3158 sub-

396 3204 479 3266 urbii
505 3217 536 3266 et
559 3202 694 3264 civitatis
710 3201 851 3284 predicte
876 3201 1067 3283 vituperavit
1082 3201 1227 3282 turpiter,
1245 3202 1319 3264 ideo
1337 3202 1431 3282 jurati
1456 3202 1657 3284 adjudicave-

399 3323 472 3374 runt
505 3310 639 3372 eandem
672 3327 800 3370 causam
832 3308 888 3370 tali
914 3308 1022 3385 modo,
1056 3322 1090 3368 ut
1123 3308 1189 3389 ipse
1221 3307 1333 3370 Petrus
1365 3310 1528 3371 barberius
1563 3309 1658 3370 debet

396 3416 546 3480 accedere
571 3415 610 3476 ad
632 3415 810 3496 quemlibet
843 3414 985 3496 ipsorum
1018 3427 1161 3476 sutorum
1188 3415 1282 3475 nudis
1314 3416 1460 3496 pedibus,
1486 3415 1657 3478 discinctus

396 3539 427 3586 et
451 3523 659 3584 discalceatus
683 3535 714 3582 et
738 3523 777 3582 ab
803 3522 878 3603 ipsis
901 3522 1041 3602 graciam
1066 3535 1097 3582 et
1136 3522 1264 3582 vineam
1298 3523 1393 3585 debet
1418 3525 1574 3606 inpetrare
1599 3543 1656 3606 pro

394 3628 547 3712 predictis
571 3627 736 3710 vituperiis
760 3627 824 3687 suis
848 3647 950 3708 usque
974 3627 1013 3688 ad
1039 3641 1188 3688 octavum
1213 3628 1311 3690 diem.

502 3734 579 3796 ltem
605 3733 697 3816 jurati
731 3733 994 3814 adjudicaverunt
1024 3754 1153 3796 causam
1186 3735 1277 3796 Pauli
1302 3735 1394 3814 jurati
1427 3751 1458 3798 et
1482 3738 1565 3799 Petri
1590 3736 1655 3799 Go-

395 3861 531 3923 ryanecz
554 3841 610 3902 tali
636 3840 746 3918 mod0,
771 3855 805 3900 ut
823 3840 889 3921 ipse
908 3840 1019 3902 Petrus
1036 3839 1225 3923 Goryanecz
1242 3841 1337 3903 debet
1353 3856 1467 3904 octavo
1494 3843 1546 3905 die
1562 3863 1657 3926 super

396 3967 484 4008 aram
508 3965 603 4028 super
627 3966 666 4008 eo
683 3945 797 4026 jurare,
821 3959 854 4006 ut
879 3947 945 4028 ipse
963 3945 1041 4008 nulli
1066 3947 1193 4028 penitus
1206 3948 1373 4009 hominum
1399 3963 1539 4010 mustum
1564 3950 1656 4012 vinee

397 4051 492 4131 illius,
517 4071 613 4134 quam
639 4073 657 4113 a
683 4052 826 4134 predicto
852 4052 952 4114 Paulo
976 4052 1079 4132 jurato
1101 4069 1351 4134 comparaverat,
1369 4055 1457 4115 dedit
1481 4054 1571 4117 alteri
1597 4056 1656 4117 nisi

396 4161 455 4242 ipsi
482 4159 581 4220 Paulo
606 4158 721 4240 jurat0,
746 4172 878 4240 excepto
904 4159 960 4220 illo
985 4172 1091 4220 musto
1126 4160 1214 4240 quod
1238 4161 1325 4222 solus
1350 4161 1504 4243 perbibit;
1529 4163 1657 4224 vineam

396 4279 502 4328 autern
535 4265 671 4326 eandem
703 4283 799 4346 quam
832 4266 870 4326 ab
904 4265 973 4347 ipso
1007 4266 1107 4326 Paulo
1141 4281 1380 4348 comparaverat
1412 4288 1520 4329 rursus
1551 4269 1656 4330 eidem

396 4373 496 4434 Paulo
521 4371 661 4432 reddidit
685 4383 716 4432 et
740 4371 870 4434 remisit.

503 4479 580 4541 ltem
605 4478 680 4558 quia
714 4477 889 4561 Elyzabeth
922 4479 1031 4540 relicta
1065 4481 1202 4541 condam
1227 4480 1356 4562 Mathye
1388 4480 1556 4542 Ztakorich
1589 4481 1656 4543 sola

396 4586 492 4649 hodie
516 4605 623 4647 coram
648 4584 757 4666 juratis
782 4585 813 4646 in
839 4585 959 4665 judicio
985 4584 1065 4647 lassa
1087 4601 1143 4666 est,
1168 4601 1202 4648 ut
1226 4587 1292 4668 ipsa
1318 4587 1403 4668 ipsos
1427 4607 1557 4666 asseres,
1575 4607 1656 4670 quos

396 4695 546 4776 magister
571 4691 717 4754 Matheus
734 4693 877 4753 notarius
901 4707 1010 4754 contra
1036 4694 1138 4774 ipsam
1167 4694 1378 4776 proponendo
1400 4715 1470 4756 eam
1495 4696 1655 4777 potencia-

395 4802 468 4863 liter
493 4799 647 4881 recepisse
673 4799 842 4876 asserebat,
868 4819 923 4881 per
947 4799 1094 4861 homines
1113 4821 1188 4862 suos
1213 4801 1243 4861 in
1270 4801 1401 4862 domum
1427 4821 1517 4862 suam
1542 4821 1655 4884 appor-

394 4921 477 4969 tatos
501 4919 531 4966 et
555 4905 712 4986 repositos
736 4904 803 4965 lore
828 4905 970 4983 asseruit,
996 4906 1069 4968 ideo
1094 4907 1161 4987 ipsa
1180 4907 1355 4988 Elyzabeth
1374 4909 1488 4968 mulier
1506 4909 1657 4970 remansit

396 5015 427 5074 in
453 5012 536 5074 lacto
560 5013 707 5094 potencie
732 5012 881 5073 videlicet
906 5013 936 5072 in
963 5013 1074 5072 decern
1105 5015 1219 5073 marcis
1243 5015 1448 5075 denariorum
1473 5028 1583 5076 contra
1608 5014 1641 5096 ju
