3876 5798
390 601 452 662 390
799 582 999 658 Ann01443.
1027 613 1066 623 -
1091 594 1139 640 21.
1163 581 1243 641 maii.

389 795 531 856 eiusdem
558 795 688 855 domine
714 799 840 875 Agyczc
859 812 897 853 eo
922 792 1021 853 modo
1039 807 1215 853 statuerunt
1232 791 1459 873 possidendam
1484 805 1514 852 et
1536 793 1651 873 guber·

390 902 541 978 nandam‚
567 917 600 964 ut
624 903 649 962 si
675 902 733 982 ipsi
760 901 890 961 domine
915 905 1043 982 Agycze
1069 901 1272 980 priusquam
1300 898 1382 960 dicte
1408 898 1521 960 Vrsule
1545 899 1651 980 puelle

389 1027 445 1070 seu
471 1021 543 1069 ante
568 1007 669 1089 ipsam
702 1006 849 1068 Vrsulam
882 1005 1024 1087 puellam
1057 1005 1138 1066 mori
1170 1019 1201 1067 ct
1225 1006 1264 1066 ab
1289 1005 1350 1066 hoc
1381 1005 1490 1066 seculo
1515 1005 1652 1085 migrare

390 1113 569 1194 contigerit,
594 1127 709 1175 extunc
734 1111 846 1173 eadem
871 1111 966 1172 tercia
991 1131 1063 1194 pars
1087 1111 1185 1194 ipsius
1217 1111 1344 1189 domus,
1368 1109 1460 1172 lundi
1485 1125 1515 1171 et
1537 1108 1647 1172 hedifi-

391 1221 513 1282 ciorum
547 1219 675 1280 devolvi
709 1219 823 1280 debeat
852 1232 883 1278 et
918 1218 1173 1279 condescendere
1209 1237 1304 1300 super
1336 1217 1471 1278 eandem
1503 1216 1651 1278 Vrsulam

390 1326 532 1408 puellam
557 1339 712 1407 perpetuo
730 1323 933 1406 possidenda,
957 1324 981 1384 si
1002 1337 1109 1385 autem
1134 1324 1194 1406 ipsi
1212 1324 1326 1386 Vrsule
1343 1323 1451 1406 puelle
1475 1323 1562 1406 prius
1580 1337 1652 1384 ante

391 1432 492 1513 ipsam
518 1431 683 1492 dominam
715 1436 877 1512 Agyczam
910 1449 947 1490 ex
979 1430 1144 1492 voluntate
1169 1430 1277 1491 divina
1309 1431 1449 1512 premoti
1474 1443 1504 1490 et
1527 1431 1566 1490 ab
1592 1427 1652 1490 hoc

390 1537 499 1599 seculo
524 1537 678 1598 decedere
703 1536 882 1616 contigerit,
906 1549 1021 1598 extunc
1045 1536 1158 1596 eadem
1182 1555 1254 1617 pars
1285 1535 1381 1598 tercia
1404 1534 1503 1618 ipsius
1527 1536 1653 1614 domus,

391 1641 481 1704 fundi
508 1657 538 1704 et
562 1641 796 1720 hedificiorum,
822 1643 932 1723 porcio
956 1642 1076 1703 scilicet
1101 1643 1199 1724 ipsius
1223 1642 1355 1704 domine
1380 1647 1520 1724 Agycze,
1545 1661 1651 1704 rursus

391 1763 421 1810 et
446 1749 559 1810 iterum
585 1748 690 1809 eidem
715 1748 846 1808 domine
871 1753 998 1830 Agycze
1020 1748 1197 1810 remanebit
1221 1761 1376 1830 perpetuo
1401 1749 1605 1830 possidenda.

497 1854 575 1916 Item
601 1855 632 1914 in
658 1874 749 1914 cause
775 1853 921 1936 potencie
945 1873 1002 1914 seu
1027 1855 1058 1914 in
1088 1853 1227 1934 birsagio
1259 1853 1370 1914 decem
1396 1873 1575 1915 marcarum
1599 1854 1653 1915 de-

394 1961 569 2039 nariorum,
586 1980 681 2042 quam
701 1959 861 2040 Georgius
877 1959 976 2020 cliens
992 1959 1124 2021 maritus
1141 1960 1316 2042 legittimus
1335 1960 1436 2022 Elene
1460 1961 1552 2021 aliter
1569 1961 1654 2022 Rose

394 2067 538 2128 mulieris
561 2065 625 2128 filie
650 2066 787 2127 condam
812 2065 974 2126 Valentini
1000 2065 1182 2127 stacionarii
1212 2067 1243 2126 in
1269 2067 1466 2148 presenciam
1491 2067 1653 2128 seniorum

396 2171 540 2253 judicum
572 2172 709 2234 civitatis
741 2172 882 2252 predicte
913 2192 971 2254 pro
1001 2173 1127 2234 meliori
1160 2173 1259 2254 ipsius
1291 2193 1384 2236 cause
1417 2173 1654 2235 deliberacione

393 2279 611 2361 appellaverat
623 2278 662 2339 de
682 2278 802 2359 judicio
820 2278 995 2360 juratorum
1013 2299 1077 2340 non
1095 2293 1274 2360 contentus,
1293 2282 1360 2362 ipse
1378 2280 1538 2361 Georgius
1555 2280 1654 2341 cliens

394 2398 429 2445 ut
453 2398 639 2466 procurator
665 2385 762 2465 ipsius
787 2385 887 2446 Elene
912 2385 1055 2446 mulieris
1079 2401 1109 2446 et
1138 2387 1304 2448 Emericus
1336 2386 1456 2468 juratus
1479 2386 1654 2448 modernus

395 2504 429 2552 ut
453 2504 541 2552 actor
565 2491 664 2572 ipsius
688 2509 792 2570 cause,
817 2511 873 2572 per
899 2491 1172 2572 composicionem
1205 2505 1235 2552 et
1259 2492 1501 2554 ordinacionem
1527 2511 1654 2554 eorum-

396 2596 469 2658 dem
495 2597 658 2658 seniorum
681 2596 824 2678 judicum
842 2617 952 2680 pacem
975 2596 1117 2660 lecerunt
1134 2613 1164 2659 et
1181 2599 1316 2660 eandem
1334 2618 1462 2661 causam
1487 2597 1550 2660 fine
1567 2598 1654 2680 pacis

397 2703 623 2765 concluserunt
646 2717 677 2765 et
700 2703 834 2765 omnino
858 2705 1033 2786 sopierunt.

490 2938 586 3012 Faria
614 2943 721 3012 tercia
749 2946 904 3030 proxima
933 2951 1011 3014 ante
1038 2943 1161 3014 festum
1190 2945 1285 3016 beate
1313 2943 1409 3016 Elene
1439 2946 1561 3033 regine.

934 3097 996 3172 (21.
1019 3097 1113 3170 maii).

500 3235 577 3297 ltem
603 3235 713 3296 Petrus
746 3233 934 3318 Goryanecz
966 3235 1182 3316 juramentum
1215 3237 1274 3298 sibi
1306 3237 1337 3298 in
1372 3236 1455 3300 lacto
1489 3236 1654 3299 cuiusdam

397 3361 489 3402 vrnce
515 3342 547 3402 in
571 3342 730 3403 territorio
755 3343 891 3404 civitatis
914 3343 1056 3424 predicte
1081 3343 1189 3405 habite
1214 3357 1245 3404 et
1261 3344 1357 3405 musti
1382 3344 1527 3406 eiusdem
1551 3344 1654 3421 vinee,

395 3450 476 3510 inter
501 3449 604 3530 ipsum
630 3449 759 3510 Petrum
778 3447 967 3530 Goryanecz
991 3463 1022 3510 et
1039 3449 1120 3510 inter
1138 3449 1272 3510 Paulum
1291 3449 1440 3530 juratum,
1464 3448 1655 3528 carnificem,

395 3555 515 3616 dictum
541 3555 651 3633 Paule,
670 3555 853 3636 nuperrime
878 3575 934 3637 per
957 3556 1076 3635 juratos
1093 3555 1311 3634 adjudicatum
1330 3576 1368 3618 eo
1385 3557 1484 3618 modo
1509 3557 1657 3638 deposuit

396 3674 426 3722 et
450 3661 587 3742 prestitit
610 3681 705 3742 super
729 3681 779 3740 00,
804 3675 839 3722 ut
862 3662 928 3742 ipse
954 3662 1065 3723 Petrus
1099 3661 1288 3744 Goryanecz
1321 3682 1379 3724 nec
1403 3683 1480 3723 uvas
1505 3682 1561 3723 nec
1586 3682 1655 3723 mu·

396 3780 480 3828 stum
505 3767 645 3848 predicte
671 3766 763 3828 vinee
788 3767 881 3828 alicui
907 3767 997 3828 alteri
1016 3787 1081 3828 non
1103 3767 1192 3828 dedit
1209 3768 1268 3828 nisi
1294 3768 1352 3849 ipsi
1378 3769 1479 3829 Paulo
1504 3767 1657 3845 carnifici,

395 3892 500 3953 neque
525 3872 640 3954 aliquis
666 3893 702 3933 ex
728 3873 842 3933 eodem
862 3887 966 3935 musto
992 3872 1052 3935 luit
1076 3893 1150 3934 usus
1167 3875 1227 3936 nisi
1252 3872 1339 3956 quod
1359 3875 1425 3956 ipse
1442 3874 1529 3936 solus
1547 3875 1657 3935 Petrus

397 3978 585 4061 Goryanecz
617 3979 704 4039 solua
730 3979 810 4040 bibit
840 3993 894 4039 aut
920 3999 997 4040 uvas
1029 3980 1170 4040 eiusdem
1204 3981 1295 4040 vinee
1327 3980 1477 4056 comedit,
1502 3994 1592 4040 etex
1617 3999 1656 4041 eo

396 4086 462 4165 ipse
488 4085 598 4146 Petrus
623 4083 811 4166 Goryanecz
837 4086 868 4145 in
895 4084 978 4146 facto
1003 4086 1101 4167 ipsius
1135 4086 1231 4146 musti
1256 4099 1301 4146 est
1326 4086 1453 4167 penitus
1477 4087 1655 4167 expeditus.

503 4191 579 4252 ltem
600 4191 710 4252 Petrus
734 4192 856 4252 Malecz
880 4191 1013 4254 infacto
1034 4192 1146 4272 viginti
1164 4192 1356 4253 cubulorum
1380 4193 1446 4254 vini
1471 4192 1586 4273 juravit
1602 4213 1657 4275 per

397 4297 672 4376 adjudicacionem
690 4297 866 4378 juratorum
883 4318 979 4380 super
1003 4318 1041 4359 eo
1069 4319 1266 4380 superatam
1292 4314 1399 4360 contra
1426 4300 1598 4361 Martinum
1617 4301 1656 4360 de

398 4404 609 4486 Bobowycza,
635 4418 668 4464 ut
693 4405 758 4486 ipse
785 4405 894 4465 Petrus
920 4405 1040 4466 Malecz
1065 4405 1096 4466 in
1123 4404 1205 4466 facto
1236 4406 1394 4466 dictorum
1419 4407 1530 4486 viginti
1557 4407 1656 4468 cubu-

399 4509 504 4570 lorum
529 4511 595 4570 vini
620 4511 678 4590 ipsi
705 4511 843 4572 Martino
868 4529 933 4571 non
958 4525 1004 4571 est
1032 4511 1159 4572 debitor
1183 4531 1241 4572 nec
1265 4511 1444 4592 culpabilis.

504 4614 580 4676 Item
607 4615 787 4696 Stephanus
804 4617 905 4698 Drysa
931 4617 969 4676 de
987 4617 1062 4677 villa
1081 4617 1201 4678 Obress
1225 4631 1256 4678 et
1273 4618 1463 4678 Valentinus
1487 4619 1525 4678 de
1544 4619 1656 4680 eadem

399 4740 434 4782 ac
459 4720 643 4782 Anthonius
667 4719 750 4782 filius
776 4722 926 4804 Symonis
958 4723 996 4782 de
1029 4723 1152 4802 eadem,
1177 4743 1234 4784 nec
1266 4743 1330 4784 non
1356 4724 1467 4785 Petrus
1490 4724 1657 4807 Wernyak

397 4827 435 4887 de
461 4827 573 4888 eadem
604 4827 750 4887 similiter
781 4847 837 4908 per
869 4826 987 4908 juratos
1019 4829 1154 4908 adjurati
1186 4844 1216 4890 et
1249 4849 1304 4910 per
1337 4828 1529 4908 Gregorium
1554 4829 1656 4892 filium

400 4933 555 4992 Anthonii
582 4933 768 5015 Pulyanych
795 4935 824 4994 in
857 4935 1076 4996 testimonium
1111 4937 1141 4995 in
1167 4935 1250 4996 lacto
1284 4934 1484 5017 infrascripto
1509 4936 1657 5016 producti

400 5058 439 5099 eo
465 5038 562 5098 modo
588 5051 660 5098 sunt
685 5041 787 5100 testati
814 5042 853 5101 ad
885 5039 981 5100 fidem
1014 5060 1125 5102 eorum
1151 5041 1211 5101 deo
1244 5041 1383 5102 debitam
1409 5041 1604 5103 unanimiter
1627 5056 1658 5103 et
