3734 5796
617 569 816 646 Anno1441.
842 602 882 612 -
906 579 953 646 17.
971 570 1122 645 sisnuan'i.
1443 589 1504 652 339

237 779 352 841 eodem
378 779 538 860 Gregorio
562 799 661 861 parvo
686 797 793 840 coram
817 778 928 860 juratis
958 781 1223 862 prosequebatur,
1255 799 1295 842 eo
1319 780 1419 842 modo
1445 779 1503 842 de-

236 885 460 964 terminantes,
484 898 519 946 ut
542 885 610 966 ipse
634 883 811 966 Gregorius
835 899 950 947 octavo
974 887 1026 948 die
1058 885 1201 968 predicte
1225 883 1302 947 ferie
1326 887 1424 948 tercie
1447 886 1503 948 tri-

237 991 356 1054 cesimo
381 1005 470 1054 sexto
494 1011 526 1052 se
544 991 689 1074 personis
712 990 772 1052 sibi
789 991 948 1052 similibus
965 991 998 1052 in
1018 991 1151 1053 ecclesia
1168 992 1252 1053 beati
1278 991 1377 1053 Marci
1396 1012 1503 1054 ewan-

236 1097 348 1178 geliste
372 1117 468 1179 super
491 1117 579 1159 aram
602 1098 686 1160 trina
708 1097 789 1176 vice,
817 1117 876 1180 pro
900 1098 1045 1178 qualibet
1068 1099 1137 1160 vice
1161 1097 1282 1159 scilicet
1306 1098 1501 1160 duodecimo

237 1225 270 1266 se
298 1205 444 1287 personis
467 1203 528 1265 sibi
556 1203 726 1282 similibus,
758 1217 869 1265 contra
898 1202 1056 1287 prefatum
1083 1203 1262 1286 Georgium
1293 1219 1433 1267 actorem
1458 1203 1505 1285 ju-

239 1331 307 1372 rare
331 1310 493 1373 tenebitur
516 1329 677 1391 supereo,
702 1321 737 1372 ut
761 1309 828 1391 ipse
845 1309 1022 1391 Gregorius
1042 1330 1157 1392 parvus
1173 1310 1349 1394 predictam
1367 1310 1504 1371 Elenam

242 1437 375 1480 uxorem
400 1429 431 1479 et
455 1416 557 1478 dictos
585 1415 669 1478 filios
700 1416 799 1497 ipsius
823 1414 956 1498 Georgii
988 1417 1103 1478 actoris
1125 1418 1259 1479 minime
1291 1417 1504 1478 interemisset

239 1544 298 1586 nec
322 1524 354 1585 in
383 1537 488 1585 morte
513 1523 654 1604 ipsorum
680 1523 776 1584 trium
793 1521 963 1584 hominum
987 1542 1059 1584 reus
1083 1537 1114 1584 et
1129 1523 1300 1606 culpabilis
1323 1523 1373 1603 sit,
1397 1523 1503 1584 sedin

241 1629 333 1692 totali
358 1629 488 1691 accione
514 1641 544 1690 et
569 1628 785 1711 acquisicione
810 1627 885 1689 dicti
912 1626 1044 1710 Georgii
1069 1630 1185 1691 actoris
1208 1631 1363 1692 innocens
1387 1629 1427 1690 sit
1450 1649 1505 1712 pe-

238 1736 324 1797 nitus
348 1748 378 1798 et
402 1735 554 1798 inmunis.

245 1933 341 2007 Faria
371 1939 479 2008 tercia
507 1939 661 2025 proxima
695 1944 773 2008 ante
809 1937 932 2008 festum
960 1943 1156 2010 sanctornm
1184 1934 1322 2009 Fabiani
1350 1945 1383 2010 et
1410 1938 1509 2010 Seba-

296 2062 400 2131 stiani
430 2063 622 2146 martirum,
659 2080 717 2132 seu
747 2065 779 2132 in
816 2061 902 2133 festo
930 2062 1020 2132 beati
1049 2059 1208 2134 Anthonii
1238 2062 1390 2133 monachi
1419 2069 1452 2134 et

772 2185 985 2257 confessoris.

754 2347 814 2414 (17.
830 2338 992 2414 januarii).

357 2474 433 2536 ltem
460 2475 535 2557 quia
553 2475 728 2557 Gregorius
744 2495 861 2558 parvus
876 2475 961 2538 filius
978 2475 1076 2556 Galli,
1094 2476 1269 2558 Greguricz
1293 2477 1407 2556 dictus,
1424 2476 1507 2560 jura·

245 2597 390 2644 mentum
414 2583 577 2645 tricesimo
601 2594 689 2645 sexto
712 2602 745 2643 se
770 2583 915 2664 personis
938 2584 999 2644 sibi
1022 2584 1182 2645 similibus
1206 2583 1239 2645 in
1263 2583 1396 2646 ecclesia
1421 2584 1504 2645 beati

244 2687 343 2749 Marci
368 2689 573 2770 ewangeliste
590 2708 685 2772 super
700 2708 788 2750 aram
813 2702 958 2772 presente
975 2690 1069 2752 Petro
1090 2689 1194 2770 jurato
1211 2703 1320 2752 nostro
1337 2688 1506 2769 moderno,

241 2794 302 2854 sibi
326 2813 383 2876 per
406 2793 526 2876 juratos
550 2807 677 2857 nostros
700 2795 873 2857 modernos
897 2795 1011 2877 pridie,
1035 2795 1186 2858 videlicet
1209 2794 1287 2858 feria
1311 2795 1407 2857 tercia
1432 2815 1506 2877 pro-

245 2899 331 2961 xima
355 2913 427 2982 post
463 2899 579 2962 festum
604 2900 857 2984 Epiphanisrum
889 2901 1022 2963 Domini
1058 2915 1168 2962 contra
1192 2900 1371 2982 Georgium
1402 2900 1505 2963 filiurn

245 3005 401 3068 Anthonii
426 3007 501 3068 dicti
526 3007 643 3089 Ztoyse
679 3007 838 3086 clientem,
866 3007 1063 3070 maritimum
1095 3007 1289 3090 legittimum
1314 3007 1415 3070 Elene
1439 3007 1504 3070 filie

246 3111 400 3194 Stephani
433 3113 631 3175 Kurmanicb
663 3113 703 3174 de
736 3113 880 3192 Cassios,
911 3114 943 3174 in
969 3112 1052 3176 iscto
1086 3114 1198 3175 mortis
1229 3113 1373 3175 eiusdem
1407 3113 1507 3175 Elene

245 3219 353 3280 uxoris
376 3238 432 3280 sue
457 3232 488 3280 et
511 3219 649 3281 duorum
674 3218 813 3282 liliorum
837 3219 982 3282 eiusdem
1007 3219 1140 3301 Georgii
1165 3233 1197 3283 et
1220 3220 1303 3282 dicte
1328 3219 1429 3281 Elene
1453 3219 1508 3281 ad-

243 3323 430 3406 judicatum,
455 3323 553 3386 hodie
577 3325 714 3408 prestitit
737 3338 768 3387 et
792 3326 941 3408 deposuit
963 3326 1044 3389 sicut
1060 3327 1120 3388 sibi
1145 3325 1205 3388 fuit
1228 3324 1449 3407 adjudicatum
1475 3338 1506 3386 et

245 3432 326 3493 sicut
350 3445 489 3514 prestare
505 3446 536 3493 et
553 3432 715 3514 deponere
732 3431 854 3512 debuit,
879 3432 1018 3514 ideoque
1036 3433 1141 3514 ipsum
1159 3430 1352 3513 Gregorium
1371 3449 1506 3514 parvum

245 3537 277 3598 in
303 3535 386 3599 facto
410 3537 486 3599 dicti
511 3537 681 3620 juramenti
714 3551 744 3600 et
775 3539 887 3600 mortis
919 3538 1018 3621 ipsius
1049 3538 1151 3600 Elene
1175 3538 1283 3599 uxoris
1307 3550 1337 3598 et
1367 3535 1507 3597 duorum

246 3641 387 3705 filiorum
419 3643 494 3706 dicti
527 3642 659 3724 Georgii
692 3644 827 3724 clientis,
859 3644 947 3706 idem
975 3643 1135 3726 Georgius
1166 3643 1266 3705 cliens
1297 3656 1386 3705 actor
1410 3641 1509 3724 ipsius

245 3767 339 3810 cause
363 3748 503 3811 reddidit
526 3761 557 3810 et
580 3750 741 3812 commisit
765 3749 833 3812 fore
850 3750 1007 3832 quietum,
1031 3769 1128 3832 quem
1148 3763 1179 3812 et
1202 3769 1261 3810 nos
1284 3747 1508 3810 commisimus

245 3852 314 3915 lore
339 3855 484 3936 quietum
509 3867 540 3918 et
563 3856 759 3938 expeditum.

352 3961 430 4023 ltem
454 3962 601 4043 quamvis
618 3961 778 4044 Georgius
801 3960 886 4024 filius
910 3961 1040 4045 Mathye
1057 3961 1132 4023 dicti
1157 3957 1309 4022 Kolsrich
1334 3977 1393 4040 pro
1410 3958 1507 4019 inter·

246 4067 388 4130 leccione
414 4066 500 4129 Galli
517 4066 575 4129 lilii
591 4067 713 4129 Vrbani
729 4081 847 4131 resetar
864 4068 904 4130 de
921 4067 1109 4151 Ztulbycha,
1125 4085 1222 4148 quem
1239 4065 1360 4127 scilicet
1378 4062 1509 4125 Gallum

247 4173 333 4236 idem
358 4172 518 4255 Georgius
542 4173 712 4256 dyabolica
729 4187 794 4236 arte
812 4173 980 4255 instigatus
1002 4172 1042 4234 sd
1066 4173 1179 4234 scitum
1197 4171 1300 4233 tocius
1324 4169 1508 4232 communi·

245 4281 318 4342 tatis
341 4278 536 4342 interfecisse
559 4279 744 4361 perhibetur
768 4301 806 4342 ex
834 4301 851 4341 a
875 4292 973 4358 certo,
1004 4299 1060 4361 per
1084 4277 1223 4362 judicem
1256 4291 1287 4340 et
1311 4277 1430 4360 juratos
1454 4275 1510 4337 de·

247 4398 355 4448 tentus
376 4399 406 4446 et
430 4386 604 4448 incarcere
629 4386 867 4448 communitatis
884 4385 1084 4467 aliquamdiu
1105 4397 1320 4463 conservatus,
1338 4382 1511 4466 decapitari

248 4511 304 4553 seu
320 4491 482 4554 sentencia
507 4492 633 4575 capitali
651 4492 746 4573 plecti
771 4491 942 4570 debuisset,
959 4505 1066 4553 tamen
1091 4491 1167 4572 quis
1184 4490 1291 4572 plures
1315 4489 1456 4570 religiosi
1481 4501 1512 4550 et

249 4597 375 4660 discreti
401 4617 437 4659 ac
468 4595 622 4679 fidedigni
655 4610 686 4658 et
709 4597 828 4680 ydonei
859 4597 918 4658 viri
950 4616 1009 4679 pro
1034 4596 1150 4658 eodem
1183 4595 1325 4677 Georgio
1349 4593 1512 4656 homicida

249 4723 309 4765 nos
334 4703 562 4764 instantissime
586 4723 681 4785 super
705 4723 744 4765 eo
776 4703 988 4786 postularunt,
1019 4715 1054 4764 ut
1084 4702 1190 4764 eidem
1216 4701 1357 4782 Georgio
1382 4699 1511 4762 racione

250 4809 501 4891 decapitacionis
528 4829 584 4871 sue
616 4823 647 4872 et
678 4810 805 4872 racione
836 4810 920 4872 dicte
952 4809 1064 4870 mortis
1096 4823 1127 4870 et
1150 4807 1386 4870 interleccionis
1413 4808 1512 4890 ipsius

251 4914 339 4978 Galli
364 4915 504 4996 graciam
530 4930 561 4978 et
592 4916 843 4978 misericordiam
875 4915 978 4979 facere
1011 4916 1217 4998 dignaremur
1248 4929 1379 4999 propter
1403 4914 1512 4994 deum,

249 5020 389 5103 ideoque
415 5041 475 5084 nos
506 5042 600 5084 causa
625 5023 677 5084 dei
704 5035 735 5085 et
766 5023 834 5084 eius
864 5023 1084 5086 misericordia
1109 5023 1188 5085 moti
1219 5042 1256 5085 ac
1280 5022 1409 5084 racione
1432 5021 1511 5103 peti·

1395 5123 1408 5152 s
