3876 5798
800 523 888 582 Αηκο
910 535 1002 602 1447.
1024 557 1069 568 —
1090 538 1144 602 24·
1159 525 1320 600 fibruan'i.

424 735 559 797 eandem
585 735 713 798 vineam
738 736 897 799 desertam
922 735 1022 818 ipsius
1046 737 1173 799 Martini
1199 737 1327 800 sartoris
1356 755 1428 800 cum
1453 737 1594 819 virgulto
1621 757 1698 819 pre·

423 841 510 903 dicto
535 856 565 904 et
589 841 661 903 aliis
684 842 750 904 suis
774 843 978 924 pertinenciis
1002 843 1159 906 universis
1182 843 1288 906 eidem
1313 843 1485 906 Valentino
1510 843 1610 926 judici
1629 857 1696 906 sta·

424 947 545 1010 tuimus
567 961 724 1030 perpetuo
757 948 985 1031 possidendam
1016 963 1047 1012 et
1078 948 1387 1031 quomodocumque
1419 949 1557 1011 voluerit
1580 949 1696 1031 dispo-

424 1053 563 1115 nendam
577 1053 662 1134 juxta
681 1053 907 1116 condicionem
921 1053 1057 1117 civitatis
1073 1069 1239 1138 prenotate
1255 1057 1295 1116 ab
1313 1056 1448 1137 antiquo
1464 1056 1694 1138 approbatam.

533 1159 610 1222 ltem
637 1160 711 1241 quia
737 1160 889 1223 Clemens
912 1161 1052 1241 agricola
1068 1159 1153 1223 filius
1169 1161 1322 1244 Symonis
1341 1161 1381 1224 de
1399 1161 1542 1239 Raboch,
1558 1161 1589 1224 id
1614 1181 1693 1224 cum

425 1263 592 1328 sufficienti
611 1281 641 1328 et
658 1264 822 1348 fidedigno
836 1280 1016 1328 nostrorum
1034 1267 1217 1330 concivium
1229 1267 1415 1330 testimonio
1432 1267 1463 1328 in
1488 1267 1563 1329 sede
1580 1281 1693 1328 nostra

427 1369 593 1450 judiciaria
617 1372 700 1433 clare
725 1373 958 1455 comprobavit,
983 1387 1017 1434 ut
1048 1374 1125 1434 dum
1150 1372 1304 1456 providus
1334 1374 1382 1434 vir
1405 1372 1542 1435 condam
1569 1373 1693 1434 Paulus

424 1477 665 1539 molendinator
688 1478 791 1540 dictus
808 1478 976 1561 Melynecz
999 1479 1032 1541 in
1064 1479 1213 1542 extremis
1228 1479 1291 1542 vite
1315 1499 1371 1542 aue
1387 1479 1573 1562 temporalis
1596 1480 1692 1540 labo-

425 1597 532 1660 rasset,
556 1597 632 1645 tunc
650 1585 717 1666 ipse
734 1585 908 1666 quamdam
933 1585 1060 1648 vineam
1076 1605 1167 1647 auam
1185 1585 1442 1648 condicionalem
1466 1585 1498 1647 in
1522 1585 1689 1648 territorio

425 1689 560 1752 civitatis
576 1690 729 1769 habitam,
746 1709 809 1772 que
833 1691 971 1752 condam
988 1689 1120 1774 Georgii
1139 1690 1255 1754 Croaci
1272 1691 1360 1774 olym
1377 1691 1470 1773 jurati
1495 1705 1525 1754 et
1543 1691 1691 1753 concivis

427 1797 527 1858 nostri
543 1795 600 1858 filii
618 1796 747 1858 Thome
767 1794 938 1881 prefuerat,
951 1816 1049 1878 quam
1066 1796 1188 1860 scilicet
1203 1797 1331 1860 vineam
1344 1797 1410 1880 ipae
1429 1797 1545 1860 Paulus
1562 1797 1693 1860 molen·

426 1903 553 1964 dinator
569 1923 587 1964 a
604 1901 746 1986 quodam
759 1902 1018 1966 molendinatore
1028 1902 1163 1966 Nicolao
1180 1917 1295 1966 vocato
1308 1923 1366 1987 pro
1379 1917 1463 1966 certa
1477 1903 1692 1987 pecuniarum

426 2009 604 2091 quantitate
628 2021 853 2091 comparasset,
868 2027 941 2072 cum
958 2009 1109 2072 omnibus
1132 2009 1197 2072 suis
1218 2009 1408 2073 utilitatibus
1432 2023 1463 2073 et
1482 2009 1694 2092 pertinenciis

425 2115 581 2178 universis
605 2115 749 2198 predicto
766 2113 927 2178 Clementi
945 2115 1085 2198 agricole
1113 2135 1171 2199 pro
1188 2116 1281 2179 certis
1303 2117 1369 2178 suis
1392 2114 1555 2180 beneficiis
1578 2129 1610 2177 et
1627 2135 1691 2198 pro

423 2222 602 2284 nutricione
626 2241 662 2284 ac
686 2222 934 2284 conservacione
958 2222 1058 2304 ipsius
1086 2220 1271 2296 clementis,
1287 2222 1438 2304 agricole,
1463 2220 1688 2305 pereundam

423 2327 625 2391 Clementem
647 2328 820 2410 agricolam
852 2328 911 2412 ipsi
933 2329 1034 2390 Paulo
1066 2327 1316 2392 molendinatori
1348 2327 1437 2391 factis
1468 2343 1499 2390 et
1531 2329 1696 2410 inpensis,

422 2434 591 2515 legavisset
614 2447 770 2517 perpetuo
787 2433 1014 2517 possidendam
1039 2447 1071 2497 et
1087 2433 1395 2516 quomodocumque
1411 2433 1549 2497 voluerit
1572 2433 1691 2515 dispo·

423 2541 574 2620 nendam,
598 2540 737 2622 ideoque
763 2559 821 2602 nos
840 2539 975 2604 eandem
1000 2540 1126 2603 vineam
1145 2539 1403 2602 condicionalem
1427 2559 1501 2602 cum
1525 2539 1590 2600 suis
1614 2557 1691 2600 om·

421 2647 516 2708 nibus
541 2646 732 2708 utilitatibus
756 2659 787 2709 et
808 2646 1013 2729 pertinenciis
1037 2646 1193 2708 universis
1209 2644 1332 2729 prelato
1357 2645 1518 2709 Clementi
1543 2643 1689 2727 agricole

421 2772 457 2816 ac
481 2773 537 2835 per
561 2771 634 2815 eum
659 2754 724 2815 suia
747 2751 920 2815 heredibus
940 2753 1109 2815 statuimus
1133 2765 1288 2836 perpetuo
1305 2751 1532 2836 possidendam
1557 2763 1587 2812 et
1605 2769 1693 2832 quo-

422 2859 662 2942 modocumque
685 2859 824 2921 voluerit
848 2859 1083 2942 disponendam
1107 2859 1191 2942 juxta
1210 2858 1433 2922 condicionem
1459 2857 1597 2920 civitatis
1614 2876 1692 2938 pre-

422 2980 529 3030 notate
553 2965 749 3047 abantiquo
773 2967 996 3048 approbatam.

528 3072 605 3135 ltem
642 3071 766 3134 Blasius
800 3085 889 3134 autor
924 3071 1044 3153 juratus
1075 3087 1184 3134 contra
1224 3091 1358 3134 uxorem
1389 3071 1530 3134 Emerici
1566 3071 1692 3133 sutoris

422 3178 553 3242 Skertha
579 3178 654 3240 dicti
678 3178 785 3260 primo
808 3178 922 3242 citatus
945 3196 1011 3240 non
1035 3178 1224 3261 comparuit.

528 3283 605 3346 ltem
646 3303 740 3346 causa
771 3282 948 3346 Clementis
985 3283 1101 3346 sutoris
1140 3284 1221 3346 inter
1251 3283 1356 3366 ipsum
1388 3297 1419 3346 et
1450 3283 1531 3346 inter
1574 3281 1692 3344 Gurak

422 3391 570 3452 similiter
604 3403 745 3452 sutorem
777 3409 884 3452 coram
920 3389 1025 3472 judice
1061 3403 1092 3451 et
1122 3389 1232 3471 juratis
1263 3390 1339 3452 anni
1371 3389 1510 3472 preteriti
1536 3403 1566 3451 et
1599 3408 1692 3451 nunc

422 3511 542 3560 motam
568 3496 607 3558 ad
632 3495 772 3578 primum
797 3495 951 3576 judicium
976 3516 1032 3578 per
1063 3499 1182 3579 probos
1213 3497 1299 3558 viros
1330 3515 1387 3578 pro
1417 3514 1494 3578 pace
1526 3494 1693 3556 intereos
1771 3557 1778 3568 ,

423 3603 527 3666 lienda
558 3601 598 3664 ad
623 3602 762 3683 primum
787 3601 942 3684 judicium
966 3617 1013 3664 est
1036 3617 1216 3686 prorogata.

528 3709 606 3771 ltem
630 3708 796 3771 Emericus
826 3721 915 3770 sutor
946 3708 1049 3772 dictus
1081 3709 1163 3791 Saga
1187 3721 1297 3771 contra
1330 3707 1541 3770 Benedictum
1568 3706 1688 3768 Hwala

423 3815 528 3898 primo
553 3815 666 3877 citatus
690 3833 755 3876 non
780 3814 969 3896 comparuit.

528 3921 607 3984 ltem
631 3920 724 4002 jurati
749 3919 1014 4001 adjudicaverunt
1037 3941 1165 3984 causam
1190 3921 1316 3985 Nicolai
1341 3921 1457 3985 literati
1481 3920 1689 4001 interipsum

422 4041 453 4090 et
479 4027 562 4090 inter
577 4026 799 4090 Bernhardum
816 4026 1017 4109 lucifigulum
1034 4046 1073 4090 eo
1097 4027 1196 4090 modo
1213 4027 1487 4110 adjudicaverunt,
1511 4027 1599 4108 quod
1617 4027 1691 4108 ipse

424 4133 628 4196 Bernhardus
652 4134 721 4196 sola
745 4153 801 4196 sua
826 4134 858 4194 in
883 4153 1020 4216 persona
1052 4133 1129 4196 laria
1153 4148 1240 4196 sexta
1270 4135 1415 4216 proxima
1440 4147 1512 4216 post
1536 4145 1686 4195 octavam

424 4241 520 4302 Pasce
544 4241 674 4302 Domini
699 4259 795 4322 super
826 4260 912 4302 aram
946 4239 1086 4324 (jurabit)
1115 4261 1154 4304 eo
1186 4241 1296 4320 modo,
1320 4255 1356 4303 ut
1380 4241 1445 4323 ipse
1479 4238 1688 4302 Bernhardus

423 4346 601 4429 predictum
627 4346 798 4408 Nicolaum
822 4345 984 4408 literatum
1008 4367 1066 4408 nec
1096 4367 1228 4410 uxorem
1253 4349 1352 4429 ipsius
1375 4347 1576 4429 vituperavit.

531 4453 608 4514 ltem
634 4452 859 4514 Bartolomeus
882 4453 1055 4533 agricultor
1086 4453 1154 4515 sola
1178 4474 1234 4516 sua
1258 4455 1289 4515 in
1315 4473 1450 4536 persona
1484 4453 1598 4515 eodem
1633 4453 1690 4514 die

424 4573 535 4622 contra
560 4557 719 4641 prelatum
744 4559 914 4620 Nicolaum
945 4559 1104 4620 literatum
1138 4560 1239 4640 jurare
1264 4561 1424 4623 tenebitur
1456 4578 1626 4642 supereo,
1652 4575 1693 4622 ut

424 4667 463 4728 de
487 4666 586 4728 domo
610 4686 666 4727 sua
691 4665 824 4726 domum
843 4665 942 4747 ipsius
964 4666 1088 4726 Nicolai
1106 4667 1220 4728 literati
1247 4667 1278 4728 in
1296 4667 1405 4748 aliqua
1429 4665 1478 4728 sui
1502 4679 1590 4748 parte
1607 4685 1690 4728 con·

423 4772 517 4855 fregit
540 4773 657 4855 aliquis
678 4791 736 4834 nec
761 4772 926 4852 destruxit,
950 4792 1009 4834 nec
1030 4773 1131 4854 ipsam
1157 4773 1291 4835 domum
1316 4773 1392 4836 dicti
1417 4773 1543 4834 Nicolai
1568 4773 1691 4838 literati

424 4900 497 4942 cum
523 4880 603 4942 scitu
630 4880 729 4962 ipsius
753 4877 971 4940 Bartholomei
997 4899 1055 4940 nec
1078 4881 1158 4941 scitu
1183 4879 1304 4944 familie
1320 4899 1376 4942 sue
1400 4893 1445 4940 est
1469 4879 1630 4942 destructa
1658 4897 1693 4944 ct

424 4983 594 5049 confracta.
