3734 5796
590 581 678 642 Anno
701 595 794 660 1439.
817 616 862 626 —
883 595 934 660 23.
958 583 1087 643 octobr-ri.
1403 603 1464 666 319

201 693 354 700 ——-——-—-
1356 691 1466 698 ---·--

225 804 322 878 Feria
350 813 448 878 sexta
476 807 632 896 proxima
660 811 737 894 post
765 805 888 876 testum
916 803 1070 876 Undecim
1101 801 1243 876 millium
1270 807 1438 896 virginum

636 935 669 999 et
698 931 881 1000 martirum
910 925 1045 1000 Christi.

633 1191 640 1213 .
718 1103 781 1178 (23.
804 1099 950 1176 octobris).

309 1261 386 1323 Item
404 1259 614 1322 commissarii
638 1259 819 1322 testamenti
845 1259 981 1320 condam
1000 1257 1153 1320 Demetrii
1172 1257 1334 1338 institoris,
1359 1258 1463 1342 jurati,

201 1369 397 1428 tenebuntur
427 1366 621 1448 respondere
653 1364 782 1448 Mathye
807 1365 925 1426 Farkas
953 1365 1051 1426 actori
1076 1364 1107 1425 in
1141 1361 1224 1425 facto
1257 1363 1368 1426 decem
1393 1365 1464 1430 flor.

200 1474 268 1534 auri
292 1473 332 1534 ad
357 1473 512 1554 judicium
537 1473 687 1555 primum.

307 1599 385 1660 Item
410 1598 485 1679 quia
511 1595 690 1678 Stephanus
714 1594 799 1657 filius
826 1595 951 1657 Nicolai
984 1595 1023 1656 de
1054 1595 1181 1679 lwanya
1212 1601 1298 1678 reka,
1325 1600 1465 1661 concivis

203 1717 322 1784 noster,
345 1703 379 1765 id
404 1723 477 1764 cuni
501 1701 670 1764 sufficienti
704 1715 735 1763 et
766 1701 931 1783 fidedigno
956 1715 1139 1764 nostrorum
1172 1705 1354 1766 concivium
1377 1707 1464 1768 testi·

201 1813 313 1874 monio
337 1811 370 1872 in
394 1810 469 1871 sede
494 1823 600 1870 nostra
625 1807 791 1890 judiciaria
815 1809 899 1870 clare
924 1811 1146 1890 comprobavit
1170 1831 1277 1874 coram
1302 1813 1406 1892 nobis,
1430 1827 1465 1875 ut

204 1919 282 1980 ducn
310 1917 476 1979 Emericus
500 1915 584 1978 tilius
609 1914 741 1996 Georgii
759 1915 862 1976 dictus
886 1914 1085 1998 Remethych
1110 1917 1140 1977 in
1159 1919 1306 1979 extremis
1329 1920 1393 1982 vite
1409 1939 1465 1982 sue

201 2025 388 2106 temporalis
401 2023 587 2101 laborasset,
613 2035 689 2084 tunc
713 2022 779 2104 ipse
804 2021 978 2102 quamdam
995 2020 1129 2083 domum
1151 2043 1240 2085 suam
1265 2044 1337 2086 cum
1363 2024 1465 2088 fundo

202 2144 233 2194 et
256 2129 423 2209 hedificiis,
447 2149 545 2190 unam
570 2141 715 2210 quartam
741 2128 826 2190 curie
852 2127 883 2188 in
908 2148 940 2188 se
973 2127 1203 2208 continentem,
1227 2131 1331 2213 ipsum
1357 2131 1463 2194 litera·

203 2238 285 2300 torie
310 2249 569 2314 concernentem‚
594 2253 666 2296 curn
698 2234 764 2295 sois
795 2233 986 2296 utilitatibus
1009 2249 1040 2296 et
1070 2236 1274 2317 pertinenciis
1305 2238 1463 2299 universis

204 2343 349 2425 predicto
375 2341 538 2424 Stephano
563 2341 667 2402 taliter
690 2340 858 2421 legavisset
888 2353 1044 2422 perpetuo
1076 2342 1316 2423 possidendam,
1339 2357 1373 2406 ut
1397 2345 1464 2426 ipse

203 2449 384 2531 Stephanus
417 2467 475 2530 pro
507 2446 619 2528 prelati
652 2447 789 2508 Emerici
814 2447 1013 2529 Remethych
1045 2448 1151 2510 anima
1181 2462 1325 2530 tempore
1359 2452 1465 2514 obitus

203 2557 252 2616 sui
278 2555 359 2616 duos
383 2553 453 2616 flor.
471 2555 538 2615 auri
564 2553 743 2635 expendere
760 2553 932 2631 debuisset,
953 2567 983 2614 et
1001 2554 1076 2636 quia
1094 2555 1160 2636 ipse
1180 2556 1362 2637 Stephanus
1379 2558 1466 2641 ipsos

202 2663 284 2722 duos
308 2661 377 2725 flor.
402 2661 469 2721 auri
495 2680 553 2742 pro
578 2660 683 2720 anima
704 2659 804 2740 ipsius
825 2659 963 2721 Emerici
986 2659 1186 2744 Remethych
1216 2675 1361 2744 tempore
1390 2665 1466 2727 dicti

203 2769 311 2829 obitus
323 2766 371 2828 sui
386 2765 537 2847 expendit
550 2786 586 2825 ex
600 2778 725 2841 acert0,
742 2779 836 2846 prout
852 2765 1023 2846 superinde
1041 2767 1214 2828 certissime
1231 2769 1335 2830 edocti
1353 2790 1465 2831 sumus

204 2887 235 2934 et
259 2871 434 2950 informati,
459 2871 599 2952 ideoque
616 2891 675 2932 nos
700 2871 835 2932 eandem
857 2871 991 2932 domum
1008 2872 1083 2934 dicti
1109 2874 1247 2936 Emerici
1267 2875 1464 2960 Remethych

204 2999 278 3042 cum
304 2977 405 3040 fundo
437 2991 468 3040 et
499 2977 655 3038 hedificiis
686 2998 721 3039 ac
753 2978 958 3059 pertinenciis
994 2980 1159 3057 universis,
1193 3001 1288 3042 unam
1320 2997 1465 3064 quartam

204 3086 291 3147 curie
316 3085 348 3146 in
363 3071 398 3147 'se
424 3085 652 3161 continentem,
671 3083 773 3146 eidem
794 3084 956 3166 Stephano
975 3086 1098 3146 concivi
1124 3099 1233 3152 nostro
1259 3109 1293 3149 ac
1319 3109 1374 3170 per
1392 3111 1466 3153 eum

203 3192 269 3254 suis
293 3191 465 3254 heredibus
481 3191 649 3253 statuimus
666 3205 697 3252 et
714 3191 934 3251 commisimus
959 3210 995 3252 ex
1013 3192 1175 3272 premissis
1192 3207 1347 3276 perpetuo
1365 3199 1466 3278 possi-

205 3297 344 3359 dendam
362 3310 392 3358 et
405 3297 713 3378 quomodocumque
732 3295 868 3357 volucrit
885 3296 1119 3378 disponendam
1138 3297 1222 3378 juxta
1241 3301 1466 3364 condicionem

204 3403 341 3464 civitatis
366 3415 532 3484 prenotate
557 3404 596 3464 ab
621 3403 754 3484 antiquo
779 3405 997 3484 approbatam.

310 3527 388 3588 ltem
412 3527 486 3608 quia
512 3526 685 3588 Katherina
711 3527 842 3587 domina
867 3547 946 3587 uxor
960 3527 1118 3589 Leonardi
1144 3527 1351 3606 Theutonici‚
1374 3551 1465 3593 soror

205 3633 372 3695 Benedicti
405 3631 462 3694 lilii
494 3633 660 3694 Michaelis
686 3633 874 3711 Sebastiani,
904 3633 936 3693 id
971 3653 1044 3694 cum
1077 3633 1246 3697 sufficienti
1282 3636 1467 3698 testimonio

205 3740 429 3822 comprobavit
452 3758 560 3800 coram
587 3739 680 3799 nobis
704 3739 735 3798 in
758 3738 833 3800 sede
858 3752 963 3800 nostra
984 3739 1160 3820 judiciaria,
1184 3741 1272 3823 quod
1298 3761 1377 3804 uxor
1401 3763 1467 3804 ma·

205 3846 296 3928 gistri
322 3844 450 3906 Thome
476 3845 657 3926 clipeatoris
682 3845 782 3926 ipsam
808 3844 973 3906 dominam
996 3846 1203 3908 Katherinam
1228 3848 1420 3930 vituperavit
1437 3863 1468 3911 ct

205 3972 263 4035 per
287 3951 476 4012 vestimenta
501 3951 634 4033 turpiter
651 3951 754 4030 traxit,
778 3951 917 4034 ideoque
934 3951 1049 4014 eadem
1072 3973 1152 4014 uxor
1177 3954 1318 4034 magistri
1339 3954 1467 4016 Thome

204 4059 340 4142 predicti
365 4059 517 4119 remansit
543 4058 574 4120 in
600 4058 739 4139 birsagio
764 4071 869 4119 nostre
897 4059 981 4120 sedis
1004 4059 1171 4140 judiciarie
1196 4074 1348 4122 consveto
1373 4076 1468 4143 prout

205 4166 236 4226 in
263 4163 433 4246 privilegio
458 4178 566 4225 nostro
592 4165 782 4226 continetur.

312 4287 390 4348 ltem
414 4287 577 4349 Fabianus
601 4287 721 4368 juratus
745 4287 829 4349 filius
853 4287 1007 4349 iohannis
1032 4289 1063 4349 id
1088 4309 1159 4350 cum
1185 4289 1356 4353 sufficienti
1380 4293 1467 4355 testi·

206 4393 319 4455 monio
343 4407 503 4455 certorum
525 4394 708 4455 concivium
733 4407 915 4455 nostrorum
932 4413 1039 4455 coram
1063 4395 1156 4455 nobis
1180 4396 1212 4456 in
1236 4394 1356 4478 judicio
1381 4397 1467 4459 suffi-

205 4501 328 4561 cienter
360 4500 581 4582 comprobavit
619 4499 787 4581 quomodo
820 4499 994 4581 Gregorius
1026 4499 1110 4562 filius
1141 4501 1302 4563 Valentini
1336 4503 1467 4565 barbam

204 4607 305 4688 ipsius
330 4606 462 4668 Fabiani
488 4605 581 4689 jurati
606 4607 755 4668 manibus
778 4607 842 4667 suis
866 4607 1003 4688 propriis
1027 4609 1159 4670 extraxit
1183 4622 1213 4670 et
1237 4609 1361 4688 evulsit,
1390 4629 1466 4670 uxo-

203 4731 338 4795 remque
363 4713 431 4774 eius
454 4713 654 4774 meretricem
679 4711 747 4774 iore
772 4713 955 4795 appellavit.

312 4836 389 4898 Item
416 4835 558 4918 Georgio
592 4836 729 4900 carnifici
763 4839 848 4900 dicto
879 4838 1010 4920 Gyurak
1043 4838 1135 4900 datus
1167 4852 1213 4900 est
1241 4841 1397 4902 terminus
1428 4840 1467 4903 ad

207 4923 461 5024 comparendum
497 4943 538 5004 ad
572 4943 728 5024 justiciam
762 4946 901 5026 primum
934 4943 1088 5025 judicium
1122 4947 1265 5026 proxime
1297 4959 1467 5008 venturum

205 5063 315 5112 contra
341 5049 539 5133 Stephanum
564 5049 665 5112 lilium
691 5050 838 5132 Gregorii
866 5051 1011 5114 Skertha.
