3678 5800
448 543 505 603 188

836 549 923 606 Anno
945 563 1036 626 1453.
1062 584 1102 594 —
1126 565 1177 610 20.
1201 553 1311 612 martii.

441 755 579 837 prelatos
605 756 781 840 Georgium
808 759 969 822 literatum
995 775 1025 822 et
1044 762 1187 824 Katriam
1212 763 1380 826 mulierem
1406 779 1587 828 consortem
1613 786 1703 827 suam

440 863 540 924 modo
564 865 720 945 premisso
748 865 959 947 redemptam,
982 867 1103 928 eisdem
1129 866 1272 950 Georgio
1304 869 1430 932 literato
1455 885 1486 932 et
1510 873 1622 932 Katrie
1647 892 1703 934 sue

440 970 578 1030 consorti
606 971 727 1032 remisit
760 971 859 1033 libere
892 973 1119 1053 possidendam
1148 988 1178 1034 et
1209 975 1518 1058 quomodocumque
1542 978 1704 1039 voluerint

444 1075 690 1156 disponendam,
715 1078 844 1139 eosdem
877 1077 1056 1160 Georgium
1088 1081 1249 1142 literatum
1281 1095 1312 1143 et
1345 1083 1488 1144 Katriam
1510 1103 1602 1145 suam
1629 1104 1703 1145 con-

440 1195 557 1243 sortem
583 1202 678 1265 super
703 1184 853 1266 predictis
876 1199 998 1266 septem
1022 1184 1093 1250 flor.
1111 1187 1180 1248 auri
1205 1187 1332 1269 quietos
1355 1201 1386 1250 et
1409 1188 1561 1270 pacificos
1584 1210 1621 1252 ac
1647 1211 1702 1272 per

440 1289 549 1350 omnia
575 1289 741 1372 expeditos
766 1291 1007 1354 committendo.

548 1395 624 1456 ltem
650 1415 730 1457 uxor
754 1396 844 1458 Pauli
873 1397 966 1478 jurati
996 1398 1071 1459 dicti
1105 1398 1244 1482 Tolway
1267 1413 1377 1462 contra
1410 1401 1545 1463 Elenam
1578 1401 1700 1462 habita·

438 1505 547 1562 tricem
573 1501 708 1563 civitatis
731 1503 837 1584 primo
860 1503 952 1564 citata
982 1522 1046 1565 non
1072 1505 1262 1587 comparuit.

545 1607 623 1670 ltem
649 1608 842 1671 Benedictus
866 1610 990 1692 pridem
1015 1611 1136 1691 juratus
1159 1625 1261 1673 sartor
1284 1625 1393 1674 contra
1416 1613 1544 1674 Petrum
1577 1613 1700 1694 pridem

437 1715 585 1775 similiter
601 1714 751 1796 juratum,
770 1715 871 1778 filium
888 1717 971 1779 Petri
991 1717 1123 1799 Saphar,
1139 1718 1281 1780 secundo
1298 1720 1412 1781 citatus
1429 1739 1494 1781 non
1511 1721 1700 1801 comparuit.

544 1821 620 1882 Item
646 1823 721 1904 quia
747 1822 831 1884 llena
856 1821 921 1884 filia
945 1824 1082 1885 condam
1108 1825 1262 1906 Stephani
1295 1825 1490 1909 Mikethych,
1514 1846 1551 1887 ex
1582 1825 1696 1888 eodem

438 1941 468 1988 et
492 1929 615 1990 Matina
649 1929 782 1989 muliere
806 1928 871 1990 filia
897 1929 1040 1990 Kusman
1069 1931 1226 2011 legittime
1257 1933 1435 2013 progenita,
1458 1952 1546 1992 nunc
1569 1951 1699 1993 consors

438 2035 567 2096 Martini
593 2035 669 2096 dicti
688 2035 819 2116 lwsych,
836 2036 977 2096 concivis
1002 2051 1118 2115 nostra,
1144 2037 1175 2097 id
1193 2057 1264 2099 cum
1283 2036 1452 2100 sufficienti
1478 2051 1509 2100 et
1533 2037 1697 2119 fidedigno

436 2153 500 2200 tam
526 2141 766 2202 testamentario
783 2154 847 2201 tam
872 2141 1048 2203 literatorio
1066 2141 1262 2204 documento
1287 2163 1394 2205 coram
1419 2143 1513 2205 nobis
1538 2144 1694 2226 producto

437 2247 661 2328 comprobavit
678 2247 761 2307 clare
778 2266 886 2308 coram
905 2247 997 2308 nobis
1021 2248 1053 2310 in
1074 2248 1149 2309 sede
1166 2261 1273 2310 nostra
1296 2249 1474 2329 judiciaria,
1492 2265 1526 2312 ut
1544 2251 1695 2312 medietas

438 2353 604 2415 cuiusdam
630 2353 722 2414 vinee
747 2352 860 2434 prefati
880 2353 1033 2435 Stephani
1060 2355 1256 2438 Mikethych,
1273 2355 1424 2438 predictis
1448 2356 1572 2417 Marine
1591 2357 1695 2418 relicte

439 2475 469 2522 et
494 2460 579 2521 llene
604 2459 668 2520 filie
693 2479 728 2520 ac
754 2459 931 2541 Elyzabeth
948 2460 1095 2522 similiter
1116 2460 1180 2522 filie
1198 2473 1229 2522 et
1254 2461 1442 2524 Sebastiano
1467 2461 1534 2524 filio
1552 2463 1693 2524 eiusdem

440 2567 592 2648 Stephani
630 2565 834 2648 Mikethych,
870 2586 925 2648 per
968 2567 1106 2628 eundem
1143 2567 1342 2650 Stephanum
1383 2569 1557 2631 Mikethich
1595 2571 1693 2652 legata

438 2673 558 2750 luisset,
584 2685 614 2732 et
638 2671 759 2733 eisdem
784 2692 878 2754 super
903 2672 1015 2734 ead-em
1032 2673 1203 2735 medietate
1221 2675 1311 2736 litera
1328 2675 1463 2736 civitatis
1487 2674 1692 2757 privilegialis

436 2778 580 2842 confecta
605 2779 767 2856 extitisset,
791 2792 887 2860 prout
911 2779 943 2839 in
961 2780 1073 2841 eadem
1098 2781 1189 2842 litera
1206 2781 1369 2844 citivitatis
1393 2801 1501 2844 coram
1518 2782 1613 2842 nobis
1628 2801 1693 2863 spe·

436 2887 579 2947 cietenus
602 2885 757 2966 producta
781 2905 925 2966 expresse
958 2885 1098 2947 vidimus
1132 2887 1306 2964 contineri;
1339 2887 1402 2948 alia
1437 2907 1513 2950 vero
1539 2887 1689 2948 medietas

435 2992 578 3053 eiusdem
604 2992 697 3054 vinee
722 3011 778 3074 per
812 2991 996 3054 Emericum
1029 2991 1131 3054 lilium
1155 2991 1267 3074 prefati
1302 2992 1455 3077 Stephani
1491 2992 1691 3076 Mylrethych,

439 3098 545 3180 ipsum
569 3100 608 3160 ab
634 3099 749 3161 eodem
775 3098 937 3181 Stephano
966 3112 1054 3179 patre
1087 3119 1147 3161 suo
1177 3099 1245 3179 jure
1269 3099 1463 3162 hereditario
1488 3099 1577 3181 juxta
1600 3099 1692 3182 ipsius

437 3204 575 3267 civitatis
591 3206 757 3287 antiquam
783 3205 1049 3267 consuetudinem
1066 3219 1097 3267 et
1120 3205 1354 3288 privilegiatam
1371 3206 1549 3268 libertatem
1569 3205 1690 3267 nemine

434 3313 562 3394 penitus
588 3313 828 3374 contradicente
852 3312 911 3372 rite
936 3325 1192 3390 concernentem,
1221 3312 1362 3394 predicte
1387 3312 1473 3374 llene
1496 3324 1690 3374 testamenta·

434 3418 505 3478 liter
539 3419 642 3499 legata
676 3418 838 3496 extitisset,
869 3431 965 3498 prout
994 3418 1025 3479 in
1058 3417 1173 3480 eodem
1204 3431 1395 3480 testamento
1427 3419 1528 3500 ipsius
1560 3418 1688 3480 Emerici

434 3545 543 3588 coram
569 3525 663 3587 nobis
687 3525 834 3586 similiter
858 3524 889 3585 in
915 3525 1019 3604 specie
1044 3525 1262 3586 demonstrato
1287 3523 1350 3587 fide
1375 3525 1532 3588 contineri
1559 3524 1689 3586 vidimus

433 3634 571 3712 oculata,
596 3645 627 3695 et
653 3634 728 3715 quia
745 3633 914 3715 porciones
938 3633 1156 3715 predictorum
1182 3633 1305 3695 Marine
1329 3633 1440 3694 matris
1463 3645 1496 3694 et
1520 3629 1689 3694 Sebastiani

433 3739 539 3802 fratris
563 3760 598 3802 ac
623 3739 800 3823 Elyzabeth
825 3740 943 3802 sororis
967 3737 1088 3822 prefate
1113 3739 1199 3800 llene
1227 3739 1371 3801 mulieris
1394 3751 1466 3821 post
1491 3739 1614 3801 obitum
1636 3755 1686 3797 eo-

433 3847 581 3908 rumdem
607 3867 702 3928 super
738 3847 839 3930 ipsam
865 3846 983 3908 llenam
1008 3859 1162 3928 tanquam
1191 3845 1342 3908 heredem
1367 3859 1398 3906 et
1420 3845 1619 3926 superstitem
1641 3843 1686 3924 ip-

432 3972 540 4014 sorum
566 3953 672 4014 vivam
698 3968 770 4034 post
794 3953 879 4034 ipsos
911 3965 1140 4030 remanentem,
1172 3952 1257 4034 juxta
1282 3952 1458 4034 predictam
1493 3948 1687 4013 consvetudi·

432 4059 555 4120 nariam
580 4060 686 4141 legem
711 4071 742 4121 et
766 4059 999 4141 privilegiatam
1033 4059 1213 4122 libertatem
1245 4059 1375 4120 nemine
1399 4059 1528 4140 penitus
1550 4057 1687 4120 similiter

433 4165 671 4226 contradicente
696 4169 765 4244 jure
799 4164 991 4226 hereditario
1016 4166 1074 4226 rite
1106 4166 1244 4227 existunt
1276 4164 1438 4242 devolute,
1473 4164 1610 4246 ideoque
1631 4180 1686 4223 nos

431 4271 608 4353 predictam
639 4271 766 4332 vineam
799 4272 830 4332 in
863 4271 1022 4333 territorio
1058 4271 1193 4332 civitatis
1225 4272 1384 4349 habitam,
1419 4271 1603 4353 Precrisnyk
1632 4287 1684 4328 vo·

431 4391 544 4456 catam,
569 4397 641 4438 cum
666 4379 731 4438 suis
755 4377 960 4459 pertinenciis
985 4390 1016 4440 et
1039 4378 1230 4439 utilitatibus
1258 4378 1415 4439 universis
1439 4377 1581 4460 predicte
1605 4376 1683 4438 llene

432 4497 463 4545 et
487 4503 543 4566 per
568 4504 638 4546 eam
670 4485 734 4546 suis
766 4483 938 4545 heredibus
971 4485 1152 4546 racionibus
1184 4498 1215 4545 et
1243 4484 1346 4545 causis
1378 4504 1415 4544 ex
1440 4482 1600 4566 premissis
1627 4493 1683 4541 sta·

430 4591 551 4652 tuimus
576 4603 731 4672 perpetuo
763 4590 990 4672 possidendam
1023 4604 1054 4652 et
1084 4589 1392 4672 quomodocumque
1416 4589 1555 4652 voluerit
1586 4588 1684 4668 dispo·

430 4696 568 4758 nendam
587 4695 672 4776 juxta
697 4697 921 4758 condicionem
946 4697 1082 4758 civitatis
1106 4710 1281 4779 prenotate.

537 4802 616 4864 ltem
640 4803 715 4883 quia
741 4802 899 4885 Georgius
924 4805 1015 4866 aliter
1040 4803 1170 4886 Gyuralr
1192 4817 1323 4866 vocatus
1347 4801 1432 4865 filius
1456 4799 1678 4886 Matheylronis,

432 4909 574 4970 concivis
598 4923 715 4986 noster,
749 4910 780 4971 id
813 4931 886 4972 cum
917 4909 1086 4972 sufficienti
1113 4925 1143 4972 et
1174 4910 1340 4991 fidedigno
1372 4924 1554 4973 nostrorum
1583 4906 1678 4971 conci·

430 5016 518 5077 vium
542 5016 728 5078 testimonio
753 5018 784 5077 in
809 5019 883 5079 sede
907 5031 1012 5079 nostra
1037 5018 1203 5098 judiciaria
1228 5018 1311 5080 clare
1336 5019 1557 5102 comprobavit
1580 5033 1675 5078 coram
