3852 5820
635 566 834 645 Anno1414.
858 601 902 610 -
922 581 970 628 11.
994 569 1074 630 maii.
1456 591 1492 653 ¹7

228 777 388 840 vinealem
421 777 480 840 sihi
513 797 570 860 per
601 777 780 860 predictum
812 777 1007 840 Damianum
1039 779 1189 840 maritum
1221 780 1359 862 legatam
1394 795 1491 844 testa·

228 883 419 962 mentaliter,
432 897 528 966 prout
548 883 580 944 in
598 882 714 945 eodem
726 895 918 946 testamento
935 882 1075 946 vidimus
1092 885 1260 964 contineri,
1277 885 1401 968 prefato
1421 887 1492 970 My·

228 991 305 1052 kuse
328 987 396 1050 filio
420 987 600 1071 legavisset,
617 1008 677 1071 pro
700 1008 739 1050 eo
764 988 870 1051 eidem
886 990 1055 1052 statuimus
1076 1004 1232 1073 perpetuo
1249 991 1490 1074 possidendam.

332 1094 412 1157 ltem
436 1094 511 1176 quia
526 1094 659 1177 provida
677 1095 810 1156 domina
827 1094 953 1157 Hemlta
975 1109 1098 1176 vocata,
1116 1096 1226 1160 relicta
1243 1097 1382 1159 condam
1399 1098 1491 1160 Pauli

230 1199 357 1262 Kazech
383 1200 415 1262 id
440 1200 579 1262 evidenti
609 1201 796 1263 testimonio
827 1215 1011 1264 nostrorum
1041 1203 1223 1266 concivium
1257 1205 1490 1286 comprobavit,

229 1307 317 1388 quod
342 1305 469 1368 Blasius
484 1307 628 1370 literatus
643 1306 683 1369 de
701 1307 893 1390 Kaproncha
911 1308 989 1370 dum
1005 1309 1143 1388 vixisset,
1161 1309 1336 1391 quamdam
1360 1309 1489 1372 vineam

227 1431 316 1473 suam
336 1413 368 1474 in
386 1427 496 1474 nostro
519 1412 682 1475 territorio
706 1412 812 1475 eidem
831 1413 957 1476 Hemlte
982 1427 1012 1476 et
1029 1414 1129 1476 Paulo
1153 1435 1212 1477 suo
1236 1417 1351 1478 marito
1376 1415 1489 1478 vendi·

226 1517 332 1597 disset,
365 1531 396 1580 et
419 1519 494 1600 quia
526 1517 666 1601 prelatus
698 1519 815 1580 Paulus
839 1521 879 1581 ab
903 1519 963 1581 hae
986 1520 1058 1582 luce
1090 1520 1235 1600 decessit,
1267 1521 1341 1583 ideo
1377 1521 1487 1584 eidem

228 1624 352 1687 Hemlte
377 1625 494 1687 dictam
517 1625 646 1687 vineam
670 1625 839 1687 statuimus
861 1639 1017 1708 perpetuo
1040 1627 1280 1710 possidendam.

331 1731 410 1793 Item
437 1730 572 1814 provida
596 1731 729 1793 domina
746 1730 860 1793 Crisna
884 1745 1007 1810 vocata,
1025 1745 1134 1794 contra
1148 1733 1292 1795 Marcum
1316 1732 1489 1816 pellificem

226 1849 340 1898 octavo
364 1836 417 1900 die
439 1837 660 1899 testimonium
685 1836 862 1919 producere
887 1837 983 1899 debet
1007 1838 1039 1899 in
1070 1837 1154 1901 facto
1179 1839 1407 1920 captivationis
1431 1838 1488 1902 filii

226 1942 284 2021 sui,
309 1943 460 2006 videlicet
483 1943 695 2006 Benedictum
719 1947 862 2026 Ansetyn
887 1957 919 2006 et
943 1943 1069 2025 Sugech
1094 1943 1287 2006 carnificem.
1521 1941 1525 1948 ’

333 2048 410 2110 ltem
436 2047 597 2131 Georgius
613 2049 835 2132 Opprasnicha
853 2063 961 2112 contra
988 2050 1145 2112 Jacobum
1161 2050 1267 2134 primo
1284 2050 1397 2112 citatus
1423 2069 1489 2112 non

228 2153 416 2236 comparuit.

333 2258 412 2321 ltem
429 2261 581 2342 magister
597 2261 744 2322 Thomas
761 2260 830 2322 lsan
848 2273 957 2323 contra
975 2259 1151 2344 Georgium
1169 2259 1376 2343 jobagionem
1394 2261 1487 2324 Chon

226 2363 339 2444 judicis
364 2365 470 2447 primo
487 2366 601 2428 citatus
638 2385 704 2429 non
728 2367 916 2449 comparuit.

331 2470 407 2532 ltem
433 2473 584 2553 magister
608 2471 754 2534 Thomas
770 2472 838 2534 lsan
863 2487 973 2534 contra
997 2471 1153 2534 Cusinam
1176 2472 1365 2554 aucupicem
1384 2473 1488 2554 primo

226 2576 339 2638 citatus
362 2597 428 2638 non
453 2579 644 2660 comparuit.

329 2682 408 2744 ltem
444 2684 635 2746 Dominicus
670 2683 850 2767 Marsetych
886 2697 917 2745 et
952 2683 1097 2746 Andreas
1132 2683 1342 2766 Ztepkouych
1378 2697 1487 2746 contra

227 2786 369 2849 Marcum
394 2788 574 2851 carnificem
599 2791 704 2871 primo
729 2789 814 2851 citati
840 2808 905 2851 non
929 2801 1187 2872 comparuerunt.

330 2892 410 2954 ltem
435 2893 598 2956 lohannes
622 2893 711 2957 faber
735 2907 844 2956 contra
869 2893 1070 2977 Mychaelem
1102 2913 1212 2978 sporar
1245 2894 1350 2977 primo
1375 2895 1488 2956 citatus

225 3017 289 3060 non
314 3000 504 3082 comparuit.
1356 2993 1363 3002 '

332 3105 411 3167 ltem
435 3106 510 3187 quia
536 3104 696 3188 Georgius
728 3107 872 3168 literatus
903 3107 1006 3168 dimus
1029 3105 1120 3168 Duch
1146 3106 1176 3167 in
1209 3106 1293 3168 trino
1318 3104 1487 3184 maleficio,

225 3210 325 3272 eciam
350 3231 447 3293 quam
475 3213 621 3294 pluribus
652 3212 819 3275 maleficiis
849 3227 1002 3296 repertus,
1033 3233 1066 3274 se
1097 3233 1154 3296 per
1186 3213 1340 3294 plurimas
1364 3231 1487 3274 correc-

226 3317 332 3379 ciones
355 3319 533 3380 secundum
558 3332 699 3380 nostram
724 3319 958 3401 privilegiatam
979 3319 1160 3381 libertatem
1183 3339 1216 3380 se
1240 3319 1429 3400 restringere
1456 3333 1488 3382 et

226 3441 428 3505 compescere
453 3424 586 3486 minime
610 3425 723 3504 voluit,
748 3424 822 3486 ideo
839 3424 930 3506 jurati
948 3423 1129 3506 judicarunt
1153 3444 1191 3486 ex
1215 3443 1265 3503 eo,
1290 3425 1365 3506 quia
1383 3425 1487 3486 eciam

226 3527 263 3588 de
287 3529 416 3591 civitate
439 3529 602 3612 affugavit,
625 3551 658 3592 se
683 3549 773 3593 reum
797 3549 984 3612 agnoscens,
1001 3542 1036 3590 ut
1058 3529 1083 3590 si
1108 3548 1313 3610 quocumque
1338 3544 1485 3612 tempore

226 3633 256 3695 in
281 3635 408 3697 civitate
433 3636 484 3699 vel
508 3637 577 3699 eius
599 3636 759 3699 territorio
783 3635 980 3718 deprehendi
1008 3634 1135 3718 poterit,
1160 3653 1235 3696 mox
1260 3649 1420 3717 repertum
1446 3636 1486 3697 si·

224 3743 302 3824 gillo
326 3743 464 3806 civitatis
495 3743 714 3826 consignando
738 3755 892 3825 tanquam
917 3740 1071 3820 infamen,
1096 3741 1136 3802 de
1153 3741 1280 3804 civitate
1309 3740 1486 3803 secundum

226 3848 318 3912 huius
344 3850 482 3912 civitatis
503 3849 736 3932 privilegiatam
761 3849 941 3910 libertatem
965 3847 1100 3930 turpiter
1123 3847 1282 3930 expellere
1306 3859 1486 3924 teneantur,

226 3953 375 4036 bonaque
400 3967 432 4016 et
462 3975 512 4017 res
535 3974 607 4017 suas
630 3955 663 4016 in
694 3973 883 4016 communes
914 3973 989 4014 usus
1012 3952 1163 4014 duximus
1193 3953 1410 4015 convertenda
1444 3951 1486 4014 ita

226 4071 344 4138 tamen,
369 4073 404 4122 ut
420 4059 501 4142 parti
525 4059 657 4122 adverse
681 4058 859 4122 satisfaccio
877 4057 917 4120 de
942 4058 1063 4120 eisdem
1087 4057 1152 4120 suis
1169 4058 1263 4120 bonis
1279 4057 1482 4140 inpendatur.

332 4164 410 4226 ltem
436 4163 596 4246 Georgius
620 4164 723 4227 dictus
745 4163 919 4246 Ozmonog
943 4164 975 4225 in
1003 4161 1087 4226 facto
1112 4161 1264 4225 lurticinii
1297 4177 1411 4226 octavo
1434 4161 1487 4225 die

226 4283 334 4333 contra
360 4271 531 4334 Nicolaum
558 4271 734 4334 institorem
759 4270 860 4333 tercio
884 4290 917 4331 se
941 4269 1086 4352 personis
1108 4268 1324 4351 juramentum
1348 4281 1487 4351 prestare

226 4357 357 4440 terretur.

330 4482 409 4544 ltem
434 4481 617 4546 Anthonius
640 4501 740 4564 genet
758 4479 932 4562 Ozmonog
956 4478 1095 4543 infacto
1119 4478 1272 4542 lurticinii
1297 4491 1411 4542 octavo
1435 4479 1487 4542 die

226 4603 334 4650 contra
358 4587 529 4650 Nicolaum
554 4588 734 4649 institorem
756 4588 855 4649 tercio
879 4605 913 4648 se
937 4587 1082 4669 personis
1105 4585 1231 4668 jurabit.

331 4693 410 4758 ltem
435 4696 574 4757 loannes
598 4693 772 4776 Hungarus
800 4707 911 4755 contra
943 4692 1156 4755 Jacomellum
1180 4691 1320 4773 juratum
1345 4691 1377 4751 in
1403 4687 1487 4751 facto

227 4798 378 4862 lurticinii
405 4813 518 4862 octavo
543 4799 595 4861 die
618 4799 718 4862 tercio
742 4819 775 4860 se
799 4799 944 4881 personis
966 4797 1092 4878 jurabit.

331 4906 408 4968 ltem
434 4905 558 4967 Marcus
581 4903 713 4988 pellifex
736 4917 846 4967 contra
864 4905 1046 4987 Myklinum
1069 4903 1208 4984 judicem
1233 4915 1264 4964 et
1288 4901 1487 4964 Demetrium

225 5011 362 5092 juratum
387 5025 500 5074 octavo
532 5011 584 5074 die
615 5010 684 5073 sola
708 5011 741 5072 in
773 5029 909 5093 persona
933 5009 966 5070 in
990 5007 1074 5072 facto
1098 5008 1247 5091 vituperii
1271 5006 1397 5088 jurabit.

1363 5131 1381 5174 a
