3796 5812
540 750 617 812 Item
651 750 726 832 quia
751 749 888 812 Mathias
917 748 1120 810 Wrnltouich
1152 748 1230 810 alias
1265 749 1296 810 in
1329 745 1492 810 lurticinio
1523 761 1705 831 reppertus,

433 857 533 919 tercio
557 877 590 918 se
614 857 830 938 juramentum
855 869 994 938 prestare
1027 855 1189 916 debuisset
1219 867 1329 916 contra
1362 853 1560 936 Stephanum
1593 853 1702 916 filium

434 963 525 1026 Pauli
551 963 671 1025 dictum
686 961 839 1042 Kolilich,
858 962 898 1024 ad
923 961 1153 1044 deponendum
1171 961 1275 1043 ipsum
1293 961 1509 1042 juramentum
1533 981 1594 1022 nec
1613 961 1704 1021 venir

434 1089 492 1132 nec
516 1090 548 1132 se
574 1069 773 1152 expurgavit,
794 1069 868 1130 ideo
885 1068 978 1149 jurati
996 1067 1261 1149 adjudicaverunt
1278 1081 1311 1127 ut
1328 1067 1524 1149 ubicumque
1549 1068 1581 1128 in
1608 1067 1703 1128 terri-

433 1176 517 1237 torio
541 1189 651 1238 nostro
685 1190 851 1258 reppertus
885 1174 989 1252 fuerit,
1027 1188 1103 1236 tunc
1133 1174 1215 1236 sicut
1246 1173 1392 1236 notorius
1422 1173 1472 1236 fur
1495 1194 1576 1257 pena
1602 1173 1702 1255 plecti

434 1281 549 1344 debeat
572 1295 734 1344 consveta.

541 1386 619 1448 ltem
643 1387 737 1468 jurati
761 1387 1027 1466 adjudicaverunt
1050 1400 1084 1448 ut
1118 1386 1315 1448 Laurencius
1346 1387 1473 1448 institor
1496 1385 1568 1448 XVI
1594 1386 1705 1468 pintas

435 1493 501 1554 vini
527 1493 628 1554 Paulo
653 1493 765 1555 sartori
790 1492 874 1576 juxta
900 1491 1073 1554 fassionem
1097 1494 1259 1575 propriam
1290 1493 1429 1575 persolvi
1454 1492 1579 1571 debeat,
1605 1511 1704 1574 super

434 1598 562 1660 residuo
586 1619 662 1661 vero
687 1599 797 1661 debito
822 1600 924 1682 prima
958 1597 1036 1660 feria
1063 1611 1150 1661 sexta
1179 1612 1251 1682 post
1274 1600 1450 1661 adventurn
1482 1619 1576 1660 suum
1612 1599 1702 1660 idem

435 1705 630 1766 Laurencius
653 1705 684 1766 in
710 1705 800 1767 altari
825 1705 912 1767 solus
936 1705 1039 1786 jurare
1061 1704 1176 1768 debeat
1199 1719 1234 1766 ut
1251 1705 1318 1788 ipse
1342 1706 1429 1768 dicto
1455 1705 1556 1766 Paulo
1582 1705 1700 1768 sartori

433 1811 572 1892 amplius
595 1811 628 1872 in
652 1811 744 1872 nullo
768 1812 895 1892 penitus
919 1811 1044 1872 debitor
1068 1809 1161 1874 foret.

541 1915 617 1978 ltem
642 1915 734 1996 jurati
768 1915 1044 1998 adjudicaverunt,
1076 1931 1111 1979 ut
1136 1917 1267 2000 Matbey
1289 1918 1389 1979 tercio
1420 1937 1453 1979 se
1480 1931 1510 1979 et
1534 1916 1703 1998 Georgius

434 2021 580 2084 similiter
602 2024 700 2086 tercio
724 2043 758 2085 se
789 2037 899 2086 contra
923 2025 1077 2086 iacobum
1104 2022 1232 2086 fratrem
1258 2023 1349 2085 Pauli
1375 2023 1500 2086 Thotar
1523 2043 1621 2105 super
1648 2043 1700 2100 eo,

434 2129 521 2210 quod
547 2129 681 2210 pallium
705 2149 798 2191 suum
816 2149 880 2191 non
905 2130 1128 2208 subtraxerint,
1152 2143 1266 2192 octavo
1295 2129 1346 2190 die
1370 2130 1521 2212 jurabunt
1539 2131 1570 2191 in
1590 2129 1698 2190 altari.

541 2235 619 2296 ltem
636 2234 728 2315 jurati
753 2235 1017 2316 adjudicaverunt
1045 2236 1132 2318 quod
1169 2236 1368 2318 Margaretha
1401 2256 1531 2298 consors
1556 2235 1699 2297 Emerici

435 2338 552 2420 jurabit
574 2341 674 2401 tercio
699 2361 732 2402 se
755 2361 850 2422 super
873 2362 960 2404 aram
986 2357 1094 2404 contra
1120 2341 1297 2424 Georgium
1315 2361 1502 2425 arcuparem
1527 2362 1624 2422 super
1650 2361 1701 2419 eo,

436 2461 470 2508 ut
494 2446 554 2506 sibi
579 2461 717 2527 quatuor
740 2446 809 2509 flor.
837 2467 901 2508 non
922 2449 1137 2526 subtraxisset,
1154 2449 1305 2510 videlicet
1328 2461 1442 2510 octavo
1460 2449 1512 2511 die
1538 2449 1699 2530 proximo.

542 2551 618 2612 ltem
644 2552 743 2614 Bellra
767 2554 881 2614 textrix
907 2567 1017 2616 contra
1049 2554 1248 2636 Stephanum
1273 2555 1458 2638 pincernam
1492 2554 1616 2636 pridem
1653 2553 1700 2634 ju·

436 2671 542 2719 ratum
568 2657 673 2738 primo
697 2659 790 2720 citata
815 2679 880 2720 non
905 2661 1094 2742 comparuit.

544 2763 621 2824 ltem
638 2763 730 2844 jurati
755 2763 1029 2846 adjudicaverunt,
1054 2767 1328 2848 quodKatbalena
1354 2769 1461 2830 relicta
1485 2767 1615 2849 Mathey
1632 2765 1698 2848 (de)

438 2869 597 2931 Kraleuch
617 2870 733 2948 jurabit
746 2886 859 2932 octavo
877 2873 928 2932 die
945 2892 1040 2954 super
1056 2893 1143 2934 aram
1161 2875 1260 2935 tercio
1283 2895 1317 2936 se
1333 2889 1443 2936 contra
1462 2873 1698 2954 Margaretham

436 2975 712 3038 Zwelcheuicham
737 2997 907 3058 supereo,
940 2991 975 3039 ut
999 2979 1098 3061 ipsam
1125 2981 1362 3044 incantatricem
1395 3001 1459 3042 non
1485 2981 1615 3042 dixisset
1641 2999 1699 3041 nec

437 3082 541 3142 verbis
566 3082 684 3143 illicitis
708 3097 936 3164 pertractasset.

546 3188 622 3249 ltem
649 3188 787 3270 Jagycha
812 3191 920 3252 relicta
945 3191 1035 3252 Pauli
1060 3191 1229 3274 Naglichin
1263 3193 1380 3274 jurabit
1403 3195 1502 3256 tercio
1526 3214 1559 3254 se
1583 3207 1699 3254 octavo

438 3293 489 3353 die
514 3309 623 3356 contra
649 3292 825 3375 Georgium
850 3295 989 3377 juratum
1009 3298 1200 3360 modernum
1218 3319 1313 3381 super
1337 3319 1386 3378 eo,
1411 3315 1446 3361 ut
1470 3301 1537 3383 ipsa
1561 3299 1698 3360 ancillas

436 3401 536 3482 ipsius
559 3421 623 3462 non
649 3401 824 3484 decepisset
847 3423 905 3464 nec
928 3424 977 3464 res
1000 3425 1073 3466 suas
1092 3407 1132 3466 ab
1157 3405 1276 3467 eisdem
1302 3405 1419 3469 furtive
1443 3407 1622 3489 recepisset,
1640 3405 1695 3468 sed

438 3507 593 3569 innocens
617 3521 707 3570 esset.

543 3611 619 3674 Item
638 3613 782 3674 Thomas
806 3615 914 3675 calvus
938 3635 1010 3677 cum
1037 3635 1134 3678 uxore
1157 3637 1213 3679 sua
1238 3618 1375 3699 quilibet
1398 3619 1497 3680 tercio
1522 3640 1554 3680 se
1579 3618 1698 3698 iurabit

438 3731 551 3780 octavo
576 3718 628 3779 die
653 3733 762 3780 contra
795 3718 927 3782 Gallum
959 3722 998 3782 de
1023 3722 1155 3805 Dedych
1187 3743 1355 3806 supereo,
1381 3738 1415 3787 ut
1447 3725 1506 3808 ipsi
1532 3725 1696 3786 camisiam

439 3825 595 3886 consortis
618 3844 673 3885 sue
699 3845 762 3885 non
795 3827 1021 3888 subtraxissent
1051 3847 1108 3889 nec
1140 3829 1284 3890 eiusdem
1313 3829 1387 3892 furti
1420 3831 1538 3892 conscii
1563 3829 1697 3892 fuissent

439 3949 488 4008 eo,
513 3930 601 4011 quod
627 3931 694 4012 ipsa
718 3931 847 3992 camisia
871 3935 1031 3995 subtracta
1056 3935 1087 3994 in
1108 3955 1233 3997 camera
1259 3937 1400 4018 ipsorum
1426 3951 1550 4020 reperta
1576 3936 1695 3998 luisset.

546 4035 623 4096 ltem
649 4037 723 4118 quia
750 4038 904 4098 Martinus
928 4039 1030 4100 dictus
1054 4040 1160 4102 Vinko
1191 4041 1222 4102 in
1248 4043 1417 4104 manilesto
1450 4041 1612 4105 lurticinio
1637 4042 1697 4104 fuit

438 4155 582 4223 repertus
606 4162 656 4220 eo,
680 4144 767 4224 quod
791 4163 890 4204 unum
915 4164 971 4226 par
995 4145 1277 4209 calciamentorum
1304 4148 1456 4230 Stephani
1481 4150 1598 4211 sutoris
1622 4151 1695 4210 sub·

438 4261 583 4322 traxerat,
615 4263 709 4329 prout
741 4263 772 4310 et
803 4251 890 4311 solus
921 4249 1084 4312 confessus
1115 4251 1236 4332 luisset,
1269 4253 1342 4316 ideo
1379 4255 1464 4316 idem
1497 4255 1604 4318 Vinlro
1636 4257 1694 4317 sub

438 4354 551 4416 aculeo
585 4355 656 4414 duci
682 4367 713 4416 et
744 4355 784 4414 de
817 4355 885 4436 ipso
918 4377 991 4418 curn
1023 4359 1145 4419 baculis
1176 4359 1311 4440 turpiter
1334 4361 1402 4422 cedi
1435 4374 1467 4422 et
1498 4361 1539 4423 de
1571 4363 1694 4423 civitate

438 4479 473 4520 ac
497 4460 565 4522 eius
588 4461 747 4522 territorio
772 4462 887 4542 expelli
905 4463 1021 4524 debeat
1046 4465 1086 4524 ita
1115 4465 1275 4543 videlicet,
1300 4480 1333 4528 ut
1349 4468 1375 4528 si
1400 4467 1486 4528 idem
1511 4468 1542 4528 in
1567 4468 1693 4529 civitate

439 4579 469 4627 et
493 4567 562 4626 eius
586 4567 744 4628 territorio
769 4567 985 4648 deprehensus
1010 4569 1113 4648 fuerit,
1135 4586 1250 4633 extunc
1275 4573 1376 4655 capite
1401 4573 1495 4656 plecti
1522 4574 1637 4636 debeat
1662 4586 1694 4634 ut

439 4670 626 4732 manifestus
650 4671 700 4734 fur
725 4673 810 4733 iuxta
835 4674 1041 4758 (libertatem)
1065 4676 1209 4738 civitatis.

545 4776 621 4839 ltem
639 4779 714 4858 quia
732 4779 849 4840 Paulus
867 4779 950 4841 filius
968 4782 1051 4842 lwan
1070 4781 1100 4842 id
1118 4782 1224 4844 lucide
1241 4804 1313 4846 cum
1331 4783 1495 4866 fidedigno
1514 4800 1692 4848 nostrorum

439 4883 618 4944 concivium
644 4885 829 4946 testimonio
848 4907 953 4947 coram
979 4889 1071 4948 nobis
1088 4892 1321 4970 comprobavit,
1345 4906 1379 4952 ut
1395 4893 1471 4972 quia
1495 4891 1610 4954 domus
1626 4910 1695 4954 cunt

439 4986 540 5049 lnndo
566 4990 661 5050 unius
686 5004 797 5071 quarte
821 4993 860 5052 ab
887 4993 955 5073 ipso
980 4993 1064 5053 luan
1089 5009 1177 5076 patre
1206 5016 1264 5056 suo
1288 4996 1351 5076 jam
1377 4996 1528 5060 defuncto
1545 4999 1576 5060 in
1595 4999 1694 5082 ipsum
