3678 5800
576 543 664 603 Anno
687 555 777 624 1455.
800 576 844 587 —
866 557 916 622 13.
939 544 1026 607 maii.
1371 567 1434 631 ²²7

171 752 346 816 Katherine
371 754 479 818 relicte
504 755 588 818 iwan
613 755 689 818 dicti
715 753 982 819 Cordincbewich
1012 755 1069 820 filii
1093 758 1230 839 Nicolai,
1253 761 1361 842 previa
1393 760 1433 824 de

170 860 299 922 racione
324 861 523 924 reddidimus
546 860 615 924 fore
638 861 784 944 quietum
808 876 839 924 et
862 864 1050 926 omnimode
1074 865 1271 928 absolutum.

280 967 357 1031 item
381 969 530 1032 Vrbanus
560 969 671 1052 Rosyn
704 983 815 1032 contra
846 968 1010 1053 Mathyam
1044 971 1225 1035 carnificem
1250 971 1353 1036 filium
1377 973 1432 1036 Jo-

171 1072 287 1135 hannis
310 1074 453 1137 secundo
477 1076 591 1138 citatus
614 1095 679 1138 non
703 1075 893 1160 comparuit.

277 1179 354 1243 item
372 1201 465 1243 causa
483 1182 565 1244 inter
581 1181 756 1244 Martinum
773 1181 911 1264 juratum
932 1181 1035 1246 filium
1063 1183 1192 1246 Thome
1220 1197 1256 1246 ut
1278 1197 1431 1265 actorem,

169 1297 203 1346 et
225 1285 411 1350 Ladisiaum
435 1285 633 1350 aurifabrum
649 1287 752 1350 filium
777 1287 913 1367 Nicolai‚
930 1309 990 1372 pro
1005 1289 1132 1352 meliori
1156 1279 1375 1354 sciscitacione
1401 1305 1433 1354 et

169 1390 407 1457 deliberacione
432 1395 532 1478 ipsius
556 1413 648 1458 cause
673 1395 713 1458 ad
738 1395 878 1479 primum
909 1394 1065 1478 judicium
1089 1397 1235 1480 proxime
1260 1410 1432 1461 venturum

170 1511 217 1560 est
242 1514 424 1582 prorogata.

277 1605 353 1668 item
379 1607 460 1670 Pero
477 1606 561 1669 filius
584 1607 668 1670 Petri
692 1606 816 1690 Saphar
832 1608 993 1670 solitarius
1016 1621 1131 1672 octavo
1156 1609 1208 1672 die
1232 1629 1327 1693 super
1344 1629 1433 1673 aram

170 1710 291 1793 jurabit
313 1733 408 1796 super
432 1734 471 1778 eo
495 1727 605 1777 contra
623 1714 788 1797 Mathyam
811 1714 932 1778 dictum
949 1715 1079 1796 Farkas,
1102 1729 1137 1778 ut
1154 1715 1220 1798 ipae
1245 1735 1347 1800 equus
1362 1735 1432 1800 pre·

169 1817 226 1881 isti
252 1820 381 1904 Mathye
407 1821 525 1883 Farkas
549 1841 607 1884 nec
631 1822 664 1883 in
681 1819 777 1884 oculo
798 1839 856 1884 nec
873 1821 906 1883 in
923 1841 1057 1905 corpore
1082 1819 1143 1885 fuit
1158 1843 1253 1885 sanus
1277 1823 1335 1886 iilo
1351 1837 1432 1886 tem·

169 1946 247 2008 pore
271 1927 403 2010 quando
427 1929 494 2012 ipae
520 1927 666 2012 Mathyas
699 1929 817 1990 Farkas
841 1928 981 1992 eundem
1005 1947 1125 2011 equum
1144 1929 1204 2013 ipsi
1228 1929 1344 1993 Peroni
1361 1951 1432 1994 mu·

169 2045 316 2096 tuaverat
339 2053 395 2096 seu
419 2047 627 2098 concesserat.

277 2139 354 2202 item
386 2139 480 2222 jurati
511 2139 776 2223 adjudicaverunt
810 2139 855 2202 sic
889 2141 971 2202 inter
1010 2141 1197 2224 msgistrum
1229 2141 1430 2204 Fridericum

168 2245 332 2308 medicum
360 2245 463 2309 filium
481 2247 635 2310 Friderici
660 2247 700 2309 de
717 2247 914 2328 Neremberg
937 2260 967 2308 et
984 2247 1066 2310 inter
1089 2247 1298 2311 Ambrosium
1328 2246 1431 2310 filium

170 2350 351 2415 Clementia
375 2353 528 2415 institoris
551 2365 583 2416 et
607 2354 744 2416 Kussam
767 2353 936 2414 mulierem
975 2367 1109 2416 matrem
1134 2353 1233 2436 ipsius
1256 2353 1432 2434 Ambrosii,

168 2472 205 2519 ut
232 2459 300 2540 ipse
324 2459 506 2522 Fridericus
528 2461 673 2523 medicus
696 2459 793 2523 debet
816 2460 928 2522 oculos
943 2457 1057 2542 prefati
1080 2461 1255 2540 Ambrosii,
1279 2480 1361 2542 quos
1384 2460 1431 2522 in·

168 2565 239 2626 cisit
266 2585 325 2648 pro
349 2565 568 2629 medicacione
600 2581 632 2630 et
662 2566 926 2629 remelioracione
958 2566 1100 2648 ipsorum
1132 2567 1313 2645 oculorum,
1336 2566 1433 2629 debet

169 2673 258 2733 bono
275 2671 374 2734 modo
394 2691 504 2736 curare
526 2686 557 2736 et
573 2672 733 2736 medicare
750 2693 920 2756 quousque
937 2691 1033 2735 sanus
1050 2671 1155 2753 fuerit,
1179 2675 1261 2736 sicut
1284 2672 1432 2756 promisit

167 2775 274 2840 iacere
299 2797 408 2841 coram
433 2779 526 2842 nobis
543 2777 715 2862 fidedignia
739 2779 825 2858 viris,
849 2779 904 2861 qui
921 2779 947 2840 si
964 2777 1050 2857 iecit,
1075 2780 1156 2842 bene
1180 2779 1324 2861 quidem,
1348 2778 1429 2840 aiio·

166 2883 246 2964 quin
271 2897 379 2947 autem
404 2885 491 2948 idern
515 2885 698 2950 Fridericus
722 2886 865 2948 medicus
896 2883 1109 2968 (menagium
1141 2886 1240 2970 ipsius
1264 2885 1427 2948 Ambrosii

165 3009 224 3052 seu
250 3010 362 3053 necem
387 2992 492 3056 eidem
510 2993 682 3056 Ambrosio
702 2991 788 3074 juxta
805 2991 1070 3054 consvetudinem
1094 2992 1230 3054 civitatis
1247 2991 1343 3055 debet
1359 3011 1429 3076 per·

166 3097 311 3176 solvere;
330 3097 456 3162 interim
473 3113 580 3162 autem
599 3117 768 3182 quousque
793 3097 859 3182 ipse
883 3097 1066 3160 Fridericus
1089 3098 1233 3160 medicus
1256 3097 1431 3160 medicabit

166 3205 272 3287 ipsum
297 3206 517 3286 Ambrosium,
540 3205 637 3269 debet
660 3205 746 3268 idem
775 3204 956 3266 Fridericus
980 3203 1012 3266 in
1037 3205 1174 3288 propriis
1197 3204 1344 3287 expensis
1369 3204 1429 3266 sub

166 3312 313 3374 custodia
337 3325 368 3373 et
400 3313 648 3376 conservacione
679 3311 762 3374 dicte
787 3311 889 3374 Kusse
920 3310 1065 3372 mulieris
1096 3311 1206 3374 matris
1230 3311 1329 3394 ipsius
1353 3315 1430 3373 Am·

166 3419 267 3482 brosii
285 3432 366 3482 stare
391 3433 422 3482 et
446 3439 593 3496 manere;
618 3419 658 3482 de
683 3419 754 3481 aliis
769 3431 877 3480 autem
898 3416 1031 3480 infirmis
1055 3436 1137 3500 quos
1160 3437 1226 3480 non
1243 3417 1359 3496 incisit,
1375 3417 1431 3478 sed

164 3525 313 3608 phisicali
339 3527 498 3588 medicina
515 3527 555 3588 ab
579 3526 660 3592 intra
678 3545 786 3587 curare
804 3524 934 3608 incepit,
958 3524 1054 3586 debet
1077 3543 1133 3586 eos
1149 3543 1250 3606 usque
1275 3523 1315 3586 ad
1332 3522 1430 3586 finem

165 3633 255 3694 bono
280 3631 379 3694 modo
402 3631 563 3696 medicare
586 3645 617 3694 et
640 3631 782 3715 precium
800 3650 894 3692 suum
911 3649 970 3714 pro
994 3649 1059 3712 quo
1077 3649 1151 3692 cum
1174 3629 1250 3712 ipsis
1276 3629 1429 3692 convenit

165 3758 225 3821 pro
249 3757 282 3800 se
306 3737 457 3821 recipere,
481 3737 507 3799 si
534 3751 641 3801 autem
673 3757 738 3800 non
763 3737 880 3820 poterit
902 3756 958 3798 eoa
989 3755 1110 3816 curare,
1135 3748 1250 3799 extunc
1275 3735 1430 3819 pecunias

164 3864 247 3927 quas
270 3846 310 3906 ab
335 3845 410 3928 ipsis
433 3845 563 3928 recepit,
587 3843 709 3907 eisdem
733 3844 896 3906 restituere
921 3842 1091 3906 tenebitur.

275 3950 646 4032 illiqueautem1wani
678 3951 769 4034 pueri
794 3950 845 4012 cui
869 3949 1027 4012 calculum
1060 3949 1170 4012 excisit
1193 3962 1224 4013 et
1252 3947 1430 4012 excidendo

163 4058 348 4118 membrum
373 4057 472 4140 ipsius
506 4057 597 4119 virile
629 4070 754 4119 sextum
784 4077 841 4118 seu
864 4075 976 4117 sexum
1009 4055 1135 4118 virilem
1159 4055 1299 4139 precisit,
1334 4069 1430 4137 prout

163 4165 197 4225 in
224 4177 327 4226 morte
352 4163 451 4248 ipsius
474 4161 571 4225 iwani
607 4161 773 4226 manifeste
806 4161 952 4246 apparuit
976 4161 1052 4244 quia
1083 4162 1183 4224 tercio
1208 4161 1260 4224 die
1284 4177 1357 4244 post
1381 4162 1429 4224 in·

164 4271 321 4334 cisionem
354 4283 400 4332 est
430 4282 595 4349 mortuus,
629 4283 765 4332 mortem
802 4282 833 4332 et
864 4267 1005 4330 animam
1036 4287 1132 4351 super
1166 4268 1307 4331 animam
1337 4287 1428 4330 suam

164 4377 330 4460 propriam
362 4389 466 4458 portet
491 4389 585 4458 prout
609 4377 725 4438 melius
748 4376 816 4456 scit,
845 4375 1015 4458 pecuniam
1051 4387 1157 4436 autem
1189 4394 1285 4457 quam
1310 4374 1430 4457 recepit

164 4485 232 4567 ipse
264 4483 446 4545 Fridericus
470 4483 614 4546 medicus
637 4502 696 4566 pro
720 4482 938 4544 medicacione
969 4481 1068 4564 ipsius
1092 4480 1190 4544 iwani
1215 4481 1310 4543 debet
1335 4481 1428 4543 matri

163 4590 310 4652 eiusdem
335 4589 433 4652 iwani
465 4589 642 4670 restituere,
678 4589 753 4672 quia
788 4588 937 4650 viderunt
970 4587 1047 4649 boui
1084 4599 1115 4650 et
1146 4587 1329 4670 probabiles
1362 4607 1428 4649 ma·

162 4697 253 4778 gistri
279 4696 447 4778 quomodo
470 4697 575 4778 ipsum
607 4715 717 4758 sexum
742 4693 874 4778 predicti
907 4694 997 4778 pueri
1022 4693 1119 4756 iwani
1152 4693 1234 4756 ultra
1258 4693 1429 4776 preciserat

163 4817 257 4866 etex
282 4822 322 4864 eo
346 4802 412 4884 ipse
437 4823 516 4885 puer
539 4801 600 4864 fuit
624 4815 779 4866 mortuus.

272 4910 350 4972 item
374 4910 534 4992 Georgius
558 4909 764 4992 Oprasnycza
792 4922 902 4971 contra
927 4907 1088 4970 Marinum
1121 4906 1261 4989 juratum
1285 4905 1428 4968 secundo

163 5019 279 5082 citatus
304 5037 371 5079 non
395 5016 583 5099 comparuit.
