3734 5796
549 577 637 636 Anno
660 575 753 654 1438·
780 612 819 621 -
844 593 895 656 24.
913 581 1063 654 junuarii.
1381 599 1443 663 279

177 801 318 867 tuerunt,
341 801 372 850 et
403 789 477 869 quia
510 789 629 850 nobilis
663 790 711 852 vir
743 803 773 852 et
803 803 951 854 strenuus
980 789 1160 872 Stephanus
1192 789 1377 854 Bichlrelew
1401 793 1441 854 de

178 893 349 956 Zelnawar
382 914 522 956 unacum
552 895 700 957 fratribus
731 896 806 973 suis,
835 896 955 978 aliique
987 897 1112 958 nobiles
1136 911 1168 958 et
1198 898 1346 978 generosi
1371 899 1442 976 viri,

177 1001 377 1083 plurimique
400 1001 608 1064 honorabiles
640 1002 699 1064 viri
730 1003 854 1065 domini
885 1001 1027 1085 Capituli
1060 1003 1193 1066 ecclesie
1216 1005 1441 1085 zagrabiensis,

180 1105 363 1188 diversique
387 1107 488 1170 eciam
513 1107 654 1189 religiosi
679 1122 710 1170 et
733 1108 796 1171 deo
821 1109 929 1171 devoti
947 1109 1006 1171 viri
1031 1110 1125 1171 nobis
1148 1130 1207 1192 pro
1232 1109 1361 1194 prefatis
1385 1112 1442 1174 de-

177 1213 402 1296 predatoribus
425 1228 456 1276 et
479 1215 708 1298 spoliatoribus
731 1216 763 1278 in
788 1235 827 1278 eo
845 1216 1076 1298 supplicarunt,
1101 1230 1136 1279 ut
1160 1237 1219 1278 nos
1236 1217 1313 1300 ipsis
1329 1217 1443 1300 depre-

176 1321 344 1382 datoribus
367 1334 398 1383 et
422 1321 651 1404 spoliatoribus
682 1323 787 1404 primo
819 1335 850 1384 et
881 1321 1101 1405 principaliter
1133 1321 1184 1384 dei
1209 1323 1441 1406 omnipotentis

177 1427 296 1488 intuitu
323 1440 354 1488 et
376 1427 506 1490 tandem
524 1428 723 1510 peticionum
747 1448 858 1490 eorum
884 1429 977 1490 nobis
994 1449 1052 1511 pro
1077 1429 1153 1512 ipsis
1166 1429 1351 1512 suppliciter
1368 1449 1442 1512 por-

177 1547 335 1594 rectarum
353 1535 395 1596 ob
409 1549 599 1617 respectum,
611 1535 752 1616 graciam
767 1550 799 1599 et
811 1535 1063 1598 misericordiam
1081 1535 1283 1613 fecissemus;
1301 1537 1440 1620 ideoque

177 1658 236 1700 nos
260 1640 336 1701 visis
361 1654 392 1703 et
415 1640 570 1702 exauditis
587 1641 729 1724 ipsorum
761 1641 976 1724 peticionibus
1007 1657 1174 1725 tamquam
1205 1643 1295 1724 justis
1319 1657 1349 1705 et
1374 1643 1436 1724 juri

178 1747 338 1827 congruis,
362 1747 563 1829 privilegiata
586 1748 732 1810 libertate
756 1763 863 1810 nostra
887 1761 1078 1831 exposcente
1103 1761 1291 1830 annuentes,
1315 1750 1438 1814 eisdem

176 1851 441 1934 depredatoribus
464 1865 496 1916 et
519 1855 746 1936 spoliatoribus
770 1855 876 1917 taliter
908 1868 938 1916 et
962 1875 1000 1917 eo
1025 1856 1124 1917 modo
1148 1855 1288 1936 graciam
1321 1869 1352 1918 et
1377 1857 1436 1917 rni-

175 1959 384 2020 sericordiam
418 1959 552 2022 fecimus
581 1961 769 2043 specialem,
801 1961 932 2024 eosdem
964 1962 1003 2024 de
1036 1963 1214 2024 carceribus
1245 1977 1276 2024 et
1304 1963 1442 2026 vinculis

177 2068 292 2130 nostris
317 2070 508 2148 emittentes,
542 2082 576 2132 ut
607 2069 758 2152 preterita
788 2089 844 2131 sua
874 2069 958 2131 mala
990 2067 1072 2132 facta
1103 2069 1359 2152 penitencialiter
1385 2069 1441 2132 de-

175 2173 272 2237 fleant
296 2189 327 2238 et
350 2177 484 2238 ulterius
514 2197 550 2238 ac
583 2177 622 2238 de
654 2191 759 2238 cetero
783 2197 816 2239 se
849 2175 888 2238 de
916 2175 978 2238 hiis
1008 2175 1168 2238 similibus
1198 2192 1229 2239 et
1252 2178 1322 2240 aliis
1347 2179 1442 2240 malis

174 2279 267 2343 factis
291 2282 489 2356 abstineant3
513 2283 568 2364 qui
593 2283 618 2344 si
643 2282 683 2344 de
707 2295 813 2344 cetero
842 2282 955 2344 eadem
980 2283 1204 2346 renovaverint
1237 2297 1291 2346 aut
1314 2283 1376 2344 hiis
1399 2283 1441 2344 si-

175 2387 266 2449 milia
290 2389 341 2450 vel
365 2389 427 2452 alia
451 2389 535 2451 mala
560 2390 812 2472 perpetraverint
835 2403 866 2451 et
881 2407 977 2470 super
1001 2389 1077 2471 ipsis
1100 2388 1290 2472 deprehensi
1308 2403 1339 2452 et
1363 2409 1441 2452 con·

173 2493 248 2554 victi
274 2514 310 2556 ac
334 2497 472 2577 repperti
497 2493 615 2557 fuerint
639 2496 671 2556 in
696 2496 823 2557 civitate
846 2495 988 2577 predicta
1020 2509 1051 2558 et
1075 2495 1143 2557 eius
1165 2497 1335 2575 territori0,
1361 2515 1437 2558 mox

173 2599 261 2680 juata
287 2601 429 2683 ipsorum
455 2601 608 2664 demerita
641 2621 759 2684 penam
783 2615 814 2663 et
844 2602 1039 2684 supplicium
1064 2621 1161 2684 quarn
1193 2601 1244 2664 vel
1270 2601 1358 2684 quod
1383 2601 1436 2662 de·

172 2707 351 2770 meruerint
381 2721 617 2790 consequentur
648 2709 718 2790 ipso
750 2707 833 2770 facto
864 2708 988 2790 Justicia
1021 2721 1052 2769 et
1084 2708 1229 2770 libertate
1254 2721 1362 2770 nostre
1387 2728 1435 2770 te-

173 2828 333 2894 quarente.

208 3032 307 3106 Feria
336 3047 435 3108 sexta
464 3038 496 3106 in
525 3036 611 3108 festo
640 3038 729 3109 beati
758 3033 916 3108 Anthonii
945 3037 1098 3108 monachi
1127 3046 1158 3109 et
1188 3037 1402 3110 confessoris.

675 3188 738 3270 (17.
754 3191 917 3268 januaris).

282 3333 359 3394 ltem
384 3333 459 3415 quia
483 3331 636 3394 Nicolaus
660 3331 762 3394 dictus
786 3331 921 3394 Chehlto
945 3329 1030 3392 filius
1056 3331 1138 3392 Petri
1162 3331 1303 3393 concivis
1327 3345 1436 3394 noster

173 3439 390 3520 juramentum
415 3439 475 3500 sibi
500 3457 557 3520 per
579 3437 699 3520 juratos
723 3437 754 3498 in
780 3435 863 3498 facto
888 3451 919 3498 et
942 3457 1034 3499 causa
1064 3437 1145 3498 inter
1169 3437 1274 3519 ipsum
1298 3447 1329 3498 et
1353 3437 1437 3498 inter

176 3545 356 3628 Georgium
382 3545 508 3608 fabrum
532 3545 653 3606 dictum
679 3544 870 3626 Royltouicb
902 3543 942 3606 de
966 3545 1179 3606 Marcusewcz
1211 3563 1319 3604 coram
1344 3543 1438 3605 nobis

176 3669 267 3716 moto
292 3667 323 3714 et
347 3665 489 3714 vertente
522 3651 740 3734 adjudicatum
772 3651 887 3729 taliter,
912 3664 947 3712 ut
978 3653 1043 3732 ipse
1073 3650 1225 3712 Nicolaus
1256 3649 1439 3712 nescivisset

175 3761 264 3843 quod
290 3761 362 3822 talis
385 3758 573 3822 malefactor
596 3757 745 3820 videlicet
763 3756 919 3840 Mathyas,
944 3776 1040 3838 quem
1065 3757 1132 3839 ipse
1150 3755 1309 3837 Georgius
1333 3757 1437 3818 nomi·

174 3871 271 3930 nabat
295 3881 326 3930 et
355 3867 593 3948 insequebatur,
625 3865 665 3926 ad
690 3863 823 3926 domum
856 3864 954 3946 ipsius
975 3863 1099 3926 Nicolai
1132 3863 1296 3944 intrasset,
1329 3881 1435 3944 neque

176 3975 242 4056 ipse
268 3975 410 4036 scivisset
432 3973 520 4055 quod
545 3973 612 4054 ipse
644 3971 753 4051 homo,
786 3989 882 4052 quem
914 3969 1076 4052 predictus
1101 3970 1260 4051 Georgius
1290 3970 1435 4051 inseque-

175 4083 268 4145 batur
292 4094 323 4144 et
347 4083 501 4163 querebat
523 4080 596 4142 talis
621 4076 809 4140 malefactor
831 4090 866 4140 ut
889 4078 1128 4156 nominabatur,
1156 4075 1276 4140 fuisset.

212 4301 310 4376 lesia
337 4309 436 4375 sexta
473 4302 629 4390 proxima
656 4307 735 4371 ante
772 4300 894 4371 festum
923 4297 1155 4370 conversionis
1183 4297 1273 4369 beati
1301 4297 1397 4368 Pauli

728 4423 884 4512 apostoli.

682 4578 746 4654 (24.
761 4577 927 4652 januaria).

281 4737 360 4799 ltem
384 4737 459 4818 quia
483 4735 666 4797 Anthonius
691 4733 830 4796 carnifex
863 4733 1003 4794 decanus
1033 4731 1195 4794 colendini
1229 4730 1436 4793 confraterni-

174 4845 248 4906 tatis
274 4840 458 4905 carnificum
483 4841 569 4904 filius
592 4840 746 4903 lobannis
770 4839 827 4902 filii
858 4839 983 4901 Miklini
1008 4839 1149 4900 concivis
1173 4849 1289 4915 noster,
1314 4836 1346 4897 id
1370 4849 1435 4900 tarn

174 4952 262 5033 prius
286 4969 385 5032 quam
409 4969 494 5012 nunc
519 4968 592 5010 cum
614 4947 778 5028 fidedigno
795 4947 980 5008 testimonio
1004 4945 1145 5028 plurium
1169 4944 1350 5006 concivium
1378 4963 1436 5005 no·

174 5071 313 5120 strorum
337 5057 369 5120 in
395 5057 471 5120 sede
495 5070 601 5120 nostra
626 5053 791 5140 judiciaria
824 5051 1018 5116 sufficienter
1042 5065 1072 5113 et
1102 5051 1186 5114 clare
1211 5051 1436 5133 comprobavit
