3796 5812
815 541 900 598 Anno
924 537 1018 618 1448.
1042 575 1085 584 —
1109 555 1157 598 10.
1181 539 1263 601 maii.

725 751 802 811 ltem
828 751 953 812 Marcus
978 749 1062 812 filius
1087 750 1252 814 Michaelis
1276 751 1466 814 Sebastiam.

721 855 797 916 ltem
825 856 991 938 Philippus
1014 856 1183 920 aurifaber.

814 1049 875 1112 Hic
899 1064 1050 1112 notantur
1071 1051 1261 1112 consiliarii:

726 1191 804 1253 Item
830 1191 1036 1254 Sebastianus
1060 1193 1204 1276 Lyubalc.

727 1296 804 1359 Item
830 1297 1011 1380 Stephanus
1035 1299 1170 1360 institor.

728 1403 803 1464 ltem
830 1404 1016 1466 Franciscus
1040 1405 1192 1466 literatus.

729 1508 806 1570 ltem
832 1509 977 1572 Thomas
999 1510 1134 1572 institor.

729 1614 805 1676 ltem
831 1615 993 1678 Barnabas
1017 1616 1151 1678 institor.

727 1721 805 1782 ltem
830 1721 991 1783 lohannes
1015 1735 1124 1784 sartor.

726 1827 803 1888 ltem
828 1827 953 1889 Blasius
974 1843 1085 1890 sartor.

729 1932 807 1996 ltem
831 1933 1015 1996 Anthonius
1038 1933 1177 1995 carnifex
1206 1933 1458 2017 Oprasnychich.

728 2040 804 2100 ltem
831 2039 965 2121 Egidius
988 2037 1138 2102 carnifex.

731 2145 807 2206 ltero
833 2145 980 2228 Mathyas
1003 2145 1152 2208 carnifex.

726 2251 803 2312 ltem
828 2251 966 2313 lacobus
991 2251 1141 2314 carnifex.

729 2359 805 2420 ltem
830 2358 949 2420 Paulus
972 2357 1142 2420 aurifaber.

729 2464 808 2526 Item
833 2464 951 2526 Paulus
975 2463 1074 2528 faber.

728 2571 806 2632 ltem
831 2572 1023 2633 Benedictus
1047 2570 1145 2634 faber.

727 2679 804 2739 Item
830 2676 982 2740 Clemens
1006 2677 1104 2740 faber.

724 2783 801 2845 ltem
828 2785 993 2846 Emericus
1016 2783 1114 2846 faber.

727 2890 802 2951 ltem
833 2891 999 2952 Ladislaus
1023 2889 1309 2974 Czaranthowych.

729 2997 805 3058 ltem
831 2997 949 3059 Paulus
974 2996 1057 3058 filius
1082 2997 1163 3059 Petri
1190 2997 1345 3076 Hungari.

728 3103 804 3164 ltem
831 3103 941 3164 Petrus
965 3103 1048 3164 filius
1077 3103 1165 3164 Pauli
1191 3103 1299 3164 Sulelr.

729 3209 805 3270 ltem
832 3208 1008 3290 Gregorius
1028 3209 1112 3270 filius
1129 3210 1280 3291 Symonis
1304 3209 1344 3269 de
1367 3206 1510 3268 Raboch.

726 3315 802 3376 ltem
828 3315 946 3376 Paulus
969 3314 1053 3378 filius
1078 3316 1229 3398 Symonis
1253 3312 1451 3375 Zmolehich.

727 3423 805 3482 ltem
831 3421 966 3483 Mathias
990 3421 1213 3504 Thrunthych.

732 3528 809 3588 ltem
834 3527 979 3588 Thomas
1005 3526 1153 3610 frenipar.

732 3634 809 3695 Item
835 3634 1000 3695 Emericus
1024 3633 1172 3715 frenipar.

728 3739 804 3802 ltem
831 3739 949 3800 Paulus
973 3739 1122 3822 frenipar.

727 3846 804 3907 ltem
830 3847 986 3907 Martinus
1009 3861 1107 3908 sutor.

731 3951 807 4013 ltem
831 3951 955 4012 Blasius
979 3965 1078 4014 sutor.

729 4057 806 4118 ltem
832 4056 930 4138 Elyas
954 4071 1051 4121 sutor.

728 4162 805 4222 ltem
832 4163 934 4223 Lucas
958 4177 1056 4225 sutor.

519 4375 594 4436 ltem
621 4373 761 4456 prefatus
792 4373 962 4436 Conradus
994 4375 1124 4434 Rawsar
1155 4373 1250 4454 judex
1278 4393 1351 4435 cum
1384 4373 1535 4456 predictis
1559 4373 1673 4455 juratis

409 4495 439 4542 et
466 4481 655 4542 consiliariis
680 4481 843 4542 modernis
867 4501 940 4542 cum
966 4501 1122 4542 consensu
1147 4495 1178 4542 et
1209 4481 1352 4542 unanimi
1377 4494 1408 4542 et
1432 4479 1583 4542 concordi
1616 4500 1675 4541 vo-

407 4589 529 4650 luntate
554 4607 589 4648 ac
614 4587 742 4648 decreto
766 4588 868 4648 tocius
890 4587 1129 4648 communitatis
1152 4587 1260 4648 omnia
1284 4600 1398 4649 statuta
1424 4601 1519 4668 atque
1545 4587 1674 4649 decreta

407 4709 472 4755 tam
497 4694 528 4754 in
558 4693 698 4775 antiquis
726 4714 822 4774 quam
852 4694 883 4754 in
912 4694 1049 4774 presenti
1081 4694 1219 4754 katernis
1242 4706 1409 4771 contenta,
1435 4693 1612 4775 conscripta
1642 4707 1675 4755 et

409 4801 595 4882 consignata
629 4800 736 4882 quoad
776 4821 888 4861 omnes
913 4800 1080 4877 clausulas,
1109 4815 1225 4882 puncta
1250 4813 1280 4861 et
1304 4799 1454 4862 articulos
1478 4818 1591 4860 eorum
1615 4819 1674 4880 per

407 4922 510 4970 totum
544 4929 663 4970 annum
698 4909 854 4990 presentis
885 4906 1042 4987 judicatus
1074 4907 1172 4987 ipsius
1196 4906 1337 4969 Conradi
1370 4905 1483 4986 judicis
1514 4925 1550 4966 ac
1582 4906 1673 4966 dein·

408 5035 482 5097 ceps
506 5028 661 5097 perpetuo
686 5031 716 5076 et
737 5014 986 5076 irrevocabiliter
1004 5013 1136 5073 valitura
1162 5027 1192 5074 et
1216 5011 1415 5075 observanda
1433 5010 1671 5076 confirmarunt.
