3852 5820
599 543 798 622 Ann01415.
824 577 863 587 —-
888 555 935 620 15.
959 543 1119 605 decembris.
1455 565 1489 624 ¹3

333 757 410 818 Item
436 775 530 817 causa
555 755 653 818 Blasii
678 755 799 836 Purgar
830 767 861 816 et
892 755 1017 817 domini
1051 755 1147 818 Blasii
1172 756 1212 818 ad
1237 755 1376 840 primum
1409 755 1491 837 judi-

229 862 312 923 cium
336 875 383 924 est
406 876 587 946 prorogata.

334 969 413 1030 Item
432 969 594 1030 Fabianus
617 981 728 1030 contra
752 967 872 1031 Mathei
896 967 1039 1030 secundo
1071 969 1185 1031 citatus
1209 987 1274 1030 non
1300 970 1492 1052 comparuit.

334 1075 412 1137 Item
436 1075 513 1158 quia
538 1075 647 1136 Pauca
672 1073 841 1158 dyabolica
865 1072 977 1136 fraude
1003 1075 1144 1136 imbutus
1168 1073 1343 1156 quemdam
1368 1075 1490 1137 Antho-

231 1179 318 1242 nium
343 1179 446 1242 filium
473 1180 555 1242 Petri
582 1179 810 1264 Docleyeuych
835 1181 938 1244 noctis
969 1180 1001 1241 ln
1026 1180 1161 1242 silencio
1194 1181 1366 1260 interemit,
1390 1199 1426 1242 ac
1451 1179 1491 1243 de

229 1285 354 1348 civitate
381 1285 502 1368 effugit,
535 1285 609 1349 ideo
637 1285 677 1347 ad
701 1286 939 1368 jurIconsonam
956 1287 1150 1368 peticionem
1176 1285 1490 1369 consanguineorum

229 1392 386 1454 Anthonii
411 1393 568 1476 prenotati
593 1391 751 1475 prelatum
773 1392 880 1454 Pauen
904 1393 986 1454 trina
1011 1393 1080 1454 vice
1112 1393 1289 1454 secundum
1324 1403 1492 1454 consvetu-

229 1499 337 1560 dinem
364 1499 459 1561 huius
490 1499 625 1560 civitatis
656 1497 775 1560 forensi
806 1498 1065 1581 proclamacione
1097 1498 1137 1561 ad
1170 1498 1326 1580 judicium
1359 1495 1493 1560 fecimus

230 1606 366 1680 evocari,
392 1606 448 1687 qui
473 1605 606 1667 minime
630 1605 670 1666 ad
694 1604 851 1686 justiciam
883 1625 916 1666 se
944 1605 984 1667 ad
1020 1605 1264 1688 expurgandum
1288 1605 1386 1684 venit,
1418 1605 1491 1666 ideo

228 1710 318 1790 jurati
344 1709 537 1792 judicarunt,
563 1709 650 1792 quod
675 1709 860 1792 ubicunque
885 1711 916 1772 in
941 1711 1102 1774 territorio
1127 1711 1264 1773 ciuitatis
1287 1711 1354 1793 ipse
1380 1710 1488 1772 Pauen

227 1816 498 1898 aprehenderetur
522 1817 562 1878 de
587 1815 701 1878 eodem
728 1817 868 1880 vindicta
900 1831 1111 1900 sumpmetur‚
1143 1817 1293 1880 videlicet
1314 1829 1410 1898 caput
1433 1835 1492 1898 pro

227 1923 340 2004 capite.

336 2029 415 2091 Item
439 2049 532 2091 causa
550 2029 692 2110 magistri
710 2027 839 2090 Thome
856 2041 887 2090 et
903 2027 1066 2090 Valentlni
1086 2049 1142 2112 per
1158 2029 1278 2111 juratos
1294 2028 1334 2090 ad
1352 2027 1491 2111 prImum

229 2131 384 2214 judicium
411 2149 457 2197 est
481 2147 660 2218 prorogata.

336 2241 415 2303 Item
429 2241 504 2322 quia
529 2240 690 2302 Iohannes
714 2239 834 2322 juratus
857 2239 942 2302 filius
958 2241 1056 2319 Luce,
1080 2242 1237 2323 presentis
1260 2241 1335 2302 anni
1361 2239 1491 2322 juratus,

230 2348 269 2407 ab
300 2345 362 2409 hoc
394 2347 504 2409 seculo
528 2345 663 2409 decessit
686 2357 717 2407 et
741 2345 900 2427 migravit,
932 2346 972 2408 ad
996 2347 1139 2429 linguam
1174 2347 1306 2408 latinam
1339 2345 1491 2424 elevatus,

232 2453 304 2515 ideo
329 2453 403 2516 loco
429 2454 527 2536 ipsius
551 2451 716 2532 Iohannis,
742 2452 986 2534 sigismundum
1019 2453 1097 2514 alias
1127 2453 1265 2533 juratum
1291 2452 1393 2516 fillum
1419 2451 1491 2513 Phi·

228 2559 317 2642 lippi,
344 2558 401 2621 filii
419 2559 577 2639 Mauricii‚
595 2579 695 2641 usque
713 2557 809 2621 huius
824 2561 900 2622 anui
922 2559 1069 2622 moderni
1086 2559 1323 2642 expiracionem
1342 2558 1492 2620 dommus

230 2665 445 2728 statuendum.

314 2899 412 2976 terta
440 2912 543 2978 serta
574 2909 728 2996 proxima
755 2915 832 2995 post
860 2905 982 2978 festum
1010 2905 1105 2976 beate
1132 2904 1230 2978 Lacle
1261 2905 1411 2992 virginis.

728 3065 792 3139 (15.
816 3058 991 3139 decembres).

335 3197 415 3260 Item
433 3197 613 3282 Stephanus
630 3198 786 3284 Pundych
802 3210 912 3261 contra
930 3197 1118 3279 magistrum
1138 3195 1331 3278 Gregorium
1349 3193 1491 3257 secundo

228 3303 342 3366 citatus
366 3323 431 3366 non
456 3307 644 3388 comparuit.

331 3409 410 3472 Item
434 3431 528 3474 causa
554 3411 673 3474 Mathai
698 3423 729 3474 et
753 3410 887 3473 Fabiani
913 3409 953 3472 ad
979 3409 1119 3492 prImum
1145 3405 1301 3488 judIcium
1327 3425 1383 3489 per
1406 3405 1491 3467 viros

230 3515 268 3576 ad
291 3536 402 3598 pacem
428 3532 474 3580 est
496 3531 678 3601 prorogata.

332 3623 410 3685 Item
436 3624 533 3686 Lucia
558 3623 751 3707 Santinycha
775 3637 884 3686 contra
898 3621 1061 3684 Thomam
1085 3633 1241 3683 sartorem
1267 3619 1372 3702 primo
1397 3618 1489 3680 citata

230 3747 291 3790 non
316 3730 506 3813 comparuit.

334 3835 412 3899 Item
437 3837 558 3900 Stanlto
582 3837 798 3919 carpentarius
821 3849 934 3899 octavo
953 3836 1005 3898 die
1028 3853 1123 3918 super
1147 3854 1186 3896 eo
1206 3833 1274 3895 sola
1299 3833 1329 3893 in
1355 3849 1489 3914 persona

231 3954 337 4002 contra
374 3943 504 4005 Petrum
540 3943 697 4006 decanum
732 3941 948 4026 juramentum
980 3954 1118 4024 prestare
1155 3952 1281 4002 tenetur
1314 3957 1409 4020 super
1440 3956 1490 4016 eo,

230 4061 383 4128 quantum
408 4049 586 4132 dampnum
610 4069 649 4111 erc
672 4049 748 4112 dicti
773 4049 856 4112 Petri
881 4048 1009 4110 racione
1032 4067 1200 4130 perpessus
1225 4044 1294 4107 fuit.

334 4153 412 4216 Item
436 4155 512 4238 quia
534 4155 725 4218 Valentinus
753 4167 862 4218 contra
895 4154 1082 4236 magistrum
1108 4151 1272 4214 Thomam
1303 4147 1490 4212 testimonio

231 4259 391 4322 mediante
415 4261 447 4322 in
473 4259 557 4323 lacto
582 4275 720 4343 quatuor
743 4260 939 4324 florenorum
957 4261 1168 4343 comprobare
1189 4276 1254 4320 non
1279 4255 1391 4332 valuit,
1416 4253 1489 4315 ideo

231 4365 332 4448 ipsum
357 4367 546 4448 magistrum
569 4367 732 4430 Thomam
758 4367 827 4429 Isan
851 4367 1082 4429 commiserunt
1106 4363 1174 4427 lore
1199 4362 1393 4446 expeditum.

333 4473 411 4536 Item
438 4473 563 4536 Blasius
587 4473 708 4554 Purgar
731 4485 841 4535 contra
863 4472 1063 4535 Anthonium
1089 4471 1250 4534 literatum
1274 4467 1490 4550 juramentum

230 4577 296 4640 sola
322 4578 354 4639 ln
378 4598 516 4661 persona
540 4591 679 4662 prestare
697 4578 793 4641 debet
815 4592 930 4640 octavo
954 4579 1005 4640 die
1022 4597 1118 4662 super
1142 4596 1192 4656 eo,
1216 4588 1251 4638 ut
1275 4575 1342 4656 Ipse
1366 4571 1491 4634 Blasius

230 4682 354 4745 nullum
379 4683 558 4766 dampnum
582 4685 748 4747 Anthonio
773 4703 838 4746 non
863 4683 948 4747 lecit.

333 4789 412 4852 Item
436 4789 591 4852 Chornlro
615 4804 724 4853 contre
741 4791 871 4852 Petrum
887 4790 1045 4852 decanum
1062 4803 1176 4852 octavo
1201 4789 1252 4850 die
1276 4787 1343 4848 sola
1370 4787 1400 4848 io
1419 4802 1488 4866 per-

228 4915 304 4957 sona
327 4894 543 4976 juramentum
567 4910 705 4978 prestare
730 4909 872 4972 tenetur;
904 4915 998 4978 super
1023 4909 1145 4977 quanto
1169 4894 1279 4957 debito
1304 4891 1431 4974 jurabit,
1455 4889 1487 4950 in

229 5014 316 5063 tanto
340 5002 407 5084 ipse
433 5003 543 5064 Petrus
567 4999 747 5065 satisfacere
772 5015 907 5064 tenetur.
