3734 5796
352 551 417 629 284

765 553 851 610 Anno
875 549 968 629 1438.
992 587 1036 596 -
1056 567 1089 627 9.
1113 552 1199 615 maii.

350 761 450 843 ipsius
474 762 590 826 domus
614 775 646 824 et
667 782 775 825 rerum
799 782 939 842 suarum,
963 782 1027 844 que
1058 765 1281 826 concremacio
1305 777 1337 826 et
1360 765 1548 827 incendium
1575 767 1618 827 ab

350 867 501 930 incendio
526 869 642 931 domus
666 868 799 952 Georgii
824 869 914 951 olym
937 868 1052 952 iudicis
1076 884 1107 932 et
1132 871 1273 934 concivis
1297 872 1396 932 nostri
1421 870 1480 934 lilii
1497 873 1621 935 Valen-

349 974 407 1036 tini
432 988 506 1038 suut
530 974 611 1038 facta
635 991 666 1040 et
689 989 826 1054 causata,
855 975 1032 1059 dampnum
1065 996 1175 1059 passus
1205 990 1252 1040 est
1276 978 1308 1039 in
1333 977 1443 1040 valore
1468 978 1618 1060 ipsorum

351 1081 438 1143 LXX
463 1081 532 1146 flor.
556 1083 624 1145 auri
649 1103 686 1144 ex
710 1097 827 1146 acerto.

458 1187 536 1251 ltem
562 1190 704 1252 Briccius
727 1189 812 1252 filius
836 1189 1001 1252 Benedicti
1029 1190 1108 1252 alias
1130 1189 1237 1272 judex,
1268 1189 1386 1274 juravit
1408 1191 1477 1252 sola
1500 1210 1560 1252 sua
1585 1191 1620 1251 in

350 1313 486 1376 persona
510 1293 608 1358 hodie
632 1315 831 1379 superatam
855 1295 941 1378 juata
958 1296 1236 1378 adjudicacionem
1259 1296 1436 1378 juratorum
1461 1295 1567 1380 pridie
1587 1297 1621 1358 in

351 1399 432 1462 festo
457 1401 579 1465 scilicet
601 1404 700 1466 sancti
726 1403 890 1466 Benedicti
915 1404 1039 1467 abbatis
1064 1402 1192 1482 factam,
1228 1423 1323 1487 super
1347 1424 1396 1484 eo,
1420 1417 1454 1466 ut
1478 1405 1547 1487 ipse
1573 1405 1617 1466 de

350 1508 495 1588 pecuniis
519 1510 727 1573 comitalibus
751 1509 790 1570 de
815 1511 968 1591 porcione
996 1510 1117 1572 scilicet
1150 1509 1283 1592 Georgii
1307 1510 1423 1592 judicis
1452 1511 1620 1593 pecuniali

350 1633 416 1674 non
440 1613 551 1676 habuit
573 1615 646 1698 plus
670 1616 752 1678 circa
776 1636 809 1679 se
831 1617 891 1678 nisi
916 1617 1018 1679 XLVl
1042 1619 1112 1682 flor.
1141 1617 1221 1696 auri,
1245 1632 1338 1679 etex
1362 1637 1401 1679 eo
1426 1617 1503 1699 quia
1529 1617 1621 1700 ipsos

350 1721 573 1784 communitati
596 1722 778 1804 assignavit,
803 1724 1017 1786 communitas
1044 1723 1184 1786 reddidit
1208 1743 1283 1786 eum
1308 1723 1504 1806 expeditum.

509 1886 605 1962 Feria
633 1900 732 1964 sexta
760 1895 913 1980 proxima
943 1899 1021 1964 ante
1048 1892 1171 1966 lcstum
1199 1899 1315 1964 sancte
1343 1891 1471 1964 Crucis.

904 2027 947 2104 (2.
970 2029 1064 2106 mair').

459 2148 538 2210 Item
562 2148 655 2229 jurati
680 2149 955 2232 adjudicaverunt,
979 2150 1068 2232 quod
1092 2135 1168 2232 qu'ia
1193 2149 1369 2231 Gregorius
1392 2149 1477 2212 filius
1500 2149 1623 2211 Valen-

350 2255 408 2318 tini
435 2275 492 2338 per
516 2255 759 2338 instigacionem
786 2257 893 2319 uxoris
916 2276 972 2319 sue
997 2269 1198 2340 experrectus
1222 2256 1261 2318 de
1285 2275 1433 2338 sompno,
1459 2254 1558 2318 exivit
1581 2257 1623 2317 de

351 2362 450 2424 domo
482 2381 539 2424 sua
562 2376 635 2444 post
665 2383 838 2444 preconem
870 2364 1085 2426 communitas
1113 2363 1278 2425 Thomam
1309 2363 1452 2440 nomine,
1477 2363 1535 2445 qui
1560 2383 1620 2444 per

350 2467 613 2530 commissionem
636 2469 731 2530 unius
754 2468 848 2550 jurati
872 2469 913 2531 ad
945 2469 1111 2551 querelam
1136 2469 1304 2531 cuiusdam
1336 2469 1537 2550 querulantis
1560 2489 1618 2530 va·

351 2573 441 2634 dium
465 2573 622 2636 dedomo
646 2574 745 2656 ipsius
770 2573 919 2658 Gregorii
936 2577 1056 2658 recepit
1079 2589 1110 2638 et
1134 2576 1240 2659 ipsum
1256 2594 1430 2659 preconem
1455 2576 1488 2637 in
1514 2575 1616 2638 domo

350 2699 407 2741 sua
431 2693 615 2763 reppertum
640 2701 659 2742 a
689 2694 774 2743 retro
798 2682 880 2744 circa
911 2701 986 2744 eum
1017 2681 1178 2744 veniendo
1211 2681 1403 2762 vulueravit,
1427 2694 1459 2744 et
1482 2681 1618 2744 tandem

351 2786 429 2847 dum
446 2786 532 2850 idem
549 2806 645 2870 preco
662 2786 847 2850 vulneratus
863 2787 1016 2850 dedomo
1032 2807 1089 2850 sua
1106 2787 1204 2850 exivit
1220 2801 1251 2850 et
1267 2787 1299 2849 in
1316 2801 1408 2871 porta
1424 2787 1522 2866 stetit,
1538 2801 1618 2848 tunc

351 2891 437 2954 idem
463 2892 640 2975 Gregorius
664 2894 854 2956 secundario
872 2895 977 2976 ipsum
994 2894 1174 2956 vulneravit
1197 2907 1228 2956 et
1251 2894 1326 2956 ideo
1343 2895 1410 2976 ipse
1436 2892 1615 2975 Gregorius

351 2998 411 3081 ipsi
436 2998 566 3062 Thome
589 3000 720 3083 preconi
746 3019 804 3083 pro
829 3001 1016 3063 vulneribus
1047 3014 1078 3063 et
1102 3001 1230 3062 medico
1261 3001 1361 3082 ipsius
1384 2999 1616 3082 principaliter,

351 3118 383 3168 et
405 3106 536 3168 taudem
560 3106 658 3188 judici
683 3121 714 3170 et
745 3107 855 3190 juratis
878 3128 936 3170 seu
963 3109 993 3169 in
1029 3127 1218 3170 communes
1250 3127 1404 3190 expensas
1428 3105 1515 3189 juxta
1539 3126 1616 3168 con·

350 3225 436 3274 tenta
460 3213 619 3294 privilegii
644 3213 740 3277 debet
762 3213 1017 3276 satisfaccionem
1042 3214 1217 3297 inpendere
1242 3213 1442 3295 integralem.

456 3317 535 3382 Item
568 3317 743 3402 Gregorius
773 3320 863 3383 faber
893 3333 1003 3383 contra
1035 3320 1179 3382 lwanum
1210 3318 1337 3382 fabrum
1361 3320 1468 3402 primo
1502 3319 1616 3382 citatus

351 3444 416 3487 non
443 3426 633 3507 comparuit.

459 3533 537 3594 ltem
562 3534 637 3614 quia
655 3534 837 3596 Demetrius
853 3533 938 3596 filius
955 3533 1104 3615 Gregorii
1129 3533 1169 3595 de
1187 3532 1291 3596 Obres
1306 3533 1510 3615 possessione
1527 3532 1617 3594 vide·

351 3639 425 3700 licet
450 3638 604 3716 Stephani
629 3641 823 3724 Wlkowych
848 3642 880 3702 in
906 3639 1076 3704 manifesto
1097 3639 1261 3702 furticinio
1285 3640 1426 3722 plurium
1451 3659 1559 3701 rerum
1584 3654 1615 3702 et

352 3747 513 3807 bonorum
538 3759 697 3808 certorum
715 3746 885 3809 hominum
910 3761 940 3809 et
964 3748 1083 3809 civium
1107 3767 1143 3808 ac
1159 3746 1374 3808 habitatorum
1392 3745 1531 3808 civitatis
1545 3766 1618 3828 pre·

351 3853 434 3914 dicte
458 3872 494 3914 ac
517 3853 655 3914 aliorum
680 3867 904 3916 extraneorum
933 3873 989 3916 seu
1020 3853 1196 3915 forensium
1229 3852 1398 3914 hominum
1422 3853 1455 3913 iu
1488 3853 1614 3914 civitate

350 3958 492 4041 predicta
518 3972 549 4021 et
572 3960 641 4020 eius
663 3961 825 4023 territorio
849 3981 906 4042 per
930 3962 1034 4044 ipsum
1057 3960 1256 4022 Demetrium
1280 3957 1449 4021 manifeste
1473 3961 1613 4022 subtrac-

350 4079 471 4144 torum,
496 4079 592 4148 prout
618 4066 703 4128 idem
729 4066 916 4150 Demetrius¹
940 4068 1027 4128 solus
1059 4065 1160 4128 fassus
1183 4079 1241 4144 est,
1265 4065 1339 4127 ideo
1363 4064 1457 4146 jurati
1482 4067 1618 4128 civitatis

351 4172 495 4254 predicte
520 4172 668 4234 moderni
693 4173 834 4234 eundem
851 4173 1051 4234 Demetrium
1076 4173 1116 4234 de
1140 4172 1261 4234 meritis
1278 4171 1343 4232 suis
1366 4171 1568 4253 exigentibus
1584 4187 1615 4234 et

351 4277 439 4360 juxta
465 4298 520 4339 sua
547 4278 702 4340 demerita
728 4281 958 4340 commiserunt
981 4293 1012 4340 et
1043 4279 1253 4340 decreverunt
1284 4278 1388 4360 ipsum
1414 4278 1447 4338 in
1471 4279 1616 4362 patibulo

354 4384 594 4447 communitatis
610 4384 893 4466 suspendendum
914 4385 970 4466 qui
995 4385 1110 4446 eodem
1127 4384 1179 4445 die
1196 4396 1227 4446 et
1250 4402 1422 4466 suspensus
1439 4397 1486 4445 est
1508 4384 1614 4466 digne,

351 4489 480 4574 justicia
505 4505 535 4552 et
558 4491 703 4552 libertate
728 4491 863 4552 civitatis
887 4491 1087 4573 privilegiata
1111 4490 1304 4572 requirente.

448 4639 544 4714 leria
572 4649 671 4713 serta
699 4645 854 4732 proxima
888 4649 964 4731 post
991 4643 1114 4714 lestum
1143 4639 1380 4731 Apparicionis
1413 4643 1524 4713 sancti

777 4766 951 4837 Michaelis
985 4765 1189 4854 archangeli.

898 4898 945 4980 (9.
969 4899 1073 4975 maii).

457 5025 536 5087 ltem
554 5025 630 5106 quia
646 5024 780 5106 provida
797 5024 914 5086 mulier
931 5022 1107 5106 Elyzabeth
1124 5036 1248 5104 vocata,
1270 5023 1379 5086 relicta
1396 5024 1457 5086 viri
1474 5023 1602 5086 condam

352 5131 478 5213 providi
506 5131 659 5216 Symonis
678 5131 793 5194 sutoris
817 5131 892 5195 dicti
912 5131 1052 5210 Morum,
1077 5130 1166 5215 olym
1183 5129 1323 5193 concivis
1347 5131 1445 5194 nostri
1463 5130 1509 5194 fili
1526 5128 1616 5204 Petri,
