3876 5798
688 573 774 629 Anno
795 585 885 649 1443·
909 604 953 616 —
974 585 1019 631 rr.
1037 572 1188 647 januarii.
1507 587 1569 650 377

310 781 429 844 militer
454 802 528 844 cum
543 782 609 844 suis
632 781 849 864 pertinenciis,
866 779 996 863 prefatis
1020 779 1120 842 Paulo
1145 793 1176 842 et
1191 779 1363 842 Valentino
1382 778 1456 842 filiis
1472 779 1571 862 ipsius

307 887 390 950 Petri
415 887 529 969 judicis
552 905 587 949 ac
611 905 667 968 per
691 905 746 950 eos
769 886 917 949 similiter
944 903 1056 948 eorum
1089 885 1260 948 heredibus
1282 899 1352 948 tum
1375 903 1413 946 ex
1430 885 1565 947 racioni-

308 992 368 1053 bus
390 991 541 1073 predictis
556 1003 624 1052 turn
650 991 751 1052 eciam
780 1010 818 1052 ex
842 1009 892 1069 eo,
914 991 989 1072 quia
1014 989 1155 1072 prelatus
1178 988 1361 1052 Anthonius
1388 987 1569 1072 Chesthny·

308 1094 444 1179 lrowych
483 1110 663 1178 postremus
702 1096 834 1158 maritus
872 1096 1048 1178 legittimus
1079 1096 1178 1180 ipsius
1209 1095 1383 1159 Karberine
1423 1095 1567 1159 mulieris

304 1201 427 1284 prefate
450 1201 609 1284 legacioni
640 1201 878 1264 testamentaria
914 1201 1059 1264 eiusdem
1091 1201 1266 1264 Katherine
1297 1201 1442 1264 mulieris
1474 1221 1569 1264 suum

306 1327 414 1370 coram
438 1309 530 1370 nobis
562 1328 755 1371 consensum
786 1309 914 1392 prebuit
943 1307 1060 1391 pariter
1084 1321 1115 1370 et
1145 1327 1320 1388 assensum,
1346 1308 1517 1370 statuimus
1540 1321 1571 1370 et

306 1414 527 1476 commisimus
550 1415 618 1498 jure
642 1427 797 1498 perpetuo
822 1428 853 1477 et
877 1413 1146 1476 irretractabiliter
1177 1413 1409 1496 possidendam
1435 1427 1467 1477 et
1490 1434 1569 1496 quo·

308 1519 549 1602 modorumque
581 1521 741 1584 voluerint
772 1520 1019 1604 disponendam,
1054 1519 1140 1602 juxta
1172 1519 1398 1583 condicionem
1430 1520 1571 1583 civitatis

305 1640 471 1709 prenotate
496 1629 536 1690 ab
559 1629 694 1710 antiquo
718 1629 939 1710 approbatam.

411 1733 490 1796 Item
508 1734 610 1796 Janko
634 1754 767 1817 arcupar
791 1749 899 1796 contra
926 1733 1125 1816 Stephanum
1146 1734 1305 1796 sororium
1332 1734 1476 1797 Barnabe
1501 1753 1570 1796 mo·

307 1837 518 1902 lendinatoris
542 1839 647 1922 primo
671 1841 784 1904 citatus
808 1859 874 1903 non
898 1841 1088 1919 comparuit.

412 1945 490 2008 Item
523 1946 663 2009 Francza
696 1945 838 2030 frenipar
869 1959 978 2010 contra
1007 1945 1170 2010 Thomam
1200 1947 1384 2031 privignum
1409 1947 1490 2008 Zore
1521 1965 1569 2008 se-

306 2052 414 2114 cundo
439 2053 563 2116 citatus
578 2073 643 2116 non
667 2053 857 2135 comparuit.

413 2157 491 2221 ltem
516 2177 645 2221 causam
670 2159 752 2221 inter
775 2159 895 2220 Rosam
921 2158 1091 2221 mulierem
1115 2171 1150 2220 ut
1173 2158 1320 2222 actricem
1347 2173 1378 2221 et
1401 2159 1483 2221 inter
1499 2178 1570 2239 ger-

306 2281 437 2326 manum
462 2264 586 2326 domini
611 2263 697 2327 Galli
722 2265 887 2347 presbiteri
912 2266 1044 2327 nomine
1061 2265 1233 2328 Nicolaum
1255 2279 1290 2328 ut
1314 2266 1347 2328 in
1372 2285 1498 2328 causam
1524 2280 1569 2328 at·

306 2381 455 2448 tractum,
478 2369 519 2430 ad
544 2371 683 2452 primum
708 2369 863 2452 judicium
889 2390 947 2453 pro
976 2369 1080 2433 fienda
1104 2391 1183 2454 pace
1213 2391 1270 2454 per
1295 2372 1466 2434 instantem
1491 2371 1569 2455 peti-

307 2473 433 2536 cionem
459 2475 621 2538 Valentini
646 2475 739 2556 jurati
775 2475 832 2538 filii
857 2475 922 2538 lwk
946 2489 977 2538 et
1004 2495 1196 2539 consensum
1220 2477 1364 2561 parcium
1390 2479 1569 2558 ambarum,

306 2579 456 2642 duximus
480 2581 717 2663 prorogandam
742 2582 781 2643 ad
806 2583 946 2664 primum
971 2581 1126 2664 judicium
1146 2587 1291 2666 proxime
1316 2582 1500 2648 affuturum.

412 2685 490 2748 ltem
515 2687 590 2768 quia
614 2687 759 2751 Andreas
782 2700 872 2750 sutor
903 2707 1065 2750 successor
1090 2689 1180 2751 Pauli
1206 2689 1397 2773 Kerpanych
1422 2689 1454 2752 id
1477 2689 1564 2753 solus

305 2791 470 2855 confessus
493 2807 550 2872 est,
575 2793 742 2876 quomodo
770 2795 836 2878 ipse
859 2813 992 2856 uxorem
1017 2795 1146 2879 Mathye
1170 2795 1254 2878 nigri
1286 2796 1403 2859 sutoris
1426 2816 1465 2858 eo
1488 2810 1570 2859 tem·

310 2919 388 2982 pore
413 2899 490 2962 dum
524 2901 591 2983 ipsa
624 2919 696 2964 eum
728 2901 864 2984 turpiter
894 2901 1104 2984 vituperasset
1126 2922 1182 2984 per
1212 2915 1335 2984 partem
1358 2903 1568 2986 posteriorem

312 3025 415 3088 usque
440 3007 479 3068 ad
504 3006 666 3069 cicatrices
689 3007 879 3086 verberavit,
904 3008 977 3070 ideo
1002 3008 1069 3091 ipse
1085 3008 1231 3070 Andreas
1254 3021 1343 3071 sutor
1365 3022 1475 3071 contra
1498 3029 1569 3092 pre·

310 3112 428 3174 dictam
455 3132 587 3174 uxorem
613 3113 712 3195 ipsius
728 3113 858 3197 Mathye
874 3114 991 3176 sutoris
1008 3127 1055 3196 est
1070 3113 1261 3196 judicialiter
1278 3116 1309 3176 in
1335 3114 1446 3177 decem
1463 3116 1569 3198 pensis

217 3235 220 3244 ’
308 3217 515 3281 denariorum
548 3220 714 3282 convictus
745 3234 776 3282 et
806 3233 994 3302 aggravatus
1026 3220 1139 3282 ordine
1168 3220 1245 3302 juris
1276 3222 1459 3304 requirente
1481 3235 1513 3284 et
1535 3222 1567 3283 in

307 3338 437 3386 centum
461 3325 600 3388 denariis
624 3341 733 3388 contra
767 3328 1044 3405 communitatem,
1069 3346 1151 3409 quos
1181 3327 1291 3410 juratis
1315 3329 1389 3390 anni
1414 3329 1569 3410 presentis

305 3431 430 3493 solvere
453 3445 580 3494 tenetur
604 3432 748 3496 Andreas
771 3447 966 3515 prenotatus.
1016 3423 1019 3429 ’

411 3537 489 3600 Item
514 3539 589 3621 quia
614 3538 787 3602 Scolastica
811 3539 938 3618 mulier,
962 3540 1070 3602 relicta
1092 3539 1229 3602 condam
1253 3540 1419 3603 Valentini
1445 3541 1567 3603 molen-

306 3643 462 3706 dinatoris
485 3657 516 3706 et
541 3644 734 3707 Benedictus
757 3643 841 3706 filius
867 3645 1001 3708 Fabiani
1026 3665 1063 3708 ex
1080 3647 1196 3708 eodem
1221 3659 1251 3708 et
1275 3667 1313 3709 ex
1337 3647 1473 3729 provida
1498 3666 1567 3710 mu-

306 3749 383 3811 liere
417 3749 595 3833 Elyzabeth
627 3765 750 3829 vocata,
781 3765 949 3814 matertera
982 3751 1080 3834 ipsius
1111 3751 1273 3814 Valentini
1302 3751 1568 3815 molendinatoris

306 3854 463 3938 legittime
487 3857 686 3938 progenitus,
703 3857 898 3921 habitatores
922 3859 1057 3920 civitatis
1073 3859 1226 3941 predicte,
1251 3858 1284 3920 id
1301 3877 1375 3920 cum
1398 3857 1567 3921 sufficienti

307 3973 339 4024 et
362 3960 528 4042 fidedigno
552 3977 735 4026 nostrorum
768 3963 951 4026 concivium
981 3965 1167 4026 testimonio
1192 3963 1323 4028 insede
1356 3978 1461 4026 nostra
1485 3963 1567 4046 judi·

305 4068 401 4130 ciaria
426 4067 509 4130 clare
534 4071 786 4151 comprobarunt
809 4089 916 4132 coram
935 4070 1040 4150 nobis,
1064 4083 1099 4133 ut
1123 4070 1201 4132 dum
1223 4069 1363 4152 prefatus
1378 4071 1568 4134 Valentinus

305 4174 544 4238 molendinator
567 4175 599 4238 in
624 4176 772 4238 extremis
794 4177 858 4239 vite
882 4195 938 4239 sue
970 4176 1157 4259 temporalis
1188 4177 1374 4257 laborasset,
1398 4191 1474 4241 tunc
1499 4177 1566 4259 ipse

306 4279 480 4362 quamdam
493 4294 615 4364 partem
634 4281 801 4344 cuiusdam
818 4283 910 4346 vinee
927 4302 983 4345 sue
1000 4282 1232 4345 condicionalis
1256 4283 1287 4345 in
1305 4283 1466 4346 territorio
1490 4283 1566 4345 civi·

304 4386 377 4449 tatis
400 4387 541 4469 predicte
567 4388 648 4450 inter
672 4389 782 4451 vineas
805 4389 888 4450 Petri
908 4389 1051 4471 Hungari
1077 4389 1192 4472 judicis
1209 4389 1344 4452 civitatis
1368 4389 1511 4472 predicte
1536 4402 1567 4452 et

305 4492 460 4554 Anthonii
486 4493 670 4556 Petrechich
694 4495 877 4557 concivium
903 4509 1097 4574 nostrorum,
1121 4496 1206 4577 juxta
1231 4509 1380 4558 contenta
1402 4495 1566 4558 literarum

305 4598 554 4681 privilegialium
579 4599 688 4663 habite
712 4615 742 4662 et
766 4601 939 4680 existentis,
963 4621 981 4663 a
1005 4613 1093 4684 parte
1117 4600 1238 4684 prefate
1255 4602 1348 4666 vinee
1366 4601 1464 4685 ipsius
1482 4601 1565 4664 Petri

309 4705 456 4786 Hungari
468 4726 568 4789 usque
593 4707 767 4790 quamdam
785 4708 931 4770 semitam
956 4707 1047 4770 sitam
1073 4721 1103 4770 et
1120 4708 1273 4788 habitam,
1297 4709 1440 4791 predicto
1465 4707 1564 4771 Bene·

305 4811 391 4874 dicto
416 4811 483 4874 filio
517 4813 616 4896 ipsius
648 4814 826 4898 Elyzabeth
855 4827 1023 4876 matertere
1059 4833 1116 4876 sue
1148 4815 1334 4896 legavisaet3
1369 4815 1464 4877 aliam
1490 4833 1565 4876 vero

306 4929 407 4980 totam
432 4919 592 4981 residuam
617 4933 739 5003 partem
772 4920 916 4983 eiusdem
948 4921 1040 4982 vinee
1068 4933 1198 5004 aparte
1229 4919 1350 5003 prefate
1373 4921 1466 4982 vinee
1489 4919 1565 4982 dicti

308 5023 465 5088 Anthonii
488 5025 673 5090 Petrechich
697 5026 837 5090 habitam
863 5043 894 5090 et
916 5027 1076 5108 situatam,
1100 5047 1173 5091 cum
1197 5027 1263 5092 suis
1283 5027 1393 5092 usibus
1417 5041 1447 5091 et
1470 5028 1565 5118 perti·
