<?xml version="1.0" encoding="UTF-8"?>
<!DOCTYPE html PUBLIC "-//W3C//DTD XHTML 1.0 Transitional//EN"
    "http://www.w3.org/TR/xhtml1/DTD/xhtml1-transitional.dtd">
<html xmlns="http://www.w3.org/1999/xhtml" xml:lang="en" lang="en">
 <head>
  <title>
</title>
<meta http-equiv="Content-Type" content="text/html;charset=utf-8" />
  <meta name='ocr-system' content='tesseract 3.04.00' />
  <meta name='ocr-capabilities' content='ocr_page ocr_carea ocr_par ocr_line ocrx_word'/>
</head>
<body>
  <div class='ocr_page' id='page_1' title='image "./monumentahistor14laszgoog_0536.png"; bbox 0 0 3796 5812; ppageno 0'>
   <div class='ocr_carea' id='block_1_1' title="bbox 454 575 1725 3849">
    <p class='ocr_par' dir='ltr' id='par_1_1' title="bbox 459 575 524 653">
     <span class='ocr_line' id='line_1_1' title="bbox 459 575 524 653; baseline 0 -17"><span class='ocrx_word' id='word_1_1' title='bbox 459 575 524 653; x_wconf 87' lang='lat'>486</span> 
     </span>
    </p>

    <p class='ocr_par' dir='ltr' id='par_1_2' title="bbox 454 789 1725 3849">
     <span class='ocr_line' id='line_1_2' title="bbox 458 789 1725 875; baseline 0.003 -25"><span class='ocrx_word' id='word_1_2' title='bbox 458 789 578 852; x_wconf 76' lang='lat' dir='ltr'>attracti</span> <span class='ocrx_word' id='word_1_3' title='bbox 612 791 672 850; x_wconf 92' lang='lat' dir='ltr'>sub</span> <span class='ocrx_word' id='word_1_4' title='bbox 704 790 836 851; x_wconf 90' lang='lat' dir='ltr'>nomine</span> <span class='ocrx_word' id='word_1_5' title='bbox 869 789 943 851; x_wconf 86' lang='lat' dir='ltr'>furti</span> <span class='ocrx_word' id='word_1_6' title='bbox 976 791 1230 870; x_wconf 78' lang='lat' dir='ltr'>consignaverat,</span> <span class='ocrx_word' id='word_1_7' title='bbox 1261 791 1413 874; x_wconf 88' lang='lat' dir='ltr'>idemque</span> <span class='ocrx_word' id='word_1_8' title='bbox 1447 791 1608 875; x_wconf 83' lang='lat' dir='ltr'>Georgius</span> <span class='ocrx_word' id='word_1_9' title='bbox 1642 793 1725 854; x_wconf 88' lang='lat' dir='ltr'>filius</span> 
     </span>
     <span class='ocr_line' id='line_1_3' title="bbox 457 895 1720 981; baseline 0.002 -24"><span class='ocrx_word' id='word_1_10' title='bbox 457 896 582 958; x_wconf 91' lang='lat' dir='ltr'>Nicolai</span> <span class='ocrx_word' id='word_1_11' title='bbox 607 909 642 958; x_wconf 93' lang='lat' dir='ltr'>ut</span> <span class='ocrx_word' id='word_1_12' title='bbox 665 909 752 958; x_wconf 89' lang='lat' dir='ltr'>actor</span> <span class='ocrx_word' id='word_1_13' title='bbox 775 897 913 958; x_wconf 90' lang='lat' dir='ltr'>termino</span> <span class='ocrx_word' id='word_1_14' title='bbox 945 896 1006 957; x_wconf 83' lang='lat' dir='ltr'>sibi</span> <span class='ocrx_word' id='word_1_15' title='bbox 1030 895 1071 958; x_wconf 91' lang='lat' dir='ltr'>ad</span> <span class='ocrx_word' id='word_1_16' title='bbox 1102 897 1407 978; x_wconf 89' lang='lat' dir='ltr'>comprobationem</span> <span class='ocrx_word' id='word_1_17' title='bbox 1441 899 1602 981; x_wconf 88' lang='lat' dir='ltr'>assignato</span> <span class='ocrx_word' id='word_1_18' title='bbox 1627 919 1720 961; x_wconf 89' lang='lat' dir='ltr'>suam</span> 
     </span>
     <span class='ocr_line' id='line_1_4' title="bbox 456 1001 1719 1086; baseline 0.002 -22"><span class='ocrx_word' id='word_1_19' title='bbox 456 1003 716 1085; x_wconf 75' lang='lat' dir='ltr'>propositionem</span> <span class='ocrx_word' id='word_1_20' title='bbox 740 1002 831 1064; x_wconf 91' lang='lat' dir='ltr'>nullo</span> <span class='ocrx_word' id='word_1_21' title='bbox 855 1001 1040 1064; x_wconf 89' lang='lat' dir='ltr'>testimonio</span> <span class='ocrx_word' id='word_1_22' title='bbox 1065 1001 1228 1084; x_wconf 88' lang='lat' dir='ltr'>lidedigno</span> <span class='ocrx_word' id='word_1_23' title='bbox 1252 1005 1507 1086; x_wconf 89' lang='lat' dir='ltr'>comprobando,</span> <span class='ocrx_word' id='word_1_24' title='bbox 1531 1005 1719 1067; x_wconf 81' lang='lat' dir='ltr'>dubitanter</span> 
     </span>
     <span class='ocr_line' id='line_1_5' title="bbox 457 1109 1719 1192; baseline 0.002 -22"><span class='ocrx_word' id='word_1_25' title='bbox 457 1109 1719 1192; x_wconf 76' lang='lat' dir='ltr'>diversificavitdicensipsamequam,coramJudiceetjuratiscivitatisMontis·</span> 
     </span>
     <span class='ocr_line' id='line_1_6' title="bbox 456 1213 1719 1300; baseline 0.001 -22"><span class='ocrx_word' id='word_1_26' title='bbox 456 1216 627 1297; x_wconf 87' lang='lat' dir='ltr'>grecensis,</span> <span class='ocrx_word' id='word_1_27' title='bbox 643 1213 711 1277; x_wconf 84' lang='lat' dir='ltr'>lore</span> <span class='ocrx_word' id='word_1_28' title='bbox 728 1228 849 1298; x_wconf 86' lang='lat' dir='ltr'>septem</span> <span class='ocrx_word' id='word_1_29' title='bbox 862 1235 1032 1294; x_wconf 90' lang='lat' dir='ltr'>annorum,</span> <span class='ocrx_word' id='word_1_30' title='bbox 1056 1235 1163 1278; x_wconf 90' lang='lat' dir='ltr'>coram</span> <span class='ocrx_word' id='word_1_31' title='bbox 1180 1236 1257 1278; x_wconf 86' lang='lat' dir='ltr'>vero</span> <span class='ocrx_word' id='word_1_32' title='bbox 1274 1218 1504 1280; x_wconf 85' lang='lat' dir='ltr'>communitate</span> <span class='ocrx_word' id='word_1_33' title='bbox 1527 1231 1594 1280; x_wconf 89' lang='lat' dir='ltr'>tota</span> <span class='ocrx_word' id='word_1_34' title='bbox 1619 1219 1652 1279; x_wconf 91' lang='lat' dir='ltr'>in</span> <span class='ocrx_word' id='word_1_35' title='bbox 1671 1219 1719 1300; x_wconf 91' lang='lat' dir='ltr'>ju·</span> 
     </span>
     <span class='ocr_line' id='line_1_7' title="bbox 458 1321 1716 1405; baseline 0.001 -21"><span class='ocrx_word' id='word_1_36' title='bbox 458 1323 543 1385; x_wconf 92' lang='lat' dir='ltr'>dicio</span> <span class='ocrx_word' id='word_1_37' title='bbox 567 1342 626 1404; x_wconf 90' lang='lat' dir='ltr'>pro</span> <span class='ocrx_word' id='word_1_38' title='bbox 650 1321 800 1383; x_wconf 89' lang='lat' dir='ltr'>tribunali</span> <span class='ocrx_word' id='word_1_39' title='bbox 832 1321 962 1384; x_wconf 88' lang='lat' dir='ltr'>sedente</span> <span class='ocrx_word' id='word_1_40' title='bbox 994 1321 1138 1404; x_wconf 91' lang='lat' dir='ltr'>quinque</span> <span class='ocrx_word' id='word_1_41' title='bbox 1170 1341 1339 1402; x_wconf 89' lang='lat' dir='ltr'>annorum,</span> <span class='ocrx_word' id='word_1_42' title='bbox 1371 1343 1509 1405; x_wconf 92' lang='lat' dir='ltr'>quorum</span> <span class='ocrx_word' id='word_1_43' title='bbox 1541 1325 1647 1385; x_wconf 93' lang='lat' dir='ltr'>ullum</span> <span class='ocrx_word' id='word_1_44' title='bbox 1673 1325 1716 1386; x_wconf 89' lang='lat' dir='ltr'>sic</span> 
     </span>
     <span class='ocr_line' id='line_1_8' title="bbox 458 1425 1722 1511; baseline 0.002 -21"><span class='ocrx_word' id='word_1_45' title='bbox 458 1429 587 1511; x_wconf 89' lang='lat' dir='ltr'>reperiri</span> <span class='ocrx_word' id='word_1_46' title='bbox 607 1429 727 1511; x_wconf 88' lang='lat' dir='ltr'>potuit;</span> <span class='ocrx_word' id='word_1_47' title='bbox 753 1429 885 1509; x_wconf 88' lang='lat' dir='ltr'>ipseque</span> <span class='ocrx_word' id='word_1_48' title='bbox 902 1425 1043 1510; x_wconf 85' lang='lat' dir='ltr'>prelatus</span> <span class='ocrx_word' id='word_1_49' title='bbox 1063 1427 1222 1510; x_wconf 83' lang='lat' dir='ltr'>Georgius</span> <span class='ocrx_word' id='word_1_50' title='bbox 1241 1429 1392 1491; x_wconf 87' lang='lat' dir='ltr'>Pohaben</span> <span class='ocrx_word' id='word_1_51' title='bbox 1417 1449 1555 1492; x_wconf 89' lang='lat' dir='ltr'>unacum</span> <span class='ocrx_word' id='word_1_52' title='bbox 1573 1429 1643 1493; x_wconf 88' lang='lat' dir='ltr'>filio</span> <span class='ocrx_word' id='word_1_53' title='bbox 1663 1451 1722 1492; x_wconf 92' lang='lat' dir='ltr'>suo</span> 
     </span>
     <span class='ocr_line' id='line_1_9' title="bbox 456 1535 1722 1616; baseline 0.002 -20"><span class='ocrx_word' id='word_1_54' title='bbox 456 1549 491 1597; x_wconf 91' lang='lat' dir='ltr'>ut</span> <span class='ocrx_word' id='word_1_55' title='bbox 515 1535 547 1596; x_wconf 95' lang='lat' dir='ltr'>in</span> <span class='ocrx_word' id='word_1_56' title='bbox 572 1554 700 1596; x_wconf 89' lang='lat' dir='ltr'>causam</span> <span class='ocrx_word' id='word_1_57' title='bbox 724 1535 858 1612; x_wconf 78' lang='lat' dir='ltr'>attracti,</span> <span class='ocrx_word' id='word_1_58' title='bbox 888 1553 979 1595; x_wconf 91' lang='lat' dir='ltr'>suam</span> <span class='ocrx_word' id='word_1_59' title='bbox 1011 1535 1271 1616; x_wconf 90' lang='lat' dir='ltr'>proposicionem</span> <span class='ocrx_word' id='word_1_60' title='bbox 1303 1536 1497 1598; x_wconf 86' lang='lat' dir='ltr'>unanimiter</span> <span class='ocrx_word' id='word_1_61' title='bbox 1528 1537 1619 1598; x_wconf 91' lang='lat' dir='ltr'>omni</span> <span class='ocrx_word' id='word_1_62' title='bbox 1654 1539 1722 1598; x_wconf 91' lang='lat' dir='ltr'>sine</span> 
     </span>
     <span class='ocr_line' id='line_1_10' title="bbox 455 1640 1721 1723; baseline 0 -19"><span class='ocrx_word' id='word_1_63' title='bbox 455 1657 576 1704; x_wconf 86' lang='lat' dir='ltr'>terrore</span> <span class='ocrx_word' id='word_1_64' title='bbox 600 1641 794 1718; x_wconf 87' lang='lat' dir='ltr'>asserebant,</span> <span class='ocrx_word' id='word_1_65' title='bbox 818 1640 905 1722; x_wconf 93' lang='lat' dir='ltr'>quod</span> <span class='ocrx_word' id='word_1_66' title='bbox 931 1641 1071 1723; x_wconf 87' lang='lat' dir='ltr'>predicta</span> <span class='ocrx_word' id='word_1_67' title='bbox 1103 1659 1186 1722; x_wconf 91' lang='lat' dir='ltr'>equa</span> <span class='ocrx_word' id='word_1_68' title='bbox 1211 1641 1242 1701; x_wconf 96' lang='lat' dir='ltr'>in</span> <span class='ocrx_word' id='word_1_69' title='bbox 1275 1641 1373 1703; x_wconf 91' lang='lat' dir='ltr'>domo</span> <span class='ocrx_word' id='word_1_70' title='bbox 1398 1661 1454 1704; x_wconf 90' lang='lat' dir='ltr'>sua</span> <span class='ocrx_word' id='word_1_71' title='bbox 1479 1657 1551 1704; x_wconf 88' lang='lat' dir='ltr'>nata</span> <span class='ocrx_word' id='word_1_72' title='bbox 1576 1657 1609 1704; x_wconf 88' lang='lat' dir='ltr'>et</span> <span class='ocrx_word' id='word_1_73' title='bbox 1643 1663 1721 1705; x_wconf 90' lang='lat' dir='ltr'>enu-</span> 
     </span>
     <span class='ocr_line' id='line_1_11' title="bbox 455 1744 1721 1830; baseline -0.001 -20"><span class='ocrx_word' id='word_1_74' title='bbox 455 1749 527 1810; x_wconf 88' lang='lat' dir='ltr'>trita</span> <span class='ocrx_word' id='word_1_75' title='bbox 552 1761 582 1810; x_wconf 91' lang='lat' dir='ltr'>et</span> <span class='ocrx_word' id='word_1_76' title='bbox 605 1748 700 1808; x_wconf 93' lang='lat' dir='ltr'>trium</span> <span class='ocrx_word' id='word_1_77' title='bbox 726 1766 885 1808; x_wconf 91' lang='lat' dir='ltr'>annorum</span> <span class='ocrx_word' id='word_1_78' title='bbox 920 1744 1040 1824; x_wconf 86' lang='lat' dir='ltr'>luisset,</span> <span class='ocrx_word' id='word_1_79' title='bbox 1072 1761 1103 1809; x_wconf 92' lang='lat' dir='ltr'>et</span> <span class='ocrx_word' id='word_1_80' title='bbox 1135 1746 1196 1808; x_wconf 89' lang='lat' dir='ltr'>boc</span> <span class='ocrx_word' id='word_1_81' title='bbox 1221 1747 1305 1808; x_wconf 89' lang='lat' dir='ltr'>idem</span> <span class='ocrx_word' id='word_1_82' title='bbox 1337 1747 1403 1809; x_wconf 87' lang='lat' dir='ltr'>visa</span> <span class='ocrx_word' id='word_1_83' title='bbox 1428 1749 1495 1830; x_wconf 89' lang='lat' dir='ltr'>ipsa</span> <span class='ocrx_word' id='word_1_84' title='bbox 1520 1769 1603 1830; x_wconf 89' lang='lat' dir='ltr'>equa</span> <span class='ocrx_word' id='word_1_85' title='bbox 1639 1750 1721 1810; x_wconf 89' lang='lat' dir='ltr'>veri-</span> 
     </span>
     <span class='ocr_line' id='line_1_12' title="bbox 455 1853 1720 1936; baseline -0.001 -19"><span class='ocrx_word' id='word_1_86' title='bbox 455 1855 602 1917; x_wconf 89' lang='lat' dir='ltr'>similiter</span> <span class='ocrx_word' id='word_1_87' title='bbox 625 1853 782 1936; x_wconf 89' lang='lat' dir='ltr'>apparuit,</span> <span class='ocrx_word' id='word_1_88' title='bbox 807 1853 936 1934; x_wconf 92' lang='lat' dir='ltr'>insuper</span> <span class='ocrx_word' id='word_1_89' title='bbox 962 1853 993 1914; x_wconf 94' lang='lat' dir='ltr'>id</span> <span class='ocrx_word' id='word_1_90' title='bbox 1024 1853 1209 1915; x_wconf 87' lang='lat' dir='ltr'>testimonio</span> <span class='ocrx_word' id='word_1_91' title='bbox 1241 1873 1338 1935; x_wconf 87' lang='lat' dir='ltr'>quam</span> <span class='ocrx_word' id='word_1_92' title='bbox 1363 1855 1576 1936; x_wconf 91' lang='lat' dir='ltr'>plurimorum</span> <span class='ocrx_word' id='word_1_93' title='bbox 1603 1855 1720 1917; x_wconf 89' lang='lat' dir='ltr'>discre-</span> 
     </span>
     <span class='ocr_line' id='line_1_13' title="bbox 455 1959 1721 2040; baseline 0 -16"><span class='ocrx_word' id='word_1_94' title='bbox 455 1977 562 2025; x_wconf 89' lang='lat' dir='ltr'>torum</span> <span class='ocrx_word' id='word_1_95' title='bbox 595 1960 795 2022; x_wconf 86' lang='lat' dir='ltr'>sacerdotum</span> <span class='ocrx_word' id='word_1_96' title='bbox 829 1973 859 2020; x_wconf 93' lang='lat' dir='ltr'>et</span> <span class='ocrx_word' id='word_1_97' title='bbox 889 1959 1103 2040; x_wconf 90' lang='lat' dir='ltr'>plebanorum</span> <span class='ocrx_word' id='word_1_98' title='bbox 1135 1979 1171 2021; x_wconf 91' lang='lat' dir='ltr'>ac</span> <span class='ocrx_word' id='word_1_99' title='bbox 1202 1961 1361 2022; x_wconf 89' lang='lat' dir='ltr'>nobilium</span> <span class='ocrx_word' id='word_1_100' title='bbox 1394 1961 1535 2023; x_wconf 87' lang='lat' dir='ltr'>virorum</span> <span class='ocrx_word' id='word_1_101' title='bbox 1571 1983 1631 2024; x_wconf 92' lang='lat' dir='ltr'>nec</span> <span class='ocrx_word' id='word_1_102' title='bbox 1657 1982 1721 2024; x_wconf 92' lang='lat' dir='ltr'>non</span> 
     </span>
     <span class='ocr_line' id='line_1_14' title="bbox 457 2064 1723 2149; baseline -0.002 -19"><span class='ocrx_word' id='word_1_103' title='bbox 457 2069 575 2130; x_wconf 89' lang='lat' dir='ltr'>civium</span> <span class='ocrx_word' id='word_1_104' title='bbox 601 2081 632 2128; x_wconf 92' lang='lat' dir='ltr'>et</span> <span class='ocrx_word' id='word_1_105' title='bbox 655 2064 879 2148; x_wconf 75' lang='lat' dir='ltr'>capitularium</span> <span class='ocrx_word' id='word_1_106' title='bbox 904 2064 1068 2146; x_wconf 88' lang='lat' dir='ltr'>fidedigno</span> <span class='ocrx_word' id='word_1_107' title='bbox 1093 2067 1277 2129; x_wconf 86' lang='lat' dir='ltr'>testimonio</span> <span class='ocrx_word' id='word_1_108' title='bbox 1307 2069 1567 2149; x_wconf 87' lang='lat' dir='ltr'>comprobarunt.</span> <span class='ocrx_word' id='word_1_109' title='bbox 1593 2068 1723 2131; x_wconf 80' lang='lat' dir='ltr'>Auditis</span> 
     </span>
     <span class='ocr_line' id='line_1_15' title="bbox 458 2171 1721 2255; baseline 0.001 -20"><span class='ocrx_word' id='word_1_110' title='bbox 458 2174 566 2255; x_wconf 91' lang='lat' dir='ltr'>itaque</span> <span class='ocrx_word' id='word_1_111' title='bbox 599 2172 738 2254; x_wconf 89' lang='lat' dir='ltr'>ipsarum</span> <span class='ocrx_word' id='word_1_112' title='bbox 771 2171 913 2253; x_wconf 89' lang='lat' dir='ltr'>parcium</span> <span class='ocrx_word' id='word_1_113' title='bbox 946 2171 1145 2252; x_wconf 85' lang='lat' dir='ltr'>litigantium</span> <span class='ocrx_word' id='word_1_114' title='bbox 1177 2173 1466 2254; x_wconf 83' lang='lat' dir='ltr'>propositionibus,</span> <span class='ocrx_word' id='word_1_115' title='bbox 1503 2173 1597 2254; x_wconf 80' lang='lat' dir='ltr'>jurati</span> <span class='ocrx_word' id='word_1_116' title='bbox 1630 2175 1721 2236; x_wconf 90' lang='lat' dir='ltr'>nullo</span> 
     </span>
     <span class='ocr_line' id='line_1_16' title="bbox 457 2278 1721 2364; baseline 0 -22"><span class='ocrx_word' id='word_1_117' title='bbox 457 2281 585 2364; x_wconf 89' lang='lat' dir='ltr'>penitus</span> <span class='ocrx_word' id='word_1_118' title='bbox 616 2279 693 2340; x_wconf 91' lang='lat' dir='ltr'>odio</span> <span class='ocrx_word' id='word_1_119' title='bbox 725 2297 782 2339; x_wconf 88' lang='lat' dir='ltr'>nec</span> <span class='ocrx_word' id='word_1_120' title='bbox 814 2297 924 2340; x_wconf 88' lang='lat' dir='ltr'>amore</span> <span class='ocrx_word' id='word_1_121' title='bbox 955 2278 1170 2359; x_wconf 89' lang='lat' dir='ltr'>predictarum</span> <span class='ocrx_word' id='word_1_122' title='bbox 1195 2279 1338 2361; x_wconf 90' lang='lat' dir='ltr'>parcium</span> <span class='ocrx_word' id='word_1_123' title='bbox 1371 2279 1570 2360; x_wconf 80' lang='lat' dir='ltr'>litigantium</span> <span class='ocrx_word' id='word_1_124' title='bbox 1604 2281 1721 2358; x_wconf 87' lang='lat' dir='ltr'>allecti,</span> 
     </span>
     <span class='ocr_line' id='line_1_17' title="bbox 456 2383 1718 2468; baseline -0.003 -18"><span class='ocrx_word' id='word_1_125' title='bbox 456 2387 511 2450; x_wconf 89' lang='lat' dir='ltr'>sed</span> <span class='ocrx_word' id='word_1_126' title='bbox 537 2386 621 2468; x_wconf 87' lang='lat' dir='ltr'>justo</span> <span class='ocrx_word' id='word_1_127' title='bbox 646 2385 722 2467; x_wconf 90' lang='lat' dir='ltr'>juris</span> <span class='ocrx_word' id='word_1_128' title='bbox 745 2385 871 2446; x_wconf 87' lang='lat' dir='ltr'>tramite</span> <span class='ocrx_word' id='word_1_129' title='bbox 894 2385 977 2466; x_wconf 90' lang='lat' dir='ltr'>ipsas</span> <span class='ocrx_word' id='word_1_130' title='bbox 1000 2383 1214 2466; x_wconf 88' lang='lat' dir='ltr'>predictarum</span> <span class='ocrx_word' id='word_1_131' title='bbox 1244 2385 1386 2466; x_wconf 90' lang='lat' dir='ltr'>parcium</span> <span class='ocrx_word' id='word_1_132' title='bbox 1420 2386 1664 2467; x_wconf 89' lang='lat' dir='ltr'>proposiciones</span> <span class='ocrx_word' id='word_1_133' title='bbox 1689 2387 1718 2447; x_wconf 92' lang='lat' dir='ltr'>in</span> 
     </span>
     <span class='ocr_line' id='line_1_18' title="bbox 457 2491 1719 2576; baseline -0.001 -21"><span class='ocrx_word' id='word_1_134' title='bbox 457 2507 573 2555; x_wconf 88' lang='lat' dir='ltr'>statera</span> <span class='ocrx_word' id='word_1_135' title='bbox 598 2492 748 2574; x_wconf 89' lang='lat' dir='ltr'>equitatis</span> <span class='ocrx_word' id='word_1_136' title='bbox 771 2505 941 2573; x_wconf 88' lang='lat' dir='ltr'>pensantes</span> <span class='ocrx_word' id='word_1_137' title='bbox 962 2491 1226 2572; x_wconf 89' lang='lat' dir='ltr'>adjudicaverunt</span> <span class='ocrx_word' id='word_1_138' title='bbox 1243 2512 1281 2554; x_wconf 95' lang='lat' dir='ltr'>eo</span> <span class='ocrx_word' id='word_1_139' title='bbox 1306 2492 1417 2571; x_wconf 92' lang='lat' dir='ltr'>m0d0,</span> <span class='ocrx_word' id='word_1_140' title='bbox 1442 2493 1530 2574; x_wconf 94' lang='lat' dir='ltr'>quod</span> <span class='ocrx_word' id='word_1_141' title='bbox 1556 2495 1719 2576; x_wconf 90' lang='lat' dir='ltr'>predictus</span> 
     </span>
     <span class='ocr_line' id='line_1_19' title="bbox 458 2597 1718 2682; baseline -0.001 -20"><span class='ocrx_word' id='word_1_142' title='bbox 458 2599 619 2682; x_wconf 88' lang='lat' dir='ltr'>Georgius</span> <span class='ocrx_word' id='word_1_143' title='bbox 650 2597 801 2660; x_wconf 89' lang='lat' dir='ltr'>Pohaben</span> <span class='ocrx_word' id='word_1_144' title='bbox 832 2617 971 2660; x_wconf 90' lang='lat' dir='ltr'>unacum</span> <span class='ocrx_word' id='word_1_145' title='bbox 1003 2598 1089 2660; x_wconf 90' lang='lat' dir='ltr'>dicto</span> <span class='ocrx_word' id='word_1_146' title='bbox 1120 2597 1187 2660; x_wconf 88' lang='lat' dir='ltr'>filio</span> <span class='ocrx_word' id='word_1_147' title='bbox 1219 2618 1278 2660; x_wconf 93' lang='lat' dir='ltr'>suo</span> <span class='ocrx_word' id='word_1_148' title='bbox 1311 2599 1434 2681; x_wconf 88' lang='lat' dir='ltr'>Kyrino</span> <span class='ocrx_word' id='word_1_149' title='bbox 1467 2613 1502 2662; x_wconf 88' lang='lat' dir='ltr'>ut</span> <span class='ocrx_word' id='word_1_150' title='bbox 1525 2599 1556 2660; x_wconf 92' lang='lat' dir='ltr'>in</span> <span class='ocrx_word' id='word_1_151' title='bbox 1588 2620 1718 2661; x_wconf 91' lang='lat' dir='ltr'>causam</span> 
     </span>
     <span class='ocr_line' id='line_1_20' title="bbox 456 2705 1718 2786; baseline -0.002 -18"><span class='ocrx_word' id='word_1_152' title='bbox 456 2706 591 2784; x_wconf 85' lang='lat' dir='ltr'>attracti,</span> <span class='ocrx_word' id='word_1_153' title='bbox 616 2705 720 2766; x_wconf 90' lang='lat' dir='ltr'>adhuc</span> <span class='ocrx_word' id='word_1_154' title='bbox 743 2723 837 2786; x_wconf 88' lang='lat' dir='ltr'>supra</span> <span class='ocrx_word' id='word_1_155' title='bbox 856 2705 960 2786; x_wconf 89' lang='lat' dir='ltr'>ipsum</span> <span class='ocrx_word' id='word_1_156' title='bbox 984 2705 1203 2766; x_wconf 91' lang='lat' dir='ltr'>testimonium</span> <span class='ocrx_word' id='word_1_157' title='bbox 1221 2723 1333 2766; x_wconf 90' lang='lat' dir='ltr'>eorum</span> <span class='ocrx_word' id='word_1_158' title='bbox 1358 2725 1396 2766; x_wconf 86' lang='lat' dir='ltr'>ex</span> <span class='ocrx_word' id='word_1_159' title='bbox 1420 2705 1718 2768; x_wconf 88' lang='lat' dir='ltr'>suberbabundanti</span> 
     </span>
     <span class='ocr_line' id='line_1_21' title="bbox 454 2811 1716 2895; baseline 0.002 -23"><span class='ocrx_word' id='word_1_160' title='bbox 454 2812 577 2894; x_wconf 88' lang='lat' dir='ltr'>justicia</span> <span class='ocrx_word' id='word_1_161' title='bbox 602 2811 738 2892; x_wconf 90' lang='lat' dir='ltr'>quilibet</span> <span class='ocrx_word' id='word_1_162' title='bbox 761 2829 872 2872; x_wconf 89' lang='lat' dir='ltr'>eorum</span> <span class='ocrx_word' id='word_1_163' title='bbox 896 2811 996 2872; x_wconf 88' lang='lat' dir='ltr'>tercio</span> <span class='ocrx_word' id='word_1_164' title='bbox 1020 2831 1053 2872; x_wconf 91' lang='lat' dir='ltr'>se</span> <span class='ocrx_word' id='word_1_165' title='bbox 1076 2811 1238 2872; x_wconf 89' lang='lat' dir='ltr'>similibus</span> <span class='ocrx_word' id='word_1_166' title='bbox 1269 2831 1365 2893; x_wconf 88' lang='lat' dir='ltr'>super</span> <span class='ocrx_word' id='word_1_167' title='bbox 1388 2825 1484 2894; x_wconf 89' lang='lat' dir='ltr'>caput</span> <span class='ocrx_word' id='word_1_168' title='bbox 1508 2813 1607 2895; x_wconf 87' lang='lat' dir='ltr'>ipsius</span> <span class='ocrx_word' id='word_1_169' title='bbox 1633 2833 1716 2894; x_wconf 90' lang='lat' dir='ltr'>eque</span> 
     </span>
     <span class='ocr_line' id='line_1_22' title="bbox 454 2915 1718 3001; baseline 0.001 -22"><span class='ocrx_word' id='word_1_170' title='bbox 454 2931 688 2980; x_wconf 87' lang='lat' dir='ltr'>sacramentum</span> <span class='ocrx_word' id='word_1_171' title='bbox 705 2916 778 2978; x_wconf 87' lang='lat' dir='ltr'>fidei</span> <span class='ocrx_word' id='word_1_172' title='bbox 796 2935 852 2978; x_wconf 91' lang='lat' dir='ltr'>seu</span> <span class='ocrx_word' id='word_1_173' title='bbox 870 2915 1085 2996; x_wconf 80' lang='lat' dir='ltr'>iuramentum</span> <span class='ocrx_word' id='word_1_174' title='bbox 1103 2917 1264 2999; x_wconf 89' lang='lat' dir='ltr'>deponere</span> <span class='ocrx_word' id='word_1_175' title='bbox 1282 2917 1422 2980; x_wconf 90' lang='lat' dir='ltr'>debeant</span> <span class='ocrx_word' id='word_1_176' title='bbox 1438 2938 1477 2980; x_wconf 94' lang='lat' dir='ltr'>eo</span> <span class='ocrx_word' id='word_1_177' title='bbox 1500 2918 1612 2999; x_wconf 92' lang='lat' dir='ltr'>mod0,</span> <span class='ocrx_word' id='word_1_178' title='bbox 1630 2919 1718 3001; x_wconf 93' lang='lat' dir='ltr'>quod</span> 
     </span>
     <span class='ocr_line' id='line_1_23' title="bbox 454 3022 1716 3108; baseline 0 -22"><span class='ocrx_word' id='word_1_179' title='bbox 454 3027 521 3108; x_wconf 91' lang='lat' dir='ltr'>ipsa</span> <span class='ocrx_word' id='word_1_180' title='bbox 546 3044 628 3106; x_wconf 90' lang='lat' dir='ltr'>equa</span> <span class='ocrx_word' id='word_1_181' title='bbox 654 3025 685 3084; x_wconf 95' lang='lat' dir='ltr'>in</span> <span class='ocrx_word' id='word_1_182' title='bbox 710 3024 809 3085; x_wconf 89' lang='lat' dir='ltr'>domo</span> <span class='ocrx_word' id='word_1_183' title='bbox 833 3043 890 3084; x_wconf 88' lang='lat' dir='ltr'>sua</span> <span class='ocrx_word' id='word_1_184' title='bbox 914 3039 986 3084; x_wconf 90' lang='lat' dir='ltr'>nata</span> <span class='ocrx_word' id='word_1_185' title='bbox 1011 3037 1043 3084; x_wconf 92' lang='lat' dir='ltr'>et</span> <span class='ocrx_word' id='word_1_186' title='bbox 1073 3023 1209 3086; x_wconf 90' lang='lat' dir='ltr'>enutrita</span> <span class='ocrx_word' id='word_1_187' title='bbox 1234 3022 1357 3102; x_wconf 86' lang='lat' dir='ltr'>fuisset,</span> <span class='ocrx_word' id='word_1_188' title='bbox 1388 3023 1584 3106; x_wconf 88' lang='lat' dir='ltr'>tandemque</span> <span class='ocrx_word' id='word_1_189' title='bbox 1619 3025 1716 3086; x_wconf 93' lang='lat' dir='ltr'>iidem</span> 
     </span>
     <span class='ocr_line' id='line_1_24' title="bbox 456 3129 1717 3212; baseline 0 -19"><span class='ocrx_word' id='word_1_190' title='bbox 456 3131 617 3212; x_wconf 88' lang='lat' dir='ltr'>Georgius</span> <span class='ocrx_word' id='word_1_191' title='bbox 638 3131 789 3192; x_wconf 89' lang='lat' dir='ltr'>Pohaben</span> <span class='ocrx_word' id='word_1_192' title='bbox 815 3149 954 3191; x_wconf 90' lang='lat' dir='ltr'>unacum</span> <span class='ocrx_word' id='word_1_193' title='bbox 978 3129 1046 3191; x_wconf 91' lang='lat' dir='ltr'>filio</span> <span class='ocrx_word' id='word_1_194' title='bbox 1077 3149 1135 3191; x_wconf 91' lang='lat' dir='ltr'>suo</span> <span class='ocrx_word' id='word_1_195' title='bbox 1159 3150 1195 3191; x_wconf 92' lang='lat' dir='ltr'>ac</span> <span class='ocrx_word' id='word_1_196' title='bbox 1218 3149 1293 3192; x_wconf 90' lang='lat' dir='ltr'>cum</span> <span class='ocrx_word' id='word_1_197' title='bbox 1325 3131 1581 3212; x_wconf 89' lang='lat' dir='ltr'>conjuratoribus</span> <span class='ocrx_word' id='word_1_198' title='bbox 1605 3151 1717 3194; x_wconf 90' lang='lat' dir='ltr'>eorum</span> 
     </span>
     <span class='ocr_line' id='line_1_25' title="bbox 454 3235 1718 3320; baseline -0.001 -21"><span class='ocrx_word' id='word_1_199' title='bbox 454 3238 629 3300; x_wconf 91' lang='lat' dir='ltr'>secundum</span> <span class='ocrx_word' id='word_1_200' title='bbox 655 3236 932 3318; x_wconf 85' lang='lat' dir='ltr'>adjudicationem</span> <span class='ocrx_word' id='word_1_201' title='bbox 964 3235 1140 3316; x_wconf 90' lang='lat' dir='ltr'>juratorum</span> <span class='ocrx_word' id='word_1_202' title='bbox 1172 3235 1388 3317; x_wconf 88' lang='lat' dir='ltr'>juramentum</span> <span class='ocrx_word' id='word_1_203' title='bbox 1420 3237 1497 3319; x_wconf 90' lang='lat' dir='ltr'>ipsis</span> <span class='ocrx_word' id='word_1_204' title='bbox 1525 3237 1624 3300; x_wconf 92' lang='lat' dir='ltr'>modo</span> <span class='ocrx_word' id='word_1_205' title='bbox 1649 3257 1718 3320; x_wconf 92' lang='lat' dir='ltr'>pre·</span> 
     </span>
     <span class='ocr_line' id='line_1_26' title="bbox 455 3339 1716 3424; baseline -0.002 -19"><span class='ocrx_word' id='word_1_206' title='bbox 455 3345 554 3405; x_wconf 90' lang='lat' dir='ltr'>misso</span> <span class='ocrx_word' id='word_1_207' title='bbox 586 3342 804 3424; x_wconf 91' lang='lat' dir='ltr'>adjudicatum</span> <span class='ocrx_word' id='word_1_208' title='bbox 839 3342 1058 3423; x_wconf 86' lang='lat' dir='ltr'>deposuerunt</span> <span class='ocrx_word' id='word_1_209' title='bbox 1088 3339 1258 3403; x_wconf 85' lang='lat' dir='ltr'>efficaciter</span> <span class='ocrx_word' id='word_1_210' title='bbox 1289 3355 1324 3404; x_wconf 90' lang='lat' dir='ltr'>ut</span> <span class='ocrx_word' id='word_1_211' title='bbox 1354 3341 1544 3420; x_wconf 88' lang='lat' dir='ltr'>debuerunt,</span> <span class='ocrx_word' id='word_1_212' title='bbox 1576 3343 1716 3424; x_wconf 89' lang='lat' dir='ltr'>ideoque</span> 
     </span>
     <span class='ocr_line' id='line_1_27' title="bbox 457 3445 1715 3531; baseline 0 -21"><span class='ocrx_word' id='word_1_213' title='bbox 457 3451 525 3531; x_wconf 90' lang='lat' dir='ltr'>ipsa</span> <span class='ocrx_word' id='word_1_214' title='bbox 549 3467 631 3530; x_wconf 89' lang='lat' dir='ltr'>equa</span> <span class='ocrx_word' id='word_1_215' title='bbox 656 3448 794 3529; x_wconf 91' lang='lat' dir='ltr'>litigiosa</span> <span class='ocrx_word' id='word_1_216' title='bbox 819 3445 942 3529; x_wconf 88' lang='lat' dir='ltr'>prefato</span> <span class='ocrx_word' id='word_1_217' title='bbox 975 3446 1118 3528; x_wconf 89' lang='lat' dir='ltr'>Georgio</span> <span class='ocrx_word' id='word_1_218' title='bbox 1150 3447 1302 3508; x_wconf 89' lang='lat' dir='ltr'>Pohaben</span> <span class='ocrx_word' id='word_1_219' title='bbox 1327 3461 1358 3508; x_wconf 93' lang='lat' dir='ltr'>et</span> <span class='ocrx_word' id='word_1_220' title='bbox 1389 3447 1474 3509; x_wconf 92' lang='lat' dir='ltr'>dicto</span> <span class='ocrx_word' id='word_1_221' title='bbox 1501 3449 1625 3531; x_wconf 90' lang='lat' dir='ltr'>Kyrino</span> <span class='ocrx_word' id='word_1_222' title='bbox 1649 3447 1715 3510; x_wconf 90' lang='lat' dir='ltr'>lilio</span> 
     </span>
     <span class='ocr_line' id='line_1_28' title="bbox 454 3553 1714 3637; baseline -0.002 -20"><span class='ocrx_word' id='word_1_223' title='bbox 454 3575 512 3617; x_wconf 89' lang='lat' dir='ltr'>suo</span> <span class='ocrx_word' id='word_1_224' title='bbox 537 3569 701 3636; x_wconf 87' lang='lat' dir='ltr'>tamquam</span> <span class='ocrx_word' id='word_1_225' title='bbox 719 3573 829 3614; x_wconf 90' lang='lat' dir='ltr'>eorum</span> <span class='ocrx_word' id='word_1_226' title='bbox 848 3573 921 3614; x_wconf 90' lang='lat' dir='ltr'>vera</span> <span class='ocrx_word' id='word_1_227' title='bbox 944 3568 974 3615; x_wconf 90' lang='lat' dir='ltr'>et</span> <span class='ocrx_word' id='word_1_228' title='bbox 998 3554 1126 3635; x_wconf 90' lang='lat' dir='ltr'>propria</span> <span class='ocrx_word' id='word_1_229' title='bbox 1143 3553 1325 3634; x_wconf 86' lang='lat' dir='ltr'>adjudicata</span> <span class='ocrx_word' id='word_1_230' title='bbox 1349 3567 1380 3616; x_wconf 92' lang='lat' dir='ltr'>et</span> <span class='ocrx_word' id='word_1_231' title='bbox 1396 3553 1539 3616; x_wconf 89' lang='lat' dir='ltr'>restituta</span> <span class='ocrx_word' id='word_1_232' title='bbox 1564 3569 1629 3631; x_wconf 89' lang='lat' dir='ltr'>est;</span> <span class='ocrx_word' id='word_1_233' title='bbox 1648 3555 1714 3637; x_wconf 89' lang='lat' dir='ltr'>ipse</span> 
     </span>
     <span class='ocr_line' id='line_1_29' title="bbox 454 3659 1714 3743; baseline -0.002 -20"><span class='ocrx_word' id='word_1_234' title='bbox 454 3676 561 3723; x_wconf 92' lang='lat' dir='ltr'>autem</span> <span class='ocrx_word' id='word_1_235' title='bbox 587 3660 746 3742; x_wconf 87' lang='lat' dir='ltr'>Georgius</span> <span class='ocrx_word' id='word_1_236' title='bbox 778 3659 907 3740; x_wconf 84' lang='lat' dir='ltr'>jobagio</span> <span class='ocrx_word' id='word_1_237' title='bbox 932 3660 1056 3722; x_wconf 89' lang='lat' dir='ltr'>Nicolai</span> <span class='ocrx_word' id='word_1_238' title='bbox 1090 3673 1187 3738; x_wconf 89' lang='lat' dir='ltr'>actor,</span> <span class='ocrx_word' id='word_1_239' title='bbox 1218 3659 1338 3721; x_wconf 89' lang='lat' dir='ltr'>eisdem</span> <span class='ocrx_word' id='word_1_240' title='bbox 1364 3659 1508 3741; x_wconf 88' lang='lat' dir='ltr'>Georgio</span> <span class='ocrx_word' id='word_1_241' title='bbox 1532 3674 1564 3722; x_wconf 94' lang='lat' dir='ltr'>et</span> <span class='ocrx_word' id='word_1_242' title='bbox 1589 3661 1714 3743; x_wconf 89' lang='lat' dir='ltr'>Kyrino</span> 
     </span>
     <span class='ocr_line' id='line_1_30' title="bbox 454 3767 1583 3849; baseline -0.002 -19"><span class='ocrx_word' id='word_1_243' title='bbox 454 3769 484 3830; x_wconf 87' lang='lat' dir='ltr'>in</span> <span class='ocrx_word' id='word_1_244' title='bbox 511 3788 638 3830; x_wconf 89' lang='lat' dir='ltr'>causam</span> <span class='ocrx_word' id='word_1_245' title='bbox 663 3767 801 3828; x_wconf 88' lang='lat' dir='ltr'>attractis</span> <span class='ocrx_word' id='word_1_246' title='bbox 826 3767 976 3828; x_wconf 91' lang='lat' dir='ltr'>remansit</span> <span class='ocrx_word' id='word_1_247' title='bbox 1000 3768 1031 3827; x_wconf 92' lang='lat' dir='ltr'>in</span> <span class='ocrx_word' id='word_1_248' title='bbox 1056 3767 1195 3847; x_wconf 90' lang='lat' dir='ltr'>birsagio</span> <span class='ocrx_word' id='word_1_249' title='bbox 1227 3767 1344 3827; x_wconf 89' lang='lat' dir='ltr'>valoris</span> <span class='ocrx_word' id='word_1_250' title='bbox 1369 3767 1467 3849; x_wconf 90' lang='lat' dir='ltr'>ipsius</span> <span class='ocrx_word' id='word_1_251' title='bbox 1491 3786 1583 3848; x_wconf 87' lang='lat' dir='ltr'>eque.</span> 
     </span>
    </p>
   </div>
   <div class='ocr_carea' id='block_1_2' title="bbox 451 3890 1714 4398">
    <p class='ocr_par' dir='ltr' id='par_1_3' title="bbox 451 3890 1714 4398">
     <span class='ocr_line' id='line_1_31' title="bbox 557 3890 1712 3972; baseline -0.001 -20"><span class='ocrx_word' id='word_1_252' title='bbox 557 3892 634 3953; x_wconf 91' lang='lat' dir='ltr'>ltem</span> <span class='ocrx_word' id='word_1_253' title='bbox 660 3892 735 3972; x_wconf 89' lang='lat' dir='ltr'>quia</span> <span class='ocrx_word' id='word_1_254' title='bbox 759 3891 919 3952; x_wconf 88' lang='lat' dir='ltr'>lohannes</span> <span class='ocrx_word' id='word_1_255' title='bbox 943 3892 1067 3952; x_wconf 91' lang='lat' dir='ltr'>institor</span> <span class='ocrx_word' id='word_1_256' title='bbox 1102 3890 1186 3952; x_wconf 88' lang='lat' dir='ltr'>filius</span> <span class='ocrx_word' id='word_1_257' title='bbox 1210 3891 1353 3952; x_wconf 89' lang='lat' dir='ltr'>Conradi</span> <span class='ocrx_word' id='word_1_258' title='bbox 1383 3905 1490 3953; x_wconf 90' lang='lat' dir='ltr'>noster</span> <span class='ocrx_word' id='word_1_259' title='bbox 1514 3893 1657 3954; x_wconf 91' lang='lat' dir='ltr'>concivis</span> <span class='ocrx_word' id='word_1_260' title='bbox 1682 3893 1712 3952; x_wconf 96' lang='lat' dir='ltr'>in</span> 
     </span>
     <span class='ocr_line' id='line_1_32' title="bbox 452 3995 1714 4077; baseline -0.002 -19"><span class='ocrx_word' id='word_1_261' title='bbox 452 3997 535 4059; x_wconf 87' lang='lat' dir='ltr'>facto</span> <span class='ocrx_word' id='word_1_262' title='bbox 561 3998 726 4058; x_wconf 89' lang='lat' dir='ltr'>cuiusdam</span> <span class='ocrx_word' id='word_1_263' title='bbox 744 4017 826 4077; x_wconf 87' lang='lat' dir='ltr'>eque</span> <span class='ocrx_word' id='word_1_264' title='bbox 844 4011 952 4058; x_wconf 89' lang='lat' dir='ltr'>contra</span> <span class='ocrx_word' id='word_1_265' title='bbox 972 3997 1156 4058; x_wconf 90' lang='lat' dir='ltr'>Ladislaum</span> <span class='ocrx_word' id='word_1_266' title='bbox 1180 3997 1361 4059; x_wconf 90' lang='lat' dir='ltr'>Crouacum</span> <span class='ocrx_word' id='word_1_267' title='bbox 1380 3995 1572 4059; x_wconf 83' lang='lat' dir='ltr'>familiarem</span> <span class='ocrx_word' id='word_1_268' title='bbox 1597 3997 1714 4060; x_wconf 91' lang='lat' dir='ltr'>nobilis</span> 
     </span>
     <span class='ocr_line' id='line_1_33' title="bbox 451 4103 1712 4184; baseline -0.001 -20"><span class='ocrx_word' id='word_1_269' title='bbox 451 4105 509 4165; x_wconf 91' lang='lat' dir='ltr'>viri</span> <span class='ocrx_word' id='word_1_270' title='bbox 536 4104 674 4166; x_wconf 86' lang='lat' dir='ltr'>Ladislai</span> <span class='ocrx_word' id='word_1_271' title='bbox 699 4104 756 4165; x_wconf 90' lang='lat' dir='ltr'>filii</span> <span class='ocrx_word' id='word_1_272' title='bbox 790 4103 914 4164; x_wconf 91' lang='lat' dir='ltr'>Nicolai</span> <span class='ocrx_word' id='word_1_273' title='bbox 948 4103 1057 4164; x_wconf 91' lang='lat' dir='ltr'>Thoth</span> <span class='ocrx_word' id='word_1_274' title='bbox 1094 4105 1133 4166; x_wconf 89' lang='lat' dir='ltr'>de</span> <span class='ocrx_word' id='word_1_275' title='bbox 1165 4103 1375 4164; x_wconf 87' lang='lat' dir='ltr'>Zumzedwar</span> <span class='ocrx_word' id='word_1_276' title='bbox 1407 4103 1622 4184; x_wconf 82' lang='lat' dir='ltr'>juramentum</span> <span class='ocrx_word' id='word_1_277' title='bbox 1655 4103 1712 4164; x_wconf 90' lang='lat' dir='ltr'>sibi</span> 
     </span>
     <span class='ocr_line' id='line_1_34' title="bbox 454 4209 1712 4294; baseline -0.002 -22"><span class='ocrx_word' id='word_1_278' title='bbox 454 4211 513 4272; x_wconf 92' lang='lat' dir='ltr'>soli</span> <span class='ocrx_word' id='word_1_279' title='bbox 539 4231 634 4294; x_wconf 90' lang='lat' dir='ltr'>super</span> <span class='ocrx_word' id='word_1_280' title='bbox 658 4230 744 4271; x_wconf 86' lang='lat' dir='ltr'>aram</span> <span class='ocrx_word' id='word_1_281' title='bbox 771 4209 988 4290; x_wconf 89' lang='lat' dir='ltr'>adjudicatum</span> <span class='ocrx_word' id='word_1_282' title='bbox 1023 4211 1171 4292; x_wconf 92' lang='lat' dir='ltr'>deposuit</span> <span class='ocrx_word' id='word_1_283' title='bbox 1204 4224 1238 4270; x_wconf 92' lang='lat' dir='ltr'>ut</span> <span class='ocrx_word' id='word_1_284' title='bbox 1262 4209 1383 4288; x_wconf 89' lang='lat' dir='ltr'>debuit,</span> <span class='ocrx_word' id='word_1_285' title='bbox 1408 4210 1482 4272; x_wconf 93' lang='lat' dir='ltr'>ideo</span> <span class='ocrx_word' id='word_1_286' title='bbox 1515 4211 1619 4292; x_wconf 89' lang='lat' dir='ltr'>ipsum</span> <span class='ocrx_word' id='word_1_287' title='bbox 1646 4209 1712 4271; x_wconf 91' lang='lat' dir='ltr'>red·</span> 
     </span>
     <span class='ocr_line' id='line_1_35' title="bbox 451 4316 1036 4398; baseline -0.002 -20"><span class='ocrx_word' id='word_1_288' title='bbox 451 4317 592 4380; x_wconf 89' lang='lat' dir='ltr'>didimus</span> <span class='ocrx_word' id='word_1_289' title='bbox 617 4317 761 4398; x_wconf 88' lang='lat' dir='ltr'>quietum</span> <span class='ocrx_word' id='word_1_290' title='bbox 786 4330 816 4376; x_wconf 89' lang='lat' dir='ltr'>et</span> <span class='ocrx_word' id='word_1_291' title='bbox 841 4316 1036 4396; x_wconf 88' lang='lat' dir='ltr'>expeditum.</span> 
     </span>
    </p>
   </div>
   <div class='ocr_carea' id='block_1_3' title="bbox 512 4553 1653 4750">
    <p class='ocr_par' dir='ltr' id='par_1_4' title="bbox 512 4553 1653 4750">
     <span class='ocr_line' id='line_1_36' title="bbox 512 4553 1653 4644; baseline 0.002 -18"><span class='ocrx_word' id='word_1_292' title='bbox 512 4553 609 4626; x_wconf 79' lang='lat' dir='ltr'>Faria</span> <span class='ocrx_word' id='word_1_293' title='bbox 638 4561 735 4626; x_wconf 84' lang='lat' dir='ltr'>sexta</span> <span class='ocrx_word' id='word_1_294' title='bbox 764 4556 918 4644; x_wconf 86' lang='lat' dir='ltr'>proxima</span> <span class='ocrx_word' id='word_1_295' title='bbox 946 4559 1024 4644; x_wconf 88' lang='lat' dir='ltr'>post</span> <span class='ocrx_word' id='word_1_296' title='bbox 1052 4555 1175 4626; x_wconf 79' lang='lat' dir='ltr'>festum</span> <span class='ocrx_word' id='word_1_297' title='bbox 1201 4555 1292 4626; x_wconf 82' lang='lat' dir='ltr'>beati</span> <span class='ocrx_word' id='word_1_298' title='bbox 1321 4553 1428 4644; x_wconf 84' lang='lat' dir='ltr'>Egidll</span> <span class='ocrx_word' id='word_1_299' title='bbox 1459 4555 1593 4627; x_wconf 86' lang='lat' dir='ltr'>abbatis</span> <span class='ocrx_word' id='word_1_300' title='bbox 1620 4563 1653 4628; x_wconf 86' lang='lat' dir='ltr'>et</span> 
     </span>
     <span class='ocr_line' id='line_1_37' title="bbox 976 4679 1188 4750; baseline -0.009 -1"><span class='ocrx_word' id='word_1_301' title='bbox 976 4679 1188 4750; x_wconf 85' lang='lat' dir='ltr'>confessoris.</span> 
     </span>
    </p>
   </div>
   <div class='ocr_carea' id='block_1_4' title="bbox 450 4829 1710 5127">
    <p class='ocr_par' dir='ltr' id='par_1_5' title="bbox 450 4829 1710 5127">
     <span class='ocr_line' id='line_1_38' title="bbox 556 4829 1710 4912; baseline -0.003 -21"><span class='ocrx_word' id='word_1_302' title='bbox 556 4831 632 4892; x_wconf 90' lang='lat' dir='ltr'>ltem</span> <span class='ocrx_word' id='word_1_303' title='bbox 667 4831 783 4891; x_wconf 88' lang='lat' dir='ltr'>Paulus</span> <span class='ocrx_word' id='word_1_304' title='bbox 815 4829 899 4890; x_wconf 86' lang='lat' dir='ltr'>tilius</span> <span class='ocrx_word' id='word_1_305' title='bbox 930 4829 1062 4910; x_wconf 88' lang='lat' dir='ltr'>Georgii</span> <span class='ocrx_word' id='word_1_306' title='bbox 1095 4831 1301 4912; x_wconf 88' lang='lat' dir='ltr'>Zydouclrith</span> <span class='ocrx_word' id='word_1_307' title='bbox 1327 4831 1429 4892; x_wconf 90' lang='lat' dir='ltr'>dictus</span> <span class='ocrx_word' id='word_1_308' title='bbox 1460 4845 1492 4891; x_wconf 92' lang='lat' dir='ltr'>et</span> <span class='ocrx_word' id='word_1_309' title='bbox 1516 4831 1710 4892; x_wconf 89' lang='lat' dir='ltr'>Benedictus</span> 
     </span>
     <span class='ocr_line' id='line_1_39' title="bbox 450 4936 1703 5000; baseline -0.002 -2"><span class='ocrx_word' id='word_1_310' title='bbox 450 4937 533 4998; x_wconf 91' lang='lat' dir='ltr'>filius</span> <span class='ocrx_word' id='word_1_311' title='bbox 559 4936 686 4997; x_wconf 88' lang='lat' dir='ltr'>Martini</span> <span class='ocrx_word' id='word_1_312' title='bbox 711 4937 789 4996; x_wconf 89' lang='lat' dir='ltr'>alias</span> <span class='ocrx_word' id='word_1_313' title='bbox 813 4937 924 4996; x_wconf 90' lang='lat' dir='ltr'>Wdile</span> <span class='ocrx_word' id='word_1_314' title='bbox 950 4936 1053 4996; x_wconf 85' lang='lat' dir='ltr'>dictus</span> <span class='ocrx_word' id='word_1_315' title='bbox 1078 4951 1185 4997; x_wconf 88' lang='lat' dir='ltr'>contra</span> <span class='ocrx_word' id='word_1_316' title='bbox 1216 4937 1394 4998; x_wconf 91' lang='lat' dir='ltr'>Fabianum</span> <span class='ocrx_word' id='word_1_317' title='bbox 1420 4937 1580 5000; x_wconf 90' lang='lat' dir='ltr'>literatum</span> <span class='ocrx_word' id='word_1_318' title='bbox 1606 4937 1703 5000; x_wconf 88' lang='lat' dir='ltr'>lilium</span> 
     </span>
     <span class='ocr_line' id='line_1_40' title="bbox 451 5042 1253 5127; baseline 0.006 -23"><span class='ocrx_word' id='word_1_319' title='bbox 451 5043 605 5104; x_wconf 89' lang='lat' dir='ltr'>lobannis</span> <span class='ocrx_word' id='word_1_320' title='bbox 629 5042 770 5106; x_wconf 89' lang='lat' dir='ltr'>secundo</span> <span class='ocrx_word' id='word_1_321' title='bbox 795 5043 879 5106; x_wconf 86' lang='lat' dir='ltr'>citati</span> <span class='ocrx_word' id='word_1_322' title='bbox 905 5063 969 5105; x_wconf 91' lang='lat' dir='ltr'>non</span> <span class='ocrx_word' id='word_1_323' title='bbox 996 5057 1253 5127; x_wconf 85' lang='lat' dir='ltr'>comparuerunt.</span> 
     </span>
    </p>
   </div>
   <div class='ocr_carea' id='block_1_5' title="bbox 0 0 1902 5812">
    <p class='ocr_par' dir='ltr' id='par_1_6' title="bbox 0 0 1902 5812">
     <span class='ocr_line' id='line_1_41' title="bbox 0 0 1902 5812; baseline 0 5"><span class='ocrx_word' id='word_1_324' title='bbox 0 0 1902 5812; x_wconf 95' lang='lat' dir='ltr'> </span> 
     </span>
    </p>
   </div>
  </div>
 </body>
</html>
