3678 5800
435 507 494 589 196
795 509 995 586 Anno1433.
1021 541 1061 552 -
1086 523 1133 586 13.
1158 509 1329 571 novembris.

430 719 593 801 premissis
616 719 684 801 jure
708 733 865 803 perpetuo
889 733 920 782 et
944 719 1195 782 irrevocabiliter
1218 720 1430 802 possidendas
1454 735 1486 783 et
1509 721 1692 804 quomodo·

431 844 570 907 cumque
595 826 758 890 voluerint
781 825 998 910 disponendas
1013 825 1100 908 juxta
1120 826 1347 888 condicionem
1364 827 1501 890 civitatis
1527 839 1691 908 prenotate

430 933 470 992 ab
495 931 630 1014 antiquo
653 934 874 1016 approbatam,
898 932 1158 996 contradiccione
1190 933 1411 1015 quorumlibet
1442 953 1508 995 non
1533 936 1691 996 obstante.

462 1149 558 1224 laria
586 1159 686 1226 sexta
714 1155 869 1244 proxima
897 1161 973 1244 post
1001 1153 1126 1228 festam
1153 1156 1263 1226 sancti
1293 1154 1431 1226 llnrtini
1458 1156 1608 1244 episcopi
1636 1161 1668 1224 et

953 1278 1167 1352 confessoris.

919 1432 984 1513 (13.
1014 1433 1198 1510 novembrii).

536 1574 616 1638 ltem
640 1575 716 1658 quia
741 1573 929 1638 Leonardus
951 1573 1037 1637 lilius
1061 1573 1223 1637 Dominici
1255 1573 1296 1636 de
1320 1573 1544 1654 Attbawantis,
1567 1573 1692 1658 pridem

429 1679 562 1764 juratus,
586 1681 728 1744 concivis
752 1693 869 1762 noster,
895 1680 927 1742 id
959 1700 1033 1744 curn
1060 1679 1231 1744 sufficienti
1259 1692 1291 1743 et
1321 1679 1487 1763 fidedigno
1511 1693 1692 1744 nostrorum

430 1789 613 1852 concivium
632 1788 819 1852 testimonio
843 1788 875 1850 in
892 1787 967 1850 sede
983 1801 1091 1850 nostra
1108 1787 1274 1868 judiciaria
1295 1787 1378 1852 clare
1396 1801 1427 1850 et
1449 1787 1569 1849 seriose
1586 1806 1692 1849 coram

430 1896 525 1958 nobis
549 1895 781 1978 comprobavit,
804 1907 841 1958 ut
864 1894 942 1956 dum
967 1894 1015 1956 vir
1043 1893 1181 1958 condam
1213 1893 1368 1977 providus
1392 1907 1422 1956 et
1446 1893 1693 1976 circumspectus

432 2003 585 2085 magister
607 2001 808 2064 Walframus
832 1999 983 2084 phisicus,
1016 2001 1104 2084 olym
1137 1999 1258 2082 juratus
1293 2013 1323 2062 et
1355 1999 1496 2062 concivis
1518 2012 1638 2078 noster,
1661 1999 1691 2060 in

430 2109 579 2172 extremis
611 2108 675 2170 vite
704 2127 761 2170 sue
791 2107 979 2190 temporalis
1010 2107 1203 2186 laborasset,
1234 2119 1311 2170 tunc
1342 2107 1409 2189 ipse
1434 2106 1600 2168 universas
1623 2125 1691 2168 suas

429 2215 648 2297 possessiones
672 2227 703 2276 et
727 2215 839 2296 quevis
862 2215 948 2276 bona
979 2233 1036 2276 sua
1061 2214 1166 2297 ipsum
1196 2212 1331 2296 juridice
1355 2226 1387 2276 et
1418 2212 1594 2276 literatorie
1619 2231 1690 2275 con·

434 2335 600 2384 cernentes
630 2334 662 2383 et
698 2320 878 2403 tangencia,
908 2319 1054 2404 predicto
1085 2319 1257 2382 Leonardo
1287 2319 1390 2402 jurato
1421 2333 1576 2401 tanquam
1608 2338 1690 2382 com·

430 2427 577 2490 missario
601 2439 632 2490 et
668 2427 829 2490 executori
858 2446 917 2488 suo
949 2425 1108 2508 legittimo
1139 2445 1198 2510 per
1222 2425 1361 2489 eundem
1391 2427 1579 2508 magistrum
1603 2424 1688 2487 Wal-

429 2537 567 2597 sramum
593 2546 670 2595 tunc
694 2554 731 2597 ex
766 2545 873 2596 acerto
904 2532 1089 2613 constituto,
1120 2531 1281 2594 vendendi
1314 2531 1408 2596 etde
1439 2531 1561 2595 eisdem
1587 2531 1687 2593 debita

428 2659 485 2702 sua
511 2639 716 2723 persolvendi
742 2651 773 2702 et
805 2638 969 2704 residuum
1001 2658 1060 2722 pro
1091 2639 1199 2702 anima
1223 2639 1322 2723 ipsius
1352 2639 1496 2722 magistri
1520 2637 1686 2701 Walframi

430 2747 635 2830 expendendi
659 2747 787 2830 plenam
802 2747 939 2810 contulit
958 2759 989 2810 et
1013 2747 1156 2810 attribuit
1172 2745 1368 2826 facultatem,
1385 2746 1525 2829 ideoque
1548 2765 1609 2808 nos
1623 2763 1685 2828 pre·

431 2852 532 2916 dictas
556 2853 720 2916 universas
743 2852 961 2936 possessiones
989 2865 1020 2914 et
1050 2852 1163 2934 quevis
1193 2855 1279 2916 bona
1304 2853 1403 2936 ipsius
1434 2851 1577 2934 magistri
1601 2848 1684 2912 Wal-

429 2959 523 3022 frami
550 2961 581 3023 in
607 2961 691 3024 dicta
716 2959 842 3022 civitate
863 2972 895 3022 et
919 2959 989 3022 eius
1020 2960 1181 3023 territorio
1204 2959 1330 3023 habitas
1360 2972 1392 3021 et
1415 2957 1599 3037 existentia,
1622 2975 1684 3038 pre-

429 3066 516 3129 dicto
542 3066 713 3129 Leonardo
736 3065 840 3148 jurato
855 3078 1021 3147 tamquam
1046 3085 1123 3128 vero
1148 3079 1179 3130 et
1194 3066 1354 3148 legittimo
1373 3065 1534 3128 executori
1559 3077 1590 3128 et
1606 3081 1683 3125 com·

428 3173 574 3235 missario
598 3171 712 3256 prefati
736 3172 879 3254 magistri
903 3170 1075 3234 Walframi
1103 3172 1234 3255 plenam
1265 3172 1427 3235 vendendi
1452 3185 1484 3234 et
1507 3171 1548 3233 de
1571 3170 1681 3232 eisdem

428 3279 528 3342 modo
563 3279 720 3362 premisso
755 3278 948 3362 disponendi
983 3279 1153 3341 statuimus
1188 3293 1219 3341 et
1253 3279 1457 3342 attribuimus
1496 3276 1681 3354 facultatem,

431 3384 692 3448 contradiccione
716 3385 937 3468 quorumlibet
960 3405 1025 3448 non
1049 3386 1206 3448 obstante.

453 3537 458 3542 -
534 3492 613 3555 ltem
631 3492 743 3554 Petrus
762 3491 889 3575 pridem
905 3490 1027 3572 juratus
1038 3489 1124 3553 filius
1136 3491 1221 3553 Petri
1238 3489 1362 3574 Saphar
1374 3505 1485 3554 contra
1500 3490 1678 3554 Michaelem

428 3597 506 3660 alias
528 3595 668 3680 judicem
701 3599 732 3660 in
766 3596 1005 3682 Bozyaltowina
1036 3596 1140 3660 lilium
1164 3597 1304 3678 Andrce,
1334 3597 1441 3681 primo
1477 3599 1589 3662 citatus
1620 3616 1677 3660 non

427 3703 617 3788 comparuit.

533 3809 612 3873 ltem
636 3810 734 3894 Elyas
758 3810 883 3875 institor
907 3823 1016 3874 contra
1038 3811 1168 3874 Petrum
1191 3809 1232 3872 de
1248 3809 1429 3874 Rakkonolt
1452 3810 1559 3896 primo
1576 3810 1676 3873 citatus

427 3935 494 3979 non
527 3917 717 4002 comparuit.

532 4021 609 4086 ltem
635 4023 709 4105 quia
741 4024 842 4106 probe
876 4037 907 4086 et
938 4022 1071 4087 honeste
1102 4023 1254 4087 mulieres
1283 4024 1415 4088 domina
1447 4025 1549 4088 Elena
1578 4023 1674 4086 relicta

428 4128 566 4190 condam
592 4127 716 4212 Gaspar
740 4129 868 4210 literati,
903 4129 992 4215 olym
1025 4130 1118 4214 jurati
1143 4143 1175 4194 et
1204 4131 1407 4194 concivisse
1438 4131 1554 4195 notarii
1577 4127 1672 4206 nostri,

427 4232 485 4295 filii
517 4233 636 4297 Cosme
667 4233 831 4315 aurifabri,
862 4257 948 4299 nunc
979 4249 1087 4300 autem
1120 4255 1251 4300 consors
1281 4237 1440 4320 legittima
1469 4239 1530 4302 viri
1563 4233 1672 4322 providi

427 4339 557 4424 Mathye
589 4341 718 4403 sartoris
749 4341 874 4425 pridem
906 4342 1000 4426 jurati
1032 4355 1063 4405 et
1094 4343 1236 4406 concivis
1259 4343 1371 4424 nostri,
1401 4343 1460 4407 filii
1485 4344 1617 4428 Mathye,
1643 4353 1672 4401 et

427 4443 558 4508 domina
583 4446 759 4509 Katherina
783 4448 875 4510 aliter
906 4448 1061 4511 Kathicza
1093 4463 1206 4512 vocata
1234 4447 1300 4511 filia
1331 4448 1445 4532 prefati
1472 4449 1592 4534 Gaspar
1609 4447 1672 4509 lite·

426 4551 497 4631 rati,
520 4571 606 4616 nunc
630 4572 761 4616 consors
784 4553 941 4636 legittima
966 4555 1053 4618 Luce
1078 4554 1193 4617 Croaci
1221 4554 1410 4618 habitatoris
1433 4556 1517 4620 dicte
1540 4551 1670 4630 civitatis,

426 4669 458 4720 st
481 4656 615 4722 honesta
631 4660 739 4742 puella
764 4661 903 4724 Barbara
921 4675 1043 4741 vocata,
1065 4660 1130 4724 filia
1153 4661 1297 4724 eiusdem
1315 4659 1440 4745 Gaspar
1456 4663 1579 4741 literati,
1593 4677 1668 4721 nunc

424 4783 558 4827 consors
580 4767 728 4829 similiter
751 4767 908 4850 legittima
933 4767 1066 4852 Georgii
1091 4769 1238 4830 similiter
1262 4767 1379 4830 Croaci
1403 4768 1463 4832 filii
1488 4769 1579 4833 Blasii
1600 4762 1667 4826 dicti

425 4870 516 4951 Wllr,
540 4873 687 4936 concives
719 4888 844 4956 nostre,
876 4875 908 4938 id
940 4895 1012 4938 cum
1045 4873 1214 4938 sufficienti
1247 4887 1278 4937 et
1307 4875 1473 4959 fidedigno
1504 4887 1665 4940 nostrorum

425 4978 608 5042 concivium
634 4979 820 5043 testimonio
837 4981 870 5044 in
886 4981 962 5044 sede
978 4995 1087 5045 nostra
1102 4981 1271 5065 judiciaria
1288 4981 1373 5044 clare
1389 4995 1421 5046 et
1443 4983 1560 5047 seriose
1573 4993 1666 5042 coram

1812 3321 1814 3364 t

1812 3375 1814 3456 l
