3876 5798
377 517 442 596 358
761 518 845 575 Anno
869 531 960 595 1442.
986 552 1026 562 -
1051 515 1103 578 26.
1120 520 1271 594 januan'i.

375 731 537 792 territorio
563 730 763 812 deprehensa
788 728 893 808 fuerit,
917 749 993 791 mox
1024 729 1111 812 juxta
1135 749 1191 791 sua
1224 729 1379 792 demerita
1403 748 1519 812 penam
1545 749 1645 811 quam

377 837 572 899 demeruerit
596 849 820 918 consequetur.

482 942 560 1004 Item
584 943 660 1024 quia
684 941 819 1024 provida
852 940 969 1004 mulier
992 940 1194 1022 Margaretha
1218 954 1344 1021 vocata,
1376 941 1483 1002 nutrix
1505 940 1644 1003 condam

375 1048 539 1111 Valentini
562 1049 669 1132 jurati,
694 1049 726 1110 id
758 1068 831 1111 cum
863 1047 1033 1110 sufficienti
1064 1061 1095 1110 et
1125 1047 1290 1130 fidedigno
1324 1061 1505 1110 nostrorum
1536 1047 1645 1109 conci-

375 1157 464 1218 vium
489 1169 520 1218 et
544 1155 800 1218 cohabitatorum
831 1155 1018 1217 testimonio
1050 1155 1082 1216 in
1113 1155 1189 1217 sede
1221 1168 1328 1217 nostra
1360 1154 1527 1236 judiciaria
1559 1154 1645 1216 clare

375 1263 598 1344 comprobavit
630 1281 739 1324 coram
771 1262 875 1340 nobis,
907 1275 943 1324 ut
974 1261 1052 1322 dum
1084 1261 1263 1344 Elyzabeth
1294 1261 1387 1323 aliter
1412 1261 1495 1323 Jalse
1520 1273 1644 1338 vocata,

375 1389 455 1430 uror
479 1368 617 1431 condam
641 1368 791 1449 Gregorii
815 1368 945 1430 sartoris
969 1369 1000 1429 in
1019 1368 1168 1430 extremis
1188 1369 1253 1430 vite
1277 1388 1333 1430 sue
1349 1369 1535 1450 temporalis
1552 1367 1643 1430 labo-

375 1487 485 1554 rasset,
503 1487 579 1537 tunc
604 1475 671 1556 ipsa
689 1473 894 1536 medietatem
919 1474 1087 1536 cuiusdam
1104 1474 1230 1553 domus,
1255 1473 1346 1535 fundi
1364 1488 1395 1536 et
1418 1473 1643 1536 hedificiorum

375 1581 408 1642 in
432 1581 517 1642 dictu
541 1581 668 1642 civitute
692 1581 774 1643 inter
799 1579 917 1642 fundos
940 1592 971 1641 et
995 1581 1110 1642 domos
1134 1581 1310 1642 liberorum
1335 1580 1465 1642 Thome
1490 1579 1642 1642 Oczwirk

375 1701 406 1749 et
429 1687 489 1748 viri
514 1686 641 1769 providi
667 1686 765 1748 Marci
790 1685 943 1748 Zwechar
966 1699 1151 1748 nostrorum
1182 1687 1365 1749 concivium
1388 1686 1496 1748 habite
1520 1699 1550 1748 et
1574 1687 1642 1747 exi-

375 1794 497 1872 stentis,
531 1793 719 1876 porcionem
748 1793 897 1854 videlicet
927 1813 1018 1856 suam
1051 1794 1153 1876 ipsam
1177 1793 1356 1876 Elyzabeth
1385 1792 1553 1854 mulierem
1579 1793 1639 1854 rite

374 1913 631 1975 concernentem,
656 1919 754 1961 unam
778 1900 899 1961 scilicet
922 1914 1070 1982 quartam
1102 1901 1189 1962 curie
1214 1900 1247 1960 in
1271 1919 1304 1961 se
1335 1899 1538 1976 retinentem,
1562 1918 1637 1960 curn

374 2007 440 2067 suis
463 2005 669 2087 pertinenciis
685 2005 745 2066 eibi
767 2006 905 2067 vendere
927 2017 959 2067 et
977 2006 1086 2068 debita
1106 2006 1132 2066 si
1156 2025 1219 2087 qua
1247 2004 1376 2083 suerint,
1401 2005 1583 2088 persolvere
1602 2025 1641 2066 ac

374 2112 537 2174 residuum
562 2131 620 2193 pro
644 2112 753 2174 anima
777 2113 876 2194 ipsius
893 2111 1071 2194 Elyzabeth
1096 2111 1276 2194 expendere
1301 2111 1481 2192 legavisset,
1499 2109 1642 2192 ideoque

374 2238 433 2280 nos
456 2217 631 2300 predictam
648 2218 854 2280 medietatem
879 2219 979 2300 ipsius
1003 2217 1130 2298 domus,
1148 2218 1239 2280 fundi
1265 2231 1296 2280 et
1312 2216 1549 2297 hedificiorum‚
1566 2237 1643 2300 por-

374 2325 501 2386 cionem
522 2324 643 2386 scilicet
667 2325 766 2406 ipsius
794 2324 973 2408 Elyzabeth
1006 2325 1162 2405 mulieris,
1187 2344 1285 2387 unam
1316 2325 1467 2387 videlieet
1492 2338 1643 2406 quartam

374 2430 461 2492 curie
485 2431 516 2491 in
541 2449 574 2491 ne
601 2431 802 2509 retinentem,
833 2430 974 2513 predicte
1006 2431 1206 2512 Margarethe
1238 2431 1366 2492 mulieri
1398 2430 1528 2513 plenam
1559 2451 1640 2492 ven-

374 2535 473 2598 dendi
498 2549 529 2597 et
551 2536 650 2598 modo
675 2536 829 2619 premisso
854 2536 1046 2619 disponendi
1071 2537 1275 2598 attribuimus
1299 2535 1495 2599 facultatem.
