3734 5796
440 543 503 606 254
847 527 933 582 Anno
953 519 1045 602 1436.
1069 557 1112 566 —-
1135 537 1187 584 20.
1203 524 1288 599 julii.

438 757 577 819 cumque
595 738 755 800 voluerint
771 737 1007 820 disponendam
1028 737 1114 819 juxta
1131 735 1355 798 condicionem
1380 735 1514 796 civitatis
1529 747 1685 816 prenotate

438 845 477 905 ab
502 845 635 926 antiquo
661 845 882 926 approbatam.

543 951 622 1012 Item
652 951 727 1032 quia
760 949 880 1011 Mathei
912 947 1050 1011 carnifex
1090 948 1174 1010 lilius
1203 949 1332 1031 Mathye
1367 947 1524 1010 Buhweth
1557 949 1630 1010 dicti
1659 949 1685 1009 in

439 1056 611 1120 manifesto
635 1055 797 1118 furticinio
822 1071 988 1140 reppertus
1006 1069 1052 1118 est
1076 1076 1113 1118 ex
1138 1070 1255 1132 acerto,
1279 1055 1334 1137 qui
1359 1056 1434 1117 licet
1458 1055 1544 1136 juxta
1567 1076 1621 1117 sua
1637 1055 1685 1118 de·

438 1165 551 1226 merita
576 1183 692 1246 penam
718 1164 852 1245 patibuli
878 1164 942 1246 pati
960 1164 1131 1241 debuisset,
1155 1176 1263 1224 tamen
1280 1177 1315 1224 ut
1339 1163 1405 1243 ipse
1430 1162 1561 1245 Mathey
1579 1161 1686 1244 prefata

439 1291 495 1332 sua
520 1269 602 1332 facta
627 1270 710 1332 mala
735 1269 851 1332 defleat
874 1284 906 1331 et
930 1269 970 1332 de
995 1283 1101 1332 cetero
1118 1269 1235 1331 similia
1259 1269 1310 1330 vel
1334 1268 1397 1329 alia
1420 1266 1502 1329 facta
1524 1269 1608 1330 mala
1631 1287 1688 1329 non

438 1377 626 1454 committat,
659 1395 772 1438 omnes
806 1377 837 1437 in
871 1396 970 1438 unum
1000 1375 1096 1436 simul
1128 1374 1217 1436 dives
1249 1388 1280 1436 et
1307 1394 1428 1456 pauper
1459 1387 1526 1435 tota
1550 1374 1690 1435 videl'cet

439 1483 654 1545 communitas
678 1483 899 1560 decreverunt,
932 1495 966 1544 ut
996 1482 1057 1542 sibi
1081 1483 1120 1542 ab
1154 1481 1220 1562 ipsa
1246 1500 1328 1562 pena
1360 1480 1496 1561 patibuli
1520 1479 1688 1541 misericor·

439 1590 525 1650 diam
551 1589 656 1650 taliter
680 1588 764 1667 fecit,
789 1589 878 1670 quod
902 1587 941 1648 de
966 1601 1071 1649 cetero
1096 1587 1163 1668 ipse
1181 1586 1310 1668 Mathey
1335 1585 1474 1648 carnifex
1490 1586 1606 1646 babeat
1628 1583 1689 1646 olfi-

437 1698 523 1757 cium
547 1696 696 1758 homines
719 1695 935 1776 suspendendi
960 1703 991 1756 et
1014 1693 1216 1776 decapitandi
1241 1713 1277 1754 ac
1294 1692 1537 1754 demembrandi
1563 1713 1598 1754 ac
1621 1693 1690 1753 alias

438 1823 536 1884 penas
559 1815 590 1862 et
614 1802 768 1884 supplicia
794 1801 880 1883 juxta
904 1801 1059 1863 demerita
1076 1819 1188 1862 eorum
1213 1799 1289 1882 ipsis
1313 1798 1470 1860 inferendi
1495 1817 1569 1860 cum
1594 1797 1688 1880 pleni·

436 1909 547 1971 tudine
572 1923 677 1970 nostre
701 1909 866 1990 potestatis
889 1907 918 1969 ei
942 1907 975 1968 in
999 1907 1059 1969 hac
1083 1920 1170 1988 parte
1196 1926 1252 1988 per
1276 1924 1334 1966 nos
1358 1905 1508 1966 attributa
1534 1924 1599 1965 uno
1622 1918 1685 1966 tan-

435 2015 606 2077 tummodo
631 2034 735 2090 anno3
759 2015 814 2096 qui
839 2015 864 2074 si
889 2013 930 2075 de
954 2014 1081 2075 civitate
1105 2025 1136 2074 et
1160 2013 1228 2074 eius
1243 2011 1403 2073 territorio
1428 2010 1461 2072 id
1485 2010 1588 2073 facere
1605 2030 1688 2072 recu-

436 2120 537 2182 sando
563 2120 702 2182 saliverit
727 2140 783 2181 seu
808 2120 952 2198 evaserit,
977 2139 1013 2180 ex
1037 2132 1114 2180 tunc
1138 2119 1323 2199 ubicunque
1350 2118 1382 2178 in
1406 2117 1548 2199 predicta
1571 2117 1691 2178 civitate

436 2241 467 2290 et
492 2227 560 2288 eius
586 2227 745 2288 territorio
777 2239 849 2308 post
880 2227 982 2308 ipsam
1014 2225 1200 2286 salicionem
1231 2244 1287 2285 seu
1318 2224 1502 2284 evasionem
1534 2236 1693 2305 reppertus

437 2334 541 2410 fuerit,
555 2352 629 2394 mox
644 2353 759 2414 penam
777 2351 873 2414 quarn
888 2351 971 2393 unus
983 2329 1032 2392 fur
1050 2351 1138 2392 more
1156 2330 1233 2391 furis
1250 2343 1499 2411 consequeretur
1516 2331 1587 2411 ipso
1604 2328 1692 2391 facto.

545 2440 621 2501 ltcrn
647 2458 774 2500 causam
792 2439 873 2499 inter
897 2437 1076 2500 Barnabam
1102 2435 1229 2498 fabrum
1246 2450 1276 2498 et
1293 2437 1374 2498 inter
1390 2437 1554 2497 Andream
1572 2434 1691 2497 fabrum

437 2567 545 2608 coram
562 2545 656 2606 nobis
674 2557 848 2606 vertentem
866 2564 922 2626 per
939 2543 1205 2626 prorogacionem
1222 2545 1397 2625 proborum
1416 2544 1559 2603 virorum
1576 2543 1692 2604 bonum

438 2654 578 2734 ipsarum
604 2652 746 2734 parcium
766 2651 942 2712 zelancium
967 2651 1007 2711 ad
1025 2650 1164 2732 primum
1190 2649 1344 2730 judicium
1361 2648 1402 2710 ad
1419 2668 1530 2730 pacem
1549 2648 1694 2710 duximus

436 2759 683 2842 prorogandam.

544 2865 622 2926 ltem
648 2865 751 2926 Lucas
775 2863 917 2926 Croacus
940 2861 1024 2923 filius
1049 2862 1146 2923 Blasii
1163 2861 1242 2922 Wlt
1266 2860 1426 2922 habitator
1442 2861 1526 2922 dicte
1550 2861 1692 2937 civitatis,

436 2972 569 3032 maritus
591 2971 767 3051 legittimus
800 2969 973 3031 Katherine
1005 2967 1094 3030 aliter
1124 2967 1288 3050 Kathycza
1314 2981 1437 3044 vocate,
1469 2966 1533 3028 filie
1559 2966 1692 3028 condam

436 3077 558 3159 Gaspar
594 3077 709 3139 literati
745 3075 802 3138 filii
839 3076 958 3137 Cosme
989 3073 1164 3153 aurifabri,
1203 3093 1341 3134 unacum
1374 3073 1486 3134 eadem
1520 3071 1690 3133 Katherina

436 3183 598 3266 Kathycza
624 3197 735 3245 vocata
760 3203 796 3242 ac
820 3181 980 3261 Georgius
1002 3181 1149 3242 similiter
1166 3179 1308 3242 Croacus
1331 3178 1415 3240 filius
1436 3179 1572 3260 predicti
1598 3176 1689 3238 Blasii

436 3291 525 3368 th,
543 3290 639 3352 frater
656 3289 762 3370 junior
779 3289 878 3370 ipsius
896 3289 980 3349 ane
1006 3287 1131 3365 Croaci,
1153 3306 1292 3348 unacum
1310 3287 1447 3348 Barbara
1471 3285 1537 3346 filia
1561 3284 1690 3367 predicti

437 3396 560 3478 Gaspar
584 3397 699 3458 literati
726 3409 871 3457 consorte
903 3415 958 3455 sua
983 3393 1139 3475 legittima
1164 3412 1270 3454 coram
1302 3392 1395 3453 nobis
1425 3392 1456 3452 in
1481 3391 1557 3454 sede
1588 3405 1688 3452 nostra

435 3502 599 3584 judiciaria
625 3503 752 3584 publice
776 3521 884 3563 coram
909 3500 1021 3581 populi
1038 3498 1243 3561 multitudine
1260 3496 1490 3559 confirmarunt
1512 3509 1543 3557 et
1563 3515 1689 3557 consen·

436 3623 544 3669 serunt
569 3607 830 3689 comprobationi
855 3621 918 3667 tarn
944 3607 1083 3687 ipsarum
1108 3625 1205 3686 quam
1239 3602 1364 3687 providi
1391 3603 1448 3664 viri
1474 3602 1606 3685 Mathye
1629 3621 1690 3662 sar·

433 3715 511 3776 toris
524 3714 626 3776 vitrici
644 3734 764 3792 earum,
778 3732 875 3795 quam
892 3712 992 3773 eciam
1007 3711 1138 3773 domine
1153 3711 1254 3773 Elene
1271 3709 1426 3771 consortis
1439 3709 1577 3770 condam
1597 3709 1689 3790 ipsius

435 3819 564 3902 Mathye
587 3821 727 3898 sartoris,
751 3821 860 3881 matris
891 3838 967 3880 vero
999 3837 1108 3880 earum
1140 3817 1274 3878 carnalis
1298 3837 1334 3878 ac
1365 3815 1523 3897 legacioni
1549 3814 1687 3876 eiusdem

434 3927 565 3988 domine
592 3927 692 3987 Elene
717 3927 825 3988 matris
842 3926 981 4007 ipsarum
1007 3924 1151 4006 predicto
1170 3923 1298 4004 Mathye
1322 3922 1434 3983 sartori
1452 3934 1484 3984 et
1508 3921 1610 3982 Paulo
1627 3919 1687 3981 filio

434 4053 470 4094 ac
495 4032 669 4093 Katherine
693 4031 758 4092 filie
782 4052 838 4093 sue
862 4051 918 4112 per
936 4031 1072 4091 eandem
1096 4030 1262 4090 dominam
1280 4028 1415 4090 Elenam
1432 4027 1517 4108 juxta
1543 4039 1686 4088 contenta

434 4139 557 4200 katerni
583 4139 681 4200 nostri
700 4137 880 4200 communis
897 4150 927 4197 et
945 4138 1034 4198 litere
1052 4135 1187 4197 civitatis
1204 4135 1344 4217 predicte
1361 4134 1572 4217 privilegialis
1587 4151 1687 4215 super-

434 4245 509 4306 inde
534 4244 678 4306 confecte
704 4259 734 4305 et
758 4259 903 4305 emanare
927 4244 1033 4304 taliter
1057 4257 1087 4303 et
1111 4243 1246 4303 omnino
1263 4241 1371 4322 quoad
1394 4259 1507 4302 omnes
1526 4239 1686 4315 clausulas,

433 4367 570 4434 punctos
595 4365 626 4413 et
650 4352 800 4413 articulos
830 4363 896 4411 tarn
928 4349 1026 4431 ipsius
1062 4349 1205 4411 katherni
1234 4367 1331 4430 quam
1366 4347 1456 4409 litere
1487 4345 1687 4429 privilegialis

433 4459 650 4540 predictorum
677 4478 733 4540 per
757 4457 866 4518 omnia
891 4455 1092 4518 catificantes.

495 4659 590 4732 Feria
620 4668 718 4731 sexta
746 4662 899 4748 proxima
927 4665 1005 4748 post
1033 4658 1155 4730 festum
1183 4657 1365 4728 Divisionis
1393 4655 1631 4744 apostolorum.

970 4813 1034 4888 (20.
1051 4810 1152 4887 julii).

538 4957 616 5016 Item
642 4954 734 5036 jurati
769 4953 1042 5034 adjudicaverunt,
1075 4965 1109 5014 ut
1133 4951 1257 5012 Blasius
1289 4950 1373 5012 filius
1398 4949 1481 5011 Petri
1507 4947 1625 5010 Derder
1646 4942 1680 5004 de

432 5064 518 5145 Vgra
543 5063 638 5123 debet
671 5061 775 5143 jurare
807 5060 967 5122 solitarius
999 5072 1112 5120 octavo
1144 5058 1196 5120 die
1220 5075 1423 5140 superatam
1455 5073 1620 5137 supereo,
1650 5061 1680 5110 ut
