3876 5798
622 533 710 592 Anno
732 545 824 610 1445.
848 566 892 575 -
914 529 971 593 26.
996 537 1168 592 novembres.
1461 551 1526 613 429

257 745 407 808 Soldinar
423 744 557 829 predicti
576 763 683 806 coram
709 745 802 806 nobis
825 745 1036 826 proponebat,
1061 745 1102 805 ad
1129 745 1270 826 primurn
1295 743 1451 826 judicium
1467 764 1526 826 pro

255 871 333 934 pace
358 849 463 912 fienda
486 869 543 932 per
566 850 759 932 peticionem
777 850 912 912 Fabiani
936 848 1030 930 jurati
1055 849 1205 912 duximus
1228 850 1477 932 prorogandam.

364 957 442 1018 ltem
466 957 584 1037 jurabit
602 955 762 1018 Fabianus
779 955 863 1018 filius
882 955 1030 1037 Gregorii
1055 957 1095 1018 de
1120 957 1191 1018 vico
1209 957 1403 1020 Latinorum
1430 977 1528 1038 gener

259 1063 405 1146 Xusycze
429 1063 530 1125 tercio
562 1082 595 1124 se
627 1063 772 1145 personis
804 1063 865 1125 sibi
900 1062 1060 1124 similibus
1092 1062 1124 1124 in
1149 1063 1282 1125 ecclesia
1313 1064 1397 1126 beati
1423 1063 1523 1126 Marci

258 1169 463 1251 ewangeliste
499 1183 613 1231 octavo
638 1168 690 1230 die
714 1188 809 1251 super
833 1187 871 1230 eo
905 1181 1014 1230 contra
1040 1169 1176 1231 eandem
1203 1169 1393 1252 Xusyczam,
1421 1169 1522 1232 Elena

257 1290 416 1355 vocatam,
440 1291 476 1339 ut
499 1277 567 1358 ipse
592 1275 685 1338 illum
710 1275 876 1356 cingulum
894 1295 950 1336 seu
968 1275 1143 1353 baltheum,
1169 1294 1266 1357 quern
1297 1289 1406 1338 contra
1423 1276 1528 1359 ipsum

258 1383 400 1466 predicta
425 1383 527 1445 Elsna
551 1383 698 1465 Xusycza
723 1383 934 1464 proponebat,
958 1400 1025 1443 non
1048 1383 1213 1444 subtraxit.

366 1489 443 1552 ltem
477 1490 552 1571 quia
587 1488 742 1551 Nicolaus
772 1488 868 1570 judex
899 1489 1115 1571 juramentum
1147 1489 1207 1550 sibi
1240 1489 1344 1572 pridie
1376 1490 1409 1550 in
1442 1488 1527 1551 lacto

259 1596 362 1658 XXX.
387 1594 457 1658 flor.
481 1596 550 1657 auri
575 1595 674 1657 modo
699 1595 882 1677 supradicto
915 1593 1134 1676 adjudicatum
1168 1593 1246 1657 feria
1269 1608 1355 1658 sexta
1380 1596 1523 1678 proxima

260 1717 333 1785 post
357 1701 473 1764 festum
491 1701 589 1764 sancti
616 1701 745 1764 Martini
763 1701 906 1784 episcopi
931 1714 961 1763 et
978 1699 1170 1763 confessoris
1194 1702 1338 1784 proxime
1361 1703 1524 1786 preterita,

260 1829 317 1892 per
340 1809 618 1892 adjudicacionem
636 1807 811 1890 juratorum
830 1807 949 1890 deponi
966 1820 997 1870 et
1013 1808 1145 1890 prestari
1171 1809 1390 1888 commissum,
1407 1809 1520 1872 eadem

261 1915 339 1978 feria
363 1929 448 1978 sexta
474 1935 539 1976 non
564 1915 714 1997 deposuit
737 1933 795 1976 nec
811 1915 957 1996 prestitit,
981 1914 1055 1976 ideo
1077 1915 1263 1978 Emericum
1287 1915 1409 1978 dictum
1427 1916 1526 1978 Fran-

263 2021 355 2084 chich
380 2035 489 2084 contra
514 2041 611 2103 quem
636 2021 723 2083 idem
747 2019 964 2102 juramentum
993 2019 1131 2082 debebat
1162 2021 1335 2104 deponere,
1360 2021 1526 2084 reddimus

264 2128 332 2191 lore
357 2129 553 2211 expeditum.

368 2234 446 2297 ltem
471 2234 665 2297 Benedictus
681 2233 795 2296 Hwala
815 2253 872 2316 per
888 2233 1164 2314 adjudicationem
1181 2233 1359 2316 juratorum
1384 2235 1452 2298 sola
1471 2255 1527 2298 sua

262 2341 296 2402 in
322 2361 457 2424 persona
475 2355 589 2403 octavo
614 2340 666 2402 die
683 2353 793 2402 contra
811 2339 943 2402 Gallum
961 2340 1001 2402 de
1018 2340 1263 2424 Bosyakowyna
1282 2339 1415 2403 infacto
1434 2343 1530 2404 unius

261 2447 374 2509 floreni
398 2447 484 2509 aurei
510 2445 581 2508 falsi
614 2445 717 2528 jurare
748 2446 909 2508 tenebitur
939 2465 1035 2528 supet
1066 2465 1115 2525 eo,
1146 2445 1234 2528 quod
1268 2445 1354 2507 idem
1387 2445 1528 2508 florenus

262 2552 361 2616 falsus
383 2567 430 2616 est
454 2553 507 2615 ille
523 2553 608 2614 idem
626 2552 776 2632 florentis,
794 2535 891 2635 ciuem
917 2553 984 2636 ipse
1002 2550 1116 2615 Gallus
1140 2553 1199 2635 ipsi
1217 2553 1394 2615 Benedicto
1413 2554 1528 2616 Hwala

262 2660 393 2721 dederat
416 2658 457 2721 ad
481 2658 714 2720 deaurandum.

367 2767 447 2829 ltem
472 2765 626 2827 Nicolaus
649 2764 908 2846 consanguineus
932 2765 1100 2827 Laurencii
1119 2765 1272 2828 institoris
1297 2785 1353 2848 per
1376 2765 1526 2827 commis-

261 2873 386 2935 sionem
419 2872 502 2934 Petri
537 2870 631 2954 jurati
666 2869 763 2932 hodie
795 2885 904 2933 contra
937 2871 1122 2934 Emericum
1155 2871 1303 2933 Nadulen
1337 2889 1526 2953 comparere

263 2979 374 3041 debuit
398 2991 429 3041 et
453 2997 518 3040 non
543 2977 733 3059 comparuit.

368 3085 446 3147 ltem
482 3103 611 3146 causam
644 3081 776 3166 Georgii
816 3085 1006 3146 successoris
1038 3083 1121 3145 Petri
1158 3083 1233 3145 dicti
1268 3081 1464 3166 Herwathyn
1499 3095 1530 3144 et

264 3189 364 3254 Elene
381 3192 538 3274 Kusycze,
562 3209 660 3272 quam
677 3189 745 3272 ipae
770 3187 929 3271 Georgius
946 3204 1055 3252 contra
1073 3190 1174 3272 ipsam
1193 3189 1327 3252 Elenam
1347 3189 1528 3272 Xusyczam

262 3298 474 3380 proponebat,
492 3297 584 3376 iurati
601 3297 633 3358 in
648 3297 753 3378 primo
769 3296 890 3378 judicio
904 3297 1121 3379 promiserunt
1134 3295 1275 3377 judicare
1293 3310 1324 3358 et
1340 3297 1526 3359 terminare.

369 3403 446 3466 ltem
472 3423 545 3464 cunr
570 3401 667 3464 hodie
692 3401 823 3464 domina
849 3403 1020 3465 Scolastica
1046 3403 1154 3464 relicta
1179 3403 1263 3464 Petri
1287 3421 1344 3464 seu
1368 3402 1450 3463 Pero
1476 3400 1523 3482 ju-

262 3509 319 3570 rati
344 3508 401 3570 filii
426 3509 510 3570 Petri
535 3507 667 3590 Saphar,
684 3507 900 3588 juramentum
916 3509 976 3570 sibi
995 3509 1027 3570 in
1052 3507 1136 3571 facto
1160 3509 1370 3590 pecuniarum
1396 3521 1427 3570 et
1451 3528 1527 3568 can-

263 3615 407 3676 delarum
432 3614 594 3676 colendini
626 3615 726 3676 sancti
756 3615 912 3676 lobannis
940 3629 1050 3676 contra
1082 3615 1248 3676 dominam
1274 3614 1409 3676 Elenam
1434 3614 1526 3675 aliter

265 3720 370 3782 llenka
396 3733 552 3798 vocatam,
578 3719 776 3802 periuratos
807 3719 1026 3800 adjudicatum
1050 3734 1189 3803 prestare
1222 3733 1253 3782 et
1281 3719 1445 3802 deponere
1470 3719 1525 3781 de·

264 3827 359 3888 bebat
383 3840 413 3888 et
436 3826 576 3905 volebat,
611 3839 687 3888 tunc
711 3827 778 3909 ipsa
802 3827 934 3888 domina
959 3825 1060 3888 Elena
1091 3825 1182 3887 aliter
1207 3825 1314 3888 llenlra
1338 3839 1452 3888 vocata
1477 3825 1524 3886 in-

263 3933 346 3994 tuitu
363 3933 489 4014 pietatis
513 3945 543 3993 et
560 3932 778 3994 misericordie
795 3931 847 3993 dei
865 3932 970 4014 ipsum
987 3931 1202 4014 juramentum
1226 3951 1282 3992 seu
1299 3931 1401 4013 ipsam
1427 3931 1527 4013 depo·

265 4039 418 4099 sicionem
453 4038 623 4119 juramenti
656 4037 759 4100 eidem
793 4038 924 4100 domine
957 4038 1129 4101 Scolastica
1161 4037 1267 4100 taliter
1300 4051 1330 4099 et
1362 4057 1401 4099 eo
1432 4037 1531 4098 modo

265 4145 427 4224 relaxavit,
452 4159 487 4208 ut
511 4146 578 4228 ipsa
603 4145 734 4207 domina
757 4145 929 4208 Scolastica
947 4145 1076 4207 racione
1093 4143 1303 4206 relaxac'onis
1327 4144 1427 4227 ipsius
1446 4142 1529 4224 jura·

265 4252 364 4312 menti
401 4251 460 4333 ipsi
494 4252 624 4312 domine
650 4252 752 4314 Elene
787 4271 842 4313 seu
876 4251 983 4314 llenke
1015 4271 1068 4312 sex
1104 4249 1211 4312 luntas
1245 4271 1316 4313 cere
1347 4250 1529 4333 persolvere

264 4358 426 4420 tenebitur
450 4371 481 4420 et
505 4357 635 4419 debebit
658 4377 760 4440 usqne
784 4357 824 4420 ad
842 4356 958 4420 festum
982 4357 1082 4420 sancti
1107 4356 1262 4419 Johannis
1286 4357 1437 4438 Baptista.

267 4524 364 4597 Faria
395 4531 494 4597 sexta
522 4527 679 4614 proxime
706 4533 782 4614 post
809 4525 932 4596 festum
969 4531 1087 4596 sancte
1114 4523 1296 4596 llatherine
1324 4523 1468 4611 virginis
1496 4529 1530 4594 et

734 4651 888 4719 martiris
917 4645 1053 4719 Christi.

756 4779 822 4860 (26.
854 4783 1038 4860 novembris).

376 4906 452 4967 ltem
487 4905 563 4988 quia
590 4905 749 4968 Fabianus
774 4905 858 4966 lilius
886 4902 1034 4986 Gregorii
1060 4904 1099 4966 de
1124 4906 1195 4967 vico
1222 4905 1410 4966 Latinorum
1433 4923 1531 4986 gener

268 5011 371 5072 Elene
403 5012 495 5072 aliter
525 5012 672 5094 Xusyczn
705 5024 827 5092 vocate,
859 5010 1074 5092 juramentum
1108 5011 1168 5072 sibi
1199 5010 1299 5073 tercio
1331 5031 1363 5071 se
1388 5009 1532 5092 personis
