3740 5810
375 497 416 575 64
762 499 847 554 Anno
870 511 960 573 1419.
986 531 1029 540 -
1052 495 1106 556 28.
1136 497 1250 570 aprilis.

375 722 484 770 contra
511 709 775 770 communitatem
801 709 928 770 racione
954 707 1122 769 fraccionis
1142 727 1223 789 pene
1248 708 1329 769 inter
1352 707 1456 790 ipsum
1482 707 1635 768 Jacobum

375 829 405 876 et
430 817 615 896 magistrum
635 816 832 897 Stephanum
857 814 959 897 posite
982 815 1098 892 taliter,
1123 815 1211 895 quod
1236 815 1276 876 de
1301 829 1406 875 cetero
1430 814 1547 874 similia
1572 833 1637 874 non

376 919 483 999 faciat,
507 920 653 1002 alioquin
685 922 724 982 de
749 921 819 1003 ipso
843 921 968 1002 justicia
998 919 1052 981 fiet
1084 919 1169 999 juxta
1201 921 1467 982 consvetudinem
1491 921 1636 982 civitatis.

481 1027 560 1088 ltem
594 1027 724 1110 Mathey
755 1041 844 1089 sutor
872 1026 956 1088 filius
988 1025 1113 1088 Nicolai
1146 1027 1224 1088 alias
1256 1027 1395 1088 decanus
1427 1041 1571 1088 sutorum
1605 1026 1638 1087 id

377 1152 484 1194 coram
509 1133 603 1194 nobis
627 1147 694 1194 turn
720 1153 792 1195 curn
814 1146 1005 1195 testamento
1029 1147 1096 1194 turn
1116 1133 1216 1194 eciam
1241 1153 1314 1195 cum
1338 1134 1524 1196 testimonio
1549 1153 1636 1194 com-

377 1239 537 1320 probavit,
551 1253 587 1300 ut
604 1239 804 1320 Margaretba
821 1240 930 1301 relicta
948 1239 1130 1300 Dauidoich
1149 1259 1242 1301 suum
1260 1238 1385 1301 fecisset
1401 1253 1637 1317 testamentum,

374 1359 452 1406 tunc
479 1345 583 1407 eidem
608 1346 796 1427 porcionem
822 1346 938 1407 domus
962 1357 1085 1406 mutate
1113 1365 1213 1428 penes
1244 1347 1381 1407 condam
1406 1347 1529 1408 Cozme
1553 1347 1637 1428 lega·

375 1453 482 1530 visset,
506 1452 580 1513 ideo
606 1451 741 1513 eandem
767 1452 955 1534 porcionem
980 1451 1084 1512 eidem
1107 1453 1275 1514 statuimus
1298 1451 1535 1535 possidendam.

484 1558 561 1620 ltem
587 1578 679 1620 causa
706 1559 788 1620 inter
812 1557 995 1619 Emericum
1021 1558 1155 1638 Ztrugar
1175 1571 1206 1619 et
1223 1558 1425 1621 Clementem
1450 1571 1575 1641 recepta
1591 1571 1638 1620 est

376 1664 416 1725 ad
443 1683 554 1746 pacem
579 1683 680 1746 usque
705 1665 846 1746 primum
870 1663 1036 1744 judicium.

482 1771 560 1832 ltem
592 1783 657 1832 tota
692 1770 906 1832 communitas
938 1769 1088 1849 decrevit,
1120 1785 1155 1833 ut
1185 1769 1344 1853 Georgius
1374 1769 1459 1832 filius
1490 1769 1637 1850 Gregorii

375 1877 475 1957 possit
500 1877 637 1938 vendere
663 1877 826 1958 quandam
851 1878 990 1956 vineam,
1021 1877 1112 1938 cuius
1144 1891 1290 1958 quartam
1313 1889 1436 1960 partem
1469 1875 1636 1938 Elizabeth

378 1980 444 2043 filia
469 1982 624 2044 Franicha
649 1982 780 2044 deberet
815 1983 960 2045 obtinere
992 1983 1088 2044 simul
1119 2003 1192 2044 cum
1217 1983 1284 2066 ipsa
1313 1983 1468 2066 porcione
1492 1981 1637 2044 eiusdem

381 2086 561 2165 Elizabeth,
586 2108 644 2170 pro
669 2108 731 2170 qua
756 2089 909 2171 porcione
933 2089 1019 2150 idem
1045 2088 1204 2171 Georgius
1228 2091 1388 2154 tenebitur
1412 2091 1517 2152 eidem
1531 2089 1637 2150 Eliza·

377 2195 451 2257 beth
476 2209 538 2256 tres
563 2195 701 2258 florenos
725 2196 794 2257 auri
815 2196 943 2257 vendita
968 2198 1060 2258 vinea
1085 2197 1226 2279 predicta
1251 2197 1422 2278 assignare.

484 2301 562 2364 ltem
587 2301 680 2383 jurati
703 2301 928 2384 adjudicarunt
959 2323 997 2364 eo
1030 2303 1140 2382 modo,
1172 2305 1260 2385 quod
1286 2305 1360 2386 quia
1394 2304 1545 2384 magister
1569 2301 1638 2363 Ste-

378 2407 502 2489 phanus
524 2409 649 2491 pridem
674 2409 794 2490 juratus
819 2424 926 2472 contra
959 2411 1115 2472 Jacobum
1141 2412 1306 2493 Popouich
1331 2411 1363 2472 id
1395 2411 1478 2472 clare
1503 2410 1638 2471 demon·

379 2514 488 2576 stravit
520 2528 551 2575 et
582 2515 722 2577 eundem
753 2517 914 2593 convenit,
948 2517 1036 2598 quod
1068 2537 1163 2597 super
1196 2518 1300 2600 ipsum
1325 2517 1411 2579 idem
1437 2518 1574 2578 Jacobus
1605 2515 1638 2576 in

379 2621 579 2701 possessione
611 2641 667 2683 sua
700 2642 797 2683 manu
827 2637 946 2684 armata
979 2624 1120 2686 irruisset
1152 2637 1182 2686 et
1214 2625 1353 2686 eundem
1385 2624 1490 2685 verbis
1521 2641 1638 2704 oppro-

380 2727 494 2788 briosis
518 2727 683 2808 affecisset,
709 2729 782 2790 ideo
807 2729 892 2790 idern
918 2730 1056 2792 Jacobus
1087 2746 1195 2792 contra
1220 2732 1325 2814 ipsum
1356 2731 1543 2812 magistrum
1569 2729 1638 2790 Ste-

377 2831 520 2913 phanum
545 2833 578 2893 in
605 2833 716 2895 decem
741 2835 848 2917 pensis
872 2849 902 2896 et
933 2851 1043 2897 contra
1074 2837 1338 2899 communitatem
1365 2837 1397 2898 in
1430 2849 1557 2898 centum
1581 2833 1636 2895 de·

380 2939 493 3015 nariis;
519 2936 595 3000 iteri]
618 2954 727 3002 contra
759 2940 897 3023 judicem
930 2957 960 3004 et
984 2942 1104 3024 juratos
1136 2943 1302 3005 indecem
1337 2943 1451 3004 marcis
1475 2941 1639 3004 convictus

380 3043 557 3108 haberetur.

484 3151 562 3213 ltem
588 3153 752 3214 Emericus
777 3154 951 3216 Erumnich
975 3156 1058 3216 trina
1085 3157 1153 3217 vice
1182 3157 1295 3218 citatus
1319 3156 1351 3216 in
1376 3155 1468 3216 nullo
1501 3153 1638 3215 termino

380 3258 569 3339 comparuit,
594 3259 668 3320 ideo
692 3259 917 3341 adjudicarunt
945 3260 1050 3342 jurati,
1083 3262 1172 3344 quod
1197 3263 1228 3323 in
1254 3263 1358 3343 primo
1392 3259 1511 3343 judicio
1545 3259 1640 3320 debet

381 3382 577 3445 comparere,
602 3365 689 3446 quod
721 3366 747 3428 si
779 3365 899 3446 fecerit,
928 3370 1009 3429 bene
1041 3369 1184 3450 quidem,
1216 3369 1360 3449 alioquin
1393 3387 1451 3450 pro
1477 3366 1639 3450 proditore

378 3471 603 3552 proscribetur.
1463 3473 1469 3490 '

484 3578 562 3640 ltem
580 3580 709 3642 Lachlro
727 3595 815 3643 sutor
824 3581 902 3644 feria
919 3595 1004 3644 sexta
1018 3583 1162 3664 proxima
1172 3596 1379 3664 postoctavas
1398 3582 1493 3643 Pasce
1506 3579 1639 3642 Domini

380 3685 541 3746 tenebitur
550 3700 688 3767 prestare
698 3685 911 3768 juramentum
923 3688 1011 3770 quod
1021 3708 1085 3750 non
1096 3689 1186 3749 scivit
1196 3689 1356 3771 coltlyaria
1366 3686 1466 3750 ferrea
1480 3707 1542 3768 que
1554 3706 1640 3748 corn-

382 3791 503 3872 paravit
528 3805 631 3852 utrum
652 3807 756 3856 essent
779 3792 881 3855 iurata
905 3807 936 3855 et
958 3795 1044 3875 quod
1063 3815 1100 3855 ea
1117 3795 1149 3855 in
1174 3793 1244 3856 foro
1262 3795 1344 3856 clara
1363 3793 1414 3856 die
1431 3793 1639 3876 comparavit.

485 3898 563 3960 ltem
583 3899 722 3961 Briccius
746 3900 831 3962 filius
848 3901 977 3962 Martini
999 3901 1037 3961 de
1057 3901 1227 3984 Bosyalrou
1251 3913 1360 3963 contra
1386 3903 1505 3962 Lucam
1524 3900 1639 3963 eodem

379 4004 431 4066 die
447 4006 608 4066 tenebitur
632 4021 771 4087 prestare
788 4008 1002 4090 juramentum
1019 4008 1118 4069 tercio
1135 4029 1168 4070 se
1186 4010 1217 4069 in
1233 4028 1282 4088 eo,
1300 4009 1388 4090 quod
1413 4009 1478 4088 ipse
1498 4007 1638 4068 eundem

380 4112 501 4173 Lucam
525 4132 590 4176 non
623 4115 799 4195 spoliasset,
830 4116 884 4196 qui
909 4116 933 4175 si
966 4113 1086 4193 lecerit,
1121 4117 1202 4176 bene
1235 4115 1378 4197 quidem,
1406 4115 1551 4196 alioquin
1582 4133 1640 4197 pro

381 4215 585 4280 malefactore
611 4221 833 4301 proscribetur.

423 4433 521 4509 Feria
548 4447 645 4509 sexta
674 4441 828 4527 proxima
856 4447 931 4528 post
968 4441 1091 4512 festum
1119 4442 1208 4512 beati
1238 4443 1342 4513 llarci
1372 4441 1594 4530 ewangeliste.

900 4589 964 4669 (28.
988 4594 1112 4667 aprilis).

487 4730 645 4792 Janchech
672 4745 778 4792 noster
795 4733 935 4794 concivis
953 4754 1025 4794 curn
1045 4735 1231 4796 testimonio
1249 4748 1432 4796 nostrorum
1457 4735 1639 4796 concivium

382 4837 614 4919 comprobavit,
628 4837 802 4918 quodcum
816 4839 960 4900 Francha
974 4839 1058 4902 filius
1071 4862 1147 4902 suus
1160 4842 1193 4902 in
1204 4843 1353 4904 extremis
1366 4843 1542 4904 laborasset
1563 4856 1640 4904 tunc

382 4939 474 5004 civile
484 4943 685 5024 suum,quod
696 4944 800 5006 eidem
810 4944 896 5006 idem
907 4946 922 5006 J
926 4945 1065 5007 ancbech
1078 4947 1208 5009 dederat
1217 4968 1324 5010 rursus
1337 4949 1443 5010 eidem
1452 4949 1640 5012 demisisset.
