3740 5810
454 547 512 607 ¹44
837 529 924 586 Anno
942 541 1033 606 1431.
1059 561 1100 571 —
1119 543 1174 605 31.
1199 527 1326 604 augusti.

447 759 582 802 numero
606 739 671 803 fere
696 739 819 819 decem,
843 739 1011 802 videlicet:
1037 740 1212 820 Thomam,
1230 740 1392 803 lvvlrouem
1409 753 1440 802 et
1464 739 1647 822 Georgium
1663 760 1710 800 sa·

447 861 553 929 trapas
576 862 606 908 et
622 848 726 908 socios
742 847 863 908 similes
885 847 957 925 sibi,
975 847 1050 909 item
1070 847 1268 929 Stephanum
1286 846 1325 909 de
1350 847 1531 930 Banyazela
1555 847 1714 925 villicum,

448 951 626 1034 Georgium
643 953 835 1036 wayvodam
851 965 882 1016 et
906 952 1084 1035 Georgium
1103 953 1270 1035 Ztarirogh
1286 973 1324 1015 ac
1339 954 1540 1016 Anthonium
1564 953 1712 1014 villicum

447 1080 507 1122 nec
532 1080 597 1122 non
622 1059 732 1121 Ladalr
750 1060 923 1121 Martinum
948 1079 984 1120 ac
1008 1060 1144 1122 alterum
1164 1061 1338 1122 Martinum
1355 1059 1458 1122 filium
1483 1059 1642 1122 Iohannis
1658 1077 1715 1140 per

447 1166 569 1248 juratos
593 1179 718 1228 nostros
749 1166 911 1245 adjuratos
934 1181 965 1228 et
997 1167 1206 1244 examinatos,
1235 1165 1267 1228 id
1299 1165 1494 1229 sufficienter
1526 1165 1715 1227 testimonio

448 1271 568 1334 efficaci
594 1272 782 1334 eorumdem
800 1273 1032 1354 comprobavit,
1057 1273 1299 1355 quodquidam
1324 1292 1437 1355 equus,
1462 1272 1518 1354 qui
1542 1285 1610 1334 erat
1626 1271 1715 1354 apud

447 1380 633 1441 servitorem
659 1377 792 1459 Georgii
816 1379 933 1440 literati
956 1378 1014 1441 lilii
1038 1380 1141 1442 Baksa
1169 1380 1318 1442 inventus
1348 1393 1380 1442 et
1403 1392 1558 1441 arestatus
1582 1397 1644 1460 pro
1668 1377 1715 1458 ju·

447 1487 537 1548 sticie
561 1485 811 1567 complemento,
835 1505 911 1547 suus
935 1487 1037 1548 extitit
1066 1499 1220 1568 tanquam
1246 1506 1295 1547 res
1315 1505 1371 1548 sua
1396 1484 1477 1566 justa
1509 1499 1540 1548 et
1561 1504 1648 1560 vera,
1685 1497 1716 1544 et

448 1595 578 1676 insuper
600 1592 697 1654 habet
728 1591 813 1652 idem
847 1590 985 1654 Michael
1016 1594 1104 1654 solus
1134 1613 1230 1675 super
1265 1592 1382 1656 eodem
1414 1611 1517 1674 equo,
1549 1591 1590 1652 de
1622 1608 1715 1652 more

449 1700 529 1761 alias
554 1699 586 1760 in
610 1699 728 1762 talibus
750 1699 856 1777 solito,
880 1700 1060 1780 juramento
1084 1699 1144 1761 sibi
1162 1699 1345 1781 adjudicato
1377 1697 1578 1760 confirmavit
1602 1696 1713 1758 debite

449 1819 480 1866 et
512 1806 683 1886 condigne,
716 1805 855 1886 ideoque
887 1824 1007 1886 equum
1042 1818 1246 1886 prenotatam
1279 1824 1337 1867 nos
1368 1805 1473 1868 eidem
1499 1802 1652 1865 Michaeli
1678 1821 1715 1863 ex

451 1911 591 1993 predicta
615 1911 664 1972 sui
684 1911 954 1991 comprobacione
979 1925 1009 1972 et
1025 1910 1228 1992 juramentali
1246 1910 1495 1974 confirmacione
1519 1909 1716 1991 judicialiter

448 2018 618 2079 statuimus
642 2030 674 2078 et
697 2016 918 2079 commisimus
942 2016 1162 2100 recipiendum
1187 2032 1218 2080 et
1241 2017 1472 2100 possidendum
1497 2014 1610 2078 ordine
1637 2013 1715 2095 juris

448 2137 478 2186 et
502 2124 657 2186 libertatis
679 2137 786 2186 nostre
811 2124 1003 2205 requirente.

510 2341 606 2436 lena
633 2351 733 2414 sexta
761 2345 914 2431 proxima
943 2352 1021 2415 aute
1049 2344 1172 2416 leston
1199 2345 1289 2416 beati
1318 2341 1424 2434 Egidii
1454 2344 1587 2415 abbatis
1617 2351 1652 2412 et

977 2467 1189 2540 confessoris.
1223 2501 1227 2508 ·

959 2621 1022 2698 (31.
1053 2624 1193 2698 augusti).

554 2759 631 2820 Item
656 2759 780 2822 Blasius
796 2759 916 2840 juratus
933 2775 1042 2822 contra
1065 2762 1235 2824 Nicolaum
1259 2763 1418 2844 Krawyak
1436 2760 1579 2822 secundo
1596 2761 1711 2822 citatus

447 2885 513 2927 non
537 2866 726 2946 comparuit.
1665 2937 1670 2946 Ι

552 2971 631 3033 Item
664 2972 802 3034 Micheel
838 2973 981 3056 Dwoyek
1018 2989 1107 3037 sutor
1147 2989 1256 3037 contra
1289 2973 1466 3057 Georgium
1504 2973 1710 3057 Oprasnycza

447 3081 552 3162 primo
577 3080 690 3140 citatus
714 3099 778 3140 non
803 3081 991 3167 comparuit.

554 3185 630 3247 Item
664 3185 798 3265 Egidius
829 3185 968 3268 frenipar
999 3201 1106 3250 contre
1142 3187 1306 3271 Mathyam
1338 3188 1573 3271 carpentarium
1606 3187 1708 3270 primo

448 3293 560 3353 citatus
585 3311 649 3352 non
674 3292 863 3373 comparuit.

554 3397 632 3460 Item
668 3396 828 3478 Georgius
859 3398 1040 3480 lucifigulus
1079 3413 1109 3460 et
1148 3401 1313 3464 Emericus
1346 3400 1564 3483 Barberichyn
1601 3413 1708 3462 contra

448 3503 627 3585 Georgium
652 3503 777 3586 Halych
802 3504 944 3566 secundo
968 3506 1053 3566 citati
1079 3525 1144 3568 non
1168 3520 1427 3590 comparuerunt.

554 3610 630 3671 Item
657 3609 803 3693 Mychael
828 3611 917 3674 faber
941 3613 1056 3694 Zyrow
1080 3626 1191 3675 contra
1216 3614 1345 3676 Petrum
1369 3613 1508 3695 juratum
1533 3615 1640 3696 primo
1664 3613 1704 3676 ci·

447 3730 531 3778 tatus
556 3736 620 3778 non
645 3717 834 3798 comparuit.

555 3823 634 3885 Item
657 3823 750 3906 jurati
775 3825 1049 3905 adjudicaverunt,
1074 3826 1163 3909 quod
1196 3828 1271 3909 quia
1294 3827 1441 3890 Vrbanus
1473 3826 1559 3890 filius
1585 3826 1707 3890 Nicolsi

449 3931 525 3993 dicti
543 3928 720 4014 Zyrncych,
737 3931 899 3993 Andream
917 3930 1038 3994 dictum
1063 3933 1269 4016 Ztepkowich
1294 3933 1396 3996 lilium
1410 3933 1518 4012 Blasii,
1540 3953 1640 4014 quem
1663 3949 1704 3994 te·

448 4052 527 4100 stem
553 4035 669 4098 falsum
694 4049 724 4098 et
748 4039 1019 4100 remunerativum
1044 4039 1171 4102 dicebat
1194 4039 1273 4118 lore,
1299 4041 1330 4102 iu
1355 4039 1476 4120 juditio
1501 4039 1579 4103 alias
1603 4059 1706 4102 coram

449 4145 543 4206 nobis
556 4145 766 4225 comprobare
783 4145 965 4206 nullatenus
981 4146 1096 4227 potuit,
1111 4145 1184 4207 ideo
1209 4146 1295 4208 idem
1312 4144 1461 4208 Vrbauus
1477 4161 1587 4208 contra
1604 4148 1705 4229 ipsum

449 4250 612 4312 Andream
637 4249 668 4310 in
694 4250 768 4311 vivo
793 4249 969 4331 (h)omagio
993 4252 1145 4313 remansit
1169 4252 1282 4314 ordIne
1307 4251 1384 4330 juris
1408 4266 1612 4334 exposcente.

554 4355 633 4417 Item
647 4354 739 4436 jurati
757 4355 1029 4436 adjudicaverunt,
1043 4357 1130 4439 quod
1149 4357 1294 4420 Thomas
1310 4378 1383 4420 cum
1401 4379 1500 4421 uxore
1519 4379 1576 4421 sua
1593 4360 1707 4422 debent

449 4475 563 4524 octavo
587 4463 640 4523 die
664 4461 766 4542 jurare
791 4483 885 4543 super
909 4483 948 4524 eo
972 4461 1106 4526 solitarii
1139 4484 1345 4546 superarem
1377 4466 1408 4528 in
1434 4463 1518 4528 fecto
1543 4467 1706 4531 cuiusdam

449 4587 543 4628 vacce
568 4567 693 4629 Crisani
719 4581 749 4628 et
774 4568 862 4629 Jurse
882 4583 991 4630 contra
1017 4570 1158 4649 eosdem,
1183 4584 1218 4632 ut
1243 4571 1301 4653 ipsi
1326 4571 1366 4632 ad
1391 4571 1570 4653 hospicium
1598 4590 1704 4634 eorum

449 4673 566 4734 dictam
591 4693 720 4735 vaccam
745 4693 810 4734 non
834 4689 1073 4757 assumpserunt
1097 4696 1202 4758 neque
1225 4691 1310 4738 extre
1335 4677 1519 4740 emiserunt.

556 4779 634 4840 Item
660 4779 750 4859 jurati
780 4780 1053 4860 adjudIcaverunt,
1086 4783 1174 4862 quod
1207 4783 1331 4846 BlasIus
1355 4783 1479 4866 Zydow
1510 4804 1583 4846 cum
1612 4785 1706 4847 Seba-

449 4887 552 4947 stiano
577 4885 644 4947 filio
669 4907 727 4950 suo
751 4887 884 4948 solitarii
910 4887 1060 4966 jurabunt
1084 4901 1198 4950 octavo
1224 4889 1275 4950 die
1309 4903 1419 4952 contra
1443 4909 1576 4952 uxorem
1602 4905 1634 4954 et
1657 4892 1705 4952 he·

450 4993 542 5053 redes
566 4994 655 5054 Pauli
681 4993 802 5075 Zydow
826 5013 920 5075 super
937 5015 1024 5055 aram
1049 5015 1147 5077 penes
1159 4995 1284 5058 literam
1303 4995 1529 5078 obligatoriam
1546 5017 1642 5079 super
1659 5017 1704 5074 eo,
