3852 5820
413 546 450 588 ιο
821 531 909 588 Anno
930 543 1021 607 1413.
1044 563 1087 574 -
1110 527 1164 592 28.
1180 531 1265 607 julii.

409 739 441 799 in
466 739 610 800 medium
634 740 802 800 statuimus
826 739 1006 800 habendam
1028 753 1059 802 et
1075 739 1305 822 possidendam
1323 741 1376 820 ita,
1401 741 1489 823 quod
1514 755 1586 824 post
1602 743 1670 804 dic·

407 856 513 906 torum
538 863 698 907 annorum
722 845 960 926 expiracionem
981 845 1125 908 dIvidere
1149 847 1272 928 possint
1295 847 1442 910 eandem.

515 967 594 1029 Item
619 969 785 1030 Emericus
809 969 897 1031 faber
921 983 1031 1032 contra
1055 969 1184 1033 Petrum
1202 969 1332 1032 fratrem
1356 972 1518 1034 uterinum
1542 973 1574 1034 in
1599 993 1671 1056 pre-

408 1073 514 1134 sencia
538 1072 682 1154 judicum
705 1075 927 1137 testimonium
947 1075 1125 1158 producere
1150 1077 1256 1155 debet,
1273 1077 1422 1140 videlicet
1447 1079 1604 1140 Briccium
1622 1078 1672 1161 ju·

407 1189 512 1240 ratum
536 1191 568 1240 et
590 1178 758 1242 Vrbanam
782 1180 929 1263 Krapech
950 1181 984 1243 in
1008 1179 1091 1244 facto
1114 1181 1289 1244 solucionis
1306 1181 1405 1246 debiti
1430 1183 1528 1265 patris
1546 1203 1671 1247 eorum.

514 1303 592 1365 Item
609 1303 751 1366 Briccius
767 1303 888 1386 juratus
901 1319 1012 1368 contra
1025 1307 1154 1368 Petrum
1167 1307 1272 1390 primo
1282 1306 1396 1368 citatus
1407 1326 1471 1369 non
1481 1307 1671 1389 comparuit.

491 1537 588 1614 Faria
616 1547 714 1614 sexta
742 1547 897 1632 proxima
925 1551 1002 1634 post
1030 1544 1154 1616 festum
1181 1547 1271 1616 beati
1296 1544 1415 1634 Jacobi
1444 1543 1599 1633 apostoli.

950 1710 1015 1790 (28.
1031 1713 1127 1790 sulii).

513 1869 593 1931 Item
617 1869 768 1950 magister
795 1870 976 1953 Stephanus
999 1870 1084 1933 filius
1108 1871 1200 1934 Pauli
1228 1883 1337 1932 contra
1361 1868 1505 1932 relictam
1529 1869 1669 1932 Bediche

410 1974 516 2056 primo
542 1975 655 2036 citatus
678 1993 745 2037 non
772 1978 962 2059 comparuit.

514 2099 593 2161 Item
618 2099 742 2161 Blaaius
766 2100 886 2182 Purgar
910 2115 1020 2164 contra
1043 2101 1246 2165 Anthonium
1274 2102 1436 2165 literatum
1460 2100 1603 2163 secundo
1628 2099 1671 2161 ci-

409 2219 492 2267 tatus
515 2225 580 2266 non
606 2206 796 2288 comparuit.

519 2327 595 2390 Item
614 2329 689 2410 quia
714 2329 867 2392 Nicolaus
884 2343 914 2393 et
931 2332 1079 2416 Mychael
1096 2331 1247 2395 aurifabri
1264 2345 1394 2416 propter
1410 2331 1672 2394 verberationem

407 2446 438 2496 et
463 2434 575 2496 bicceli
599 2435 875 2500 demactacionem
899 2439 1029 2500 Martini
1053 2438 1111 2502 filii
1145 2441 1230 2502 Petri
1255 2437 1451 2521 Plemenych
1475 2437 1515 2500 de
1542 2437 1670 2499 civitate

408 2540 617 2604 dinoscuntur
641 2544 776 2605 evasisse
801 2557 831 2606 et
855 2545 894 2606 ad
920 2545 1075 2626 judicium
1107 2567 1173 2609 non
1205 2547 1340 2625 venisse,
1371 2545 1446 2607 ideo
1470 2545 1497 2606 si
1521 2563 1666 2626 unquam

408 2666 463 2708 eos
487 2660 596 2710 nostro
621 2650 738 2731 poterit
761 2651 892 2732 reperiri
922 2651 954 2712 in
986 2653 1145 2714 territorio
1176 2665 1253 2714 tunc
1277 2652 1317 2714 de
1348 2651 1467 2713 talibus
1491 2649 1668 2731 birsagium

407 2773 480 2814 cum
501 2755 674 2836 punici0ne
700 2755 839 2818 vindicta
863 2769 1074 2839 sumpmetur.

512 2877 589 2939 Item
614 2898 708 2940 causa
733 2879 888 2962 Stephani
911 2881 1028 2944 sutoris
1053 2896 1084 2944 et
1108 2881 1241 2964 Georgii
1270 2880 1421 2964 Puchych
1452 2879 1493 2942 ad
1518 2893 1670 2942 octavum

407 2981 493 3044 diem
518 2983 558 3044 ad
583 3004 694 3066 pacem
718 2999 765 3048 est
788 3001 968 3069 prorogata.

511 3107 590 3169 Item
624 3108 764 3171 Briccius
803 3109 924 3192 juratus
958 3125 1069 3174 contra
1104 3112 1233 3174 Petrum
1268 3110 1410 3174 secundo
1447 3111 1560 3173 citatus
1604 3129 1670 3171 non

407 3214 595 3296 comparuit.

513 3321 591 3382 Item
616 3321 776 3404 Georgius
801 3322 1031 3407 Opprasnycha
1055 3338 1165 3388 contra
1183 3323 1310 3407 Sugech
1334 3324 1439 3407 primo
1464 3323 1579 3386 citatus
1604 3342 1670 3384 non

408 3427 597 3508 comparuit.

512 3549 590 3612 Item
609 3551 684 3632 quia
697 3551 856 3634 Georgius
868 3553 1022 3633 literatus,
1040 3553 1132 3616 Duch
1149 3554 1263 3634 dictus,
1279 3573 1375 3636 super
1392 3553 1528 3615 domum
1548 3551 1669 3615 Mathei

407 3655 519 3718 decani
543 3657 726 3740 potenciam
750 3657 824 3721 fecit
848 3673 879 3722 et
903 3680 998 3742 super
1022 3679 1060 3722 eo
1085 3661 1186 3723 extitit
1214 3661 1451 3742 comprobatus,
1476 3659 1550 3721 ideo
1576 3659 1669 3741 jurati

407 3763 641 3846 adjudicarunt,
667 3766 755 3847 quod
780 3779 950 3828 annotatus
975 3765 1136 3848 Georgius
1167 3767 1309 3828 literatus
1334 3767 1366 3827 in
1392 3767 1532 3848 birsagio
1558 3765 1669 3827 decem

408 3890 587 3932 marcarum
612 3872 645 3932 in
669 3871 794 3934 duabus
817 3873 961 3954 partibus
985 3871 1083 3954 judici
1108 3885 1139 3935 et
1166 3872 1287 3955 juratis,
1311 3873 1343 3933 in
1367 3873 1464 3934 tercia
1489 3891 1564 3933 vero
1581 3885 1669 3954 parte

407 3977 488 4058 parti
513 3977 645 4039 adverse
669 3978 852 4041 convictum
877 3979 1111 4060 relinquerunt.

512 4100 590 4162 Item
614 4101 692 4182 quia
713 4101 817 4164 dictus
834 4101 993 4184 Georgius
1018 4103 1191 4184 quemdam
1215 4103 1345 4164 Petrum
1367 4121 1542 4184 pauperem
1566 4121 1668 4183 usque

406 4207 569 4287 sanguinis
594 4205 783 4269 effusionem
807 4207 1021 4290 pertractavit,
1047 4207 1120 4270 ideo
1145 4209 1250 4291 ipsum
1279 4207 1458 4288 Georgium
1483 4207 1515 4268 in
1542 4207 1668 4268 duabus

407 4332 480 4373 cum
506 4313 612 4374 media
630 4313 744 4375 marcis
768 4315 1015 4376 contradictum
1040 4315 1170 4378 Petrum
1187 4315 1419 4396 relinquerunt,
1443 4312 1543 4394 judici
1560 4326 1669 4376 autem

407 4431 537 4480 centum
560 4418 719 4482 denarios.

511 4542 588 4604 Item
607 4543 681 4625 quia
702 4563 761 4626 pro
778 4544 894 4607 debitis
912 4543 1061 4626 Gregorii
1077 4545 1203 4625 generis
1219 4543 1358 4606 condam
1374 4543 1501 4606 Nicolai
1520 4541 1668 4625 Chygan,

406 4649 522 4710 domus
548 4650 692 4713 eiusdem
717 4649 866 4732 Gregorii
891 4650 1091 4712 debitoribus
1107 4650 1292 4712 vendicioni
1316 4661 1434 4711 statuta
1458 4649 1613 4711 extitisset
1636 4661 1668 4711 et

405 4756 534 4818 vendita
559 4755 669 4818 fuisset
686 4776 743 4838 pro
760 4757 873 4838 viginti
891 4757 1020 4819 florenis
1044 4757 1123 4836 auri,
1141 4778 1178 4818 ex
1196 4758 1312 4838 quibus
1328 4755 1502 4818 duodecim
1526 4754 1666 4817 florenos

406 4862 605 4923 debitoribus
628 4863 863 4944 persolvissent,
897 4863 1041 4926 residuos
1073 4875 1180 4930 autem
1213 4877 1285 4929 octo
1318 4862 1459 4928 florenos
1483 4862 1587 4949 Sapke
1611 4881 1668 4927 sue

406 4967 544 5032 consorti
569 4967 802 5052 adjudicarunt.
1570 4975 1574 4983 '
