3796 5812
662 556 863 637 Ann01448.
887 573 1003 619 -10,
1042 557 1124 618 maii.
1465 559 1527 638 463

371 775 448 836 Item
473 773 548 855 quia
574 772 760 834 Franciscus
784 772 886 834 dictus
910 771 1013 832 Frane
1050 769 1133 833 filius
1158 770 1292 853 Mylrecz
1325 770 1529 832 molendina·

265 883 353 962 toris,
371 882 511 944 concivis
528 895 645 958 noster,
670 879 702 940 id
727 899 800 940 curn
820 877 989 940 sufficienti
1015 891 1045 939 et
1069 876 1233 958 fidedigno
1251 889 1432 938 nostrorum
1450 897 1524 938 con-

266 989 384 1050 civium
409 987 597 1050 testimonio
615 986 645 1046 in
671 985 744 1046 sede
763 998 869 1046 nostra
893 983 1058 1066 judiciaria
1080 983 1162 1044 clare
1180 983 1400 1064 comprobavit
1417 1003 1524 1044 coram

268 1095 372 1172 nobis,
396 1107 430 1156 ut
456 1093 602 1174 Mathyas
625 1090 708 1152 filius
733 1091 869 1152 condam
896 1089 1026 1170 Gurgek
1052 1088 1328 1166 molendinatoris,
1353 1089 1526 1171 quamdam

267 1201 393 1261 vineam
419 1219 509 1260 suam
535 1197 792 1259 condicionalem
819 1197 849 1256 in
874 1196 1034 1257 territorio
1050 1195 1186 1256 civitatis
1210 1194 1351 1276 predicte
1376 1195 1529 1275 habitam,

267 1325 363 1388 super
389 1306 493 1388 ipsum
518 1325 535 1364 a
558 1303 703 1386 predicto
727 1316 814 1385 patre
839 1321 897 1363 suo
921 1301 988 1382 jure
1016 1300 1209 1362 hereditario
1233 1300 1431 1381 devolutam,
1456 1322 1529 1366 cunt

268 1413 333 1474 suis
357 1411 550 1473 utilitatibus
574 1424 604 1471 et
628 1409 832 1492 pertinenciis
856 1407 1012 1470 universis
1044 1406 1167 1490 prefato
1201 1407 1303 1468 Frane
1328 1409 1530 1472 molendina-

267 1519 328 1580 tori
356 1537 413 1600 pro
437 1517 493 1579 Vll
516 1516 585 1579 flor.
611 1517 678 1577 auri
711 1514 907 1578 vendidisset
938 1526 1094 1596 perpetuo
1126 1513 1364 1595 possidendam,
1389 1515 1528 1597 ideoque

270 1644 329 1685 nos
353 1623 488 1686 eandem
514 1623 640 1684 vineam
671 1620 927 1682 condicionalem
960 1639 1033 1681 cum
1065 1620 1130 1680 suis
1155 1620 1344 1681 utilitatibus
1373 1635 1404 1682 et
1434 1623 1529 1704 perti·

270 1730 393 1791 nenciis
417 1729 574 1790 universis
599 1728 703 1790 eidem
721 1727 745 1788 F
751 1746 824 1788 rane
845 1725 1094 1788 molendinatori
1113 1745 1149 1786 ac
1173 1744 1229 1806 per
1253 1745 1326 1786 eum
1351 1727 1415 1788 suis
1441 1727 1529 1790 here·

271 1838 365 1898 dibus
397 1837 566 1898 statuimus
597 1847 752 1916 perpetuo
784 1831 1012 1914 possidendam
1044 1845 1074 1892 et
1105 1831 1412 1914 quomodocumque
1445 1834 1529 1914 juxta

271 1943 496 2004 condicionem
511 1941 645 2002 civitatis
658 1952 824 2022 prenotate
836 1937 974 1999 voluerit
986 1937 1219 2018 disponendam
1235 1938 1287 2017 ita,
1305 1939 1392 2019 quod
1410 1954 1530 2002 sextam

271 2063 392 2131 partem
418 2049 485 2110 vini
510 2045 733 2109 communitati
762 2047 885 2107 solvere
916 2057 1062 2106 teneatur
1087 2063 1284 2126 possessores
1316 2045 1415 2126 ipsius
1438 2047 1530 2108 vinee

269 2175 328 2236 pro
353 2168 498 2236 tempore
523 2153 697 2214 constituti.

378 2261 455 2322 Item
481 2259 603 2342 Symon
635 2256 720 2320 filius
751 2256 915 2318 Benedicti
947 2255 1077 2337 jobagio
1108 2257 1245 2318 Barbare
1274 2255 1339 2319 filie
1364 2256 1531 2320 Michaelis

271 2367 450 2428 Sebastiani
476 2385 569 2447 supra
593 2378 698 2443 testes,
723 2382 804 2444 quos
828 2363 858 2424 in
892 2361 975 2424 lacto
1007 2361 1173 2424 cuiusdam
1206 2363 1297 2424 bovis
1320 2363 1451 2444 litigiosi
1476 2383 1532 2446 per

272 2473 375 2554 ipsum
403 2471 578 2554 Symonem
604 2470 635 2531 in
662 2469 731 2532 loro
749 2469 913 2530 communi
938 2469 1066 2550 publice
1090 2488 1197 2529 coram
1215 2469 1290 2551 ipsis
1313 2470 1447 2532 testibus
1471 2489 1530 2552 pro

270 2591 353 2638 certa
379 2577 587 2660 pecuniarum
619 2576 795 2657 quantitate
827 2575 1014 2656 comparati,
1047 2575 1142 2636 hodie
1175 2595 1230 2656 per
1252 2574 1531 2656 adjudicacionem

270 2683 447 2763 juratorum
473 2697 582 2745 contra
599 2682 761 2744 Andream
787 2681 888 2743 filium
915 2680 1000 2743 Galli
1018 2681 1224 2763 jobagionem
1247 2682 1371 2744 domini
1390 2683 1531 2745 Ladislai

271 2787 381 2851 militis
406 2789 482 2850 dieti
507 2789 668 2872 Byczlrely
693 2788 732 2850 de
758 2789 933 2866 Zelnawar,
967 2807 1023 2870 per
1047 2787 1323 2868 adjudicacionetn
1354 2788 1531 2870 juratorum

274 2894 377 2976 jurare
402 2894 514 2956 debuit
537 2913 698 2977 supereo,
723 2907 758 2956 ut
783 2894 847 2976 ipse
866 2894 987 2976 Symon
1011 2893 1189 2975 predictum
1214 2896 1330 2956 bovem
1355 2895 1531 2977 litigiosum

273 3002 304 3062 in
330 3001 472 3083 predicto
498 2999 568 3062 loro
593 3015 702 3062 nostro
735 3001 899 3062 communi
932 3001 1049 3062 emita
1082 3000 1224 3081 quodam
1248 3000 1380 3063 homine
1412 3001 1531 3064 forensi

274 3120 305 3169 et
328 3108 415 3189 quod
441 3108 507 3189 ipse
532 3107 666 3168 nescivit
689 3106 777 3188 quod
802 3105 942 3188 prelatus
966 3108 1024 3168 bos
1048 3105 1158 3168 fuisset
1180 3107 1376 3185 subtractus;
1402 3111 1530 3190 etquis

273 3215 340 3294 ipse
365 3212 486 3295 Symon
512 3214 616 3294 ipsum
635 3212 848 3294 juramentum
874 3211 970 3274 hodie
988 3212 1136 3294 deposuit
1160 3225 1192 3274 et
1215 3214 1350 3294 prestitit
1374 3215 1455 3276 sicut
1472 3217 1532 3276 sibi

273 3318 331 3381 luit
355 3318 585 3400 adjudicatum,
610 3319 683 3380 ideo
708 3319 811 3400 ipsum
838 3321 877 3380 ab
902 3319 970 3399 ipso
995 3318 1175 3398 juramento
1192 3320 1413 3382 commisimus
1438 3340 1533 3403 expe·

272 3425 375 3486 ditum
386 3445 394 3500 3
405 3425 471 3507 ipse
489 3439 595 3485 autem
613 3425 757 3486 Andreas
769 3443 863 3505 super
880 3425 998 3485 collum
1013 3423 1124 3506 prefati
1140 3426 1242 3503 bovis,
1256 3427 1394 3487 eundem
1413 3428 1530 3488 bovem

274 3551 369 3612 super
394 3530 514 3591 collum
538 3530 763 3612 amplexando,
787 3549 843 3612 per
870 3529 1146 3610 adjudicacionem
1170 3530 1346 3612 juratorum
1370 3532 1467 3594 hodie
1486 3531 1533 3613 ju-

278 3656 345 3697 rare
370 3636 530 3697 tenebitur
561 3656 656 3718 super
687 3656 736 3716 en,
769 3636 856 3717 quod
890 3637 955 3717 ipse
986 3637 1044 3697 bos
1068 3635 1227 3718 litigiosus
1258 3656 1334 3699 suus
1357 3659 1450 3700 verus
1476 3640 1533 3700 bos

275 3741 395 3820 luisset,
421 3758 451 3805 et
475 3743 622 3825 deposito
647 3743 715 3826 ipso
740 3742 932 3824 juramenta
964 3743 1131 3825 pecuniam
1166 3743 1264 3825 ipsius
1289 3745 1449 3827 Symonis,
1474 3765 1532 3828 pro

273 3869 336 3930 qua
362 3850 466 3931 ipsum
493 3851 608 3912 bovem
640 3851 837 3932 comparavit
868 3849 952 3910 idem
983 3849 1115 3932 Symon,
1148 3849 1252 3912 eidem
1277 3851 1422 3912 Andreas
1447 3853 1533 3913 resti-

274 3967 363 4016 tuere
387 3954 494 4036 debet,
526 3969 556 4018 et
580 3955 605 4016 si
637 3956 780 4018 restituet
811 3957 912 4036 ipsam
944 3956 1113 4037 pecuniam
1142 3969 1218 4017 tunc
1250 3959 1366 4018 bovem
1391 3959 1534 4041 recipiet,

274 4063 299 4123 si
325 4077 429 4124 autem
456 4082 533 4142 non,
557 4077 632 4124 tunc
656 4065 771 4124 bovem
796 4081 870 4125 non.

382 4185 461 4247 ltem
478 4187 623 4248 Andreas
640 4185 734 4266 judex
751 4185 847 4248 hodie
865 4205 920 4268 per
937 4185 1213 4266 adjudicationem
1231 4187 1407 4269 juratorum
1425 4204 1533 4251 contra

273 4290 489 4373 Bolfgangum
515 4292 777 4354 Theuthonicum
814 4293 1000 4354 servitorem
1026 4292 1217 4375 Frostayner
1241 4293 1460 4356 Theuthonici
1485 4294 1534 4375 ju·

274 4398 353 4459 ravit
376 4399 443 4459 sola
465 4418 521 4459 sua
546 4398 578 4459 in
602 4418 737 4480 persona
762 4418 930 4479 supereo,
956 4411 989 4459 ut
1006 4398 1073 4479 ipse
1104 4399 1277 4460 tentorium
1302 4400 1416 4461 baliste
1444 4400 1535 4463 theu·

275 4502 445 4565 thonicalis
462 4517 492 4566 et
509 4503 656 4566 faretram
682 4505 828 4566 similiter
844 4503 1115 4566 theuthonicalem
1133 4505 1232 4587 ipsius
1250 4505 1420 4588 Rolfgangi
1435 4508 1536 4569 nescit

276 4629 341 4690 quo
366 4610 495 4672 devenit
518 4623 664 4692 tempore
689 4611 828 4671 incendii
852 4611 968 4671 domus
996 4629 1051 4672 sue
1076 4629 1133 4671 nec
1158 4610 1244 4671 idern
1274 4612 1448 4673 tentorium
1475 4633 1536 4674 nec

279 4716 345 4797 ipsa
376 4715 490 4778 faretra
521 4717 650 4778 suntin
683 4717 762 4779 scitu
787 4717 885 4799 ipsius
917 4716 1044 4777 Andree
1075 4715 1200 4798 judicis,
1224 4718 1279 4779 sed
1312 4718 1342 4778 in
1367 4719 1458 4780 totali
1484 4739 1535 4779 ac-

278 4823 369 4884 cione
395 4823 493 4904 ipsius
518 4821 687 4902 Bollgangi
712 4823 845 4884 omnino
870 4837 916 4882 est
944 4822 1097 4882 innocens
1121 4836 1151 4883 et
1176 4824 1335 4901 innoxius,
1354 4837 1384 4885 et
1408 4825 1450 4885 ob
1476 4823 1536 4886 hoc

279 4929 383 5009 ipsum
428 4929 589 4990 Andream
631 4928 767 5009 judicem
805 4929 844 4990 de
884 4929 1010 4990 racione
1052 4928 1193 5008 predicta
1235 4931 1434 4992 reddidimus
1469 4929 1537 4993 fore

277 5035 472 5116 expeditum.
