3734 5796
481 583 542 663 306
872 584 1072 662 Anno1439.
1099 619 1139 628 —
1164 593 1210 660 17.
1234 581 1355 658 aprilis.

480 815 618 876 cumque
645 796 783 858 voluerit
800 795 1035 878 disponendam
1053 795 1140 876 juxta
1163 795 1336 877 predictam
1356 796 1583 862 condicionem
1608 793 1711 855 civitatis
1820 785 1821 835 i

480 915 664 983 prenotate;
688 901 727 964 de
752 922 816 984 qua
832 901 1076 984 adjudicacione
1094 902 1227 964 domina
1244 902 1421 984 Elyzabeth
1445 901 1555 963 relicta
1579 900 1710 963 Valentini
1818 875 1828 949 l

480 1027 565 1070 nunc
583 1027 716 1070 consors
733 1009 874 1090 magistri
894 1007 1049 1070 lobannis
1064 1006 1201 1090 lapicide
1218 1019 1252 1068 ut
1269 1009 1348 1068 atrix
1371 1027 1436 1069 non
1454 1021 1616 1086 contenta,
1634 1006 1710 1089 appel-

479 1115 557 1176 lavit
581 1116 716 1177 eandem
741 1135 867 1176 causam
893 1116 932 1176 ad
958 1115 1227 1177 deliberacionem
1245 1115 1408 1176 seniorum
1433 1114 1578 1196 judicum
1603 1111 1708 1176 civitatis
1819 1099 1820 1115 ³

479 1221 600 1302 prefate
625 1242 681 1304 per
705 1222 835 1286 eosdem
861 1221 1102 1284 deliberandam
1128 1233 1159 1282 et
1182 1221 1426 1283 terminandam.

547 1389 643 1464 Faria
670 1401 769 1464 sexta
802 1394 955 1482 proxima
984 1398 1059 1480 post
1085 1391 1207 1462 festum
1234 1391 1323 1462 beati
1353 1391 1504 1479 Gregorii
1533 1411 1617 1480 pape
1643 1397 1667 1461 et

1035 1515 1194 1588 doctoris.

1008 1678 1068 1745 (13.
1091 1667 1211 1736 martii).

586 1808 664 1870 ltem
689 1809 846 1870 Martinus
868 1822 956 1870 sutor
973 1810 1064 1890 niger
1085 1821 1194 1870 contra
1212 1808 1375 1891 Mathyam
1393 1807 1575 1868 sellatorem
1601 1802 1709 1868 secundo

479 1916 593 1976 citatus
617 1933 682 1975 non
710 1915 899 1996 comparuit.

585 2020 662 2081 ltem
688 2019 802 2081 Gallus
825 2020 954 2102 jobagio
974 2021 1138 2083 Benedicti
1160 2021 1218 2082 filii
1236 2021 1403 2083 Michaelis
1427 2019 1606 2084 Sebastiani
1631 2028 1709 2080 contra

480 2126 642 2208 Mathyam
669 2126 786 2187 Farkas
810 2127 913 2208 primo
938 2129 1051 2189 citatus
1075 2147 1140 2188 non
1165 2129 1353 2209 comparuit.

585 2233 663 2294 ltem
695 2233 771 2314 quia
804 2232 984 2314 Stephanus
1015 2232 1099 2295 filius
1131 2247 1162 2294 et
1192 2234 1293 2295 Elena
1322 2255 1359 2295 ac
1390 2235 1488 2296 altera
1513 2233 1614 2294 Elena
1641 2230 1707 2291 aliter

479 2339 563 2400 llena
589 2351 710 2416 vocata,
734 2337 799 2400 filie
829 2339 966 2400 condam
991 2340 1111 2400 Vrbani
1144 2339 1318 2422 Zwektycb
1351 2339 1408 2401 lilii
1434 2339 1601 2400 Michaelis
1623 2337 1654 2398 de
1673 2335 1709 2395 la·

478 2444 606 2527 rebych,
631 2445 719 2526 olym
752 2445 892 2506 concivis
923 2445 1033 2524 nostri,
1059 2445 1090 2506 id
1115 2446 1198 2507 clare
1230 2459 1261 2507 et
1284 2445 1478 2508 sufficienter
1510 2464 1617 2506 coram
1637 2439 1705 2503 nobis

479 2553 513 2612 in
538 2551 658 2632 judicio
691 2551 773 2612 clare
806 2553 1067 2633 comprobarunt,
1099 2567 1134 2613 ut
1165 2552 1224 2634 ipsi
1257 2551 1380 2635 prefato
1412 2553 1542 2614 Vrbano
1566 2545 1708 2629 Zwektych

481 2677 578 2740 quarn
610 2657 859 2740 propinquiores
891 2657 1023 2719 heredes
1055 2658 1265 2720 dinoscuntur
1297 2657 1364 2720 fore
1392 2679 1429 2720 ex
1455 2679 1472 2720 a
1505 2673 1590 2720 certo
1613 2671 1639 2717 et
1657 2655 1707 2734 ipso

481 2777 609 2826 mortuo
633 2784 689 2825 seu
713 2765 752 2825 ab
770 2763 829 2825 hac
852 2765 923 2826 luce
940 2766 1086 2826 intestate
1112 2765 1241 2827 decesso
1260 2767 1344 2827 bona
1362 2766 1496 2827 mobilia
1518 2780 1548 2826 et
1572 2760 1708 2826 inmobilia

480 2870 580 2952 ipsius
603 2869 724 2932 Vrbani
747 2871 780 2931 in
803 2871 964 2932 territorio
985 2884 1094 2932 nostro
1119 2891 1175 2932 seu
1192 2871 1323 2933 civitate
1344 2871 1486 2953 predicta
1502 2869 1617 2948 habita,
1637 2884 1707 2947 supet

479 2975 638 3057 predictos
656 2975 854 3057 Stephanum
871 2975 973 3038 filium
992 2990 1022 3037 et
1045 2977 1178 3038 Elenam
1196 2998 1232 3038 ac
1249 2979 1380 3040 alteram
1399 2977 1534 3040 Elenam
1553 2977 1627 3039 filias
1640 2975 1708 3036 aliter

480 3082 565 3144 llena
589 3095 735 3144 vocatam
760 3097 925 3164 tamquam
949 3084 1196 3166 propinquiores
1224 3083 1357 3146 heredes
1381 3085 1481 3166 ipsius
1504 3084 1618 3146 Vrbani
1640 3082 1708 3142 Zae-

479 3188 576 3271 krych
601 3188 688 3269 juxta
713 3189 811 3269 ipsius
828 3189 962 3250 civitatis
985 3191 1150 3271 antiquam
1168 3191 1432 3252 consuetudinem
1451 3206 1481 3252 et
1505 3189 1707 3272 privilegiatam

480 3294 660 3357 libertatem
696 3295 735 3356 de
770 3294 839 3375 jure
871 3295 1019 3356 videntur
1052 3295 1242 3374 redundari,
1275 3295 1413 3378 ideoque
1446 3315 1504 3357 nos
1536 3295 1707 3357 medietatem

479 3401 646 3462 cuiusdam
671 3400 798 3478 domus,
830 3399 920 3461 fundi
946 3415 976 3462 et
1007 3399 1229 3462 hedificiorum
1262 3403 1294 3462 in
1320 3401 1403 3464 dicta
1436 3403 1564 3464 civitate
1585 3400 1707 3473 habitan,

479 3508 585 3588 ipsum
610 3507 732 3569 scilicet
756 3508 921 3569 Vrbanum
947 3507 1120 3589 Zwekrych
1143 3507 1277 3589 juridice
1298 3523 1555 3587 concernentem,
1578 3526 1640 3568 cum
1659 3502 1708 3564 suis

479 3613 670 3674 utilitatibus
695 3629 725 3674 et
749 3613 954 3695 pertinenciis
978 3613 1134 3674 universis
1149 3611 1278 3695 prelatis
1303 3613 1465 3696 Stephano
1490 3613 1558 3676 filio
1580 3625 1607 3675 et
1628 3609 1705 3672 Elene

478 3739 514 3780 ac
539 3719 629 3780 alteri
655 3719 755 3780 Elene
779 3719 906 3780 filiabus
930 3719 1029 3800 ipsius
1046 3719 1165 3780 Vrbani
1189 3733 1355 3801 tamquam
1372 3719 1644 3802 propinquioribus
1664 3715 1704 3774 he·

479 3825 609 3887 redibus
634 3825 777 3886 eiusdem
799 3825 929 3902 Vrbani,
954 3845 989 3886 ac
1022 3845 1077 3906 per
1093 3845 1149 3886 eos
1169 3825 1312 3906 ipsorum
1328 3825 1501 3888 heredibus
1524 3825 1670 3888 statuimus
1683 3830 1706 3881 et

481 3930 703 3991 commisimus
728 3951 765 3992 ex
790 3930 951 4012 premissis
976 3931 1043 4010 jure
1074 3943 1229 4012 perpetuo
1252 3930 1481 4012 possidendam
1505 3946 1536 3993 et
1558 3925 1705 4012 quomodo-

480 4056 618 4117 cumque
636 4037 797 4097 voluerint
814 4036 1047 4118 disponendam
1069 4036 1154 4118 juxta
1172 4035 1396 4098 condicionem
1414 4039 1550 4100 civitatis
1570 4043 1705 4119 prenotate

479 4144 518 4203 ab
543 4142 676 4224 antiquo
701 4143 920 4224 approbatam.

584 4248 662 4310 Item
690 4247 834 4330 Mathyas
859 4248 977 4309 Farkas
1001 4262 1110 4310 contra
1135 4249 1223 4310 Jurse
1249 4251 1428 4312 carnificem
1461 4247 1594 4313 secundo
1616 4247 1705 4308 citatus

479 4377 543 4417 non
570 4355 758 4437 comparuit.

551 4522 647 4596 Feria
675 4531 772 4594 sexta
802 4525 956 4612 proxima
985 4531 1061 4612 post
1089 4525 1210 4596 festum
1240 4531 1435 4596 sanctorum
1463 4525 1602 4597 Tiburcii
1626 4529 1653 4592 et

915 4647 1085 4718 Valeriani
1115 4650 1304 4719 martirum.

1000 4806 1063 4879 (17.
1095 4803 1222 4876 aptita).

586 4944 661 5005 Item
681 4943 800 5004 Mathai
818 4943 858 5003 de
878 4943 1015 5004 Chasma
1033 4956 1141 5004 contra
1160 4942 1481 5005 dominamElenam
1497 4945 1623 5006 relictam
1638 4935 1699 5015 Elye

478 5050 662 5110 stacionarii
686 5049 792 5131 primo
816 5051 930 5111 citatus
954 5069 1018 5111 non
1043 5050 1233 5132 comparuit.
