3734 5796
606 528 809 608 Ann01438.
836 565 875 574 -
900 529 950 592 16.
974 531 1055 593 maii.

1404 530 1467 612 287

203 764 289 825 dicio
313 779 345 826 et
377 763 621 846 adjudicacione
655 762 721 844 ipse
754 761 906 824 dominus
938 760 1084 844 Mathyas
1114 761 1270 844 presbiter
1301 781 1365 824 non
1392 781 1467 822 con-

203 885 310 931 tentus
333 870 510 954 appellavit
534 869 669 931 eandem
695 887 821 929 causam
855 867 886 929 in
910 867 1110 950 presenciam
1134 867 1297 928 seniorum
1322 867 1467 950 judicum

202 977 337 1038 civitatis
362 990 528 1058 prenotate
559 995 615 1058 per
647 975 778 1038 eosdem
807 973 1046 1056 dijudicandam
1079 985 1110 1034 et
1134 971 1196 1034 fine
1221 973 1330 1034 debito
1358 973 1468 1035 termi-

202 1083 354 1145 nandam.

335 1318 434 1394 lesia
462 1329 562 1392 sexta
590 1322 746 1410 proxima
775 1328 853 1392 ante
882 1320 1082 1392 dominicam
1112 1319 1348 1408 Rogacionum.

750 1488 816 1571 (16.
840 1492 933 1570 mari').

311 1651 389 1712 ltem
415 1650 491 1732 quia
516 1651 564 1712 vir
586 1649 739 1733 providus
759 1649 905 1711 Thomas
928 1663 1029 1710 sartor
1045 1647 1130 1710 filius
1147 1647 1303 1709 lobannis
1327 1647 1468 1708 concivis

206 1771 313 1819 noster
338 1757 370 1818 id
396 1776 469 1819 cum
493 1755 664 1818 sufficienti
696 1769 727 1818 et
758 1754 922 1836 fidedigno
954 1768 1136 1816 nostrorum
1168 1753 1350 1816 concivium
1381 1753 1467 1814 testi·

204 1864 316 1926 monio
341 1864 372 1924 in
397 1864 472 1925 sede
498 1877 604 1924 nostra
630 1862 796 1944 judiciaria
817 1862 900 1922 clare
925 1874 955 1923 et
971 1861 1089 1922 seriose
1114 1859 1336 1942 comprobavit
1359 1877 1467 1919 coram

203 1969 310 2048 nobis,
336 1983 370 2040 ut
394 1969 471 2030 dum
505 1969 639 2048 provida
671 1968 808 2029 condam
840 1968 957 2028 mulier
980 1966 1094 2028 Vrsula
1126 1965 1217 2026 aliter
1242 1963 1467 2027 Gerlichichna

207 2089 319 2138 vocata
337 2077 368 2136 in
386 2075 534 2138 extremis
551 2075 615 2137 vite
631 2095 687 2136 sue
704 2075 891 2156 temporalis
907 2073 1093 2150 laborasset,
1114 2086 1191 2134 tunc
1208 2071 1274 2154 ipsa
1292 2071 1467 2152 quamdam

208 2183 341 2244 domum
374 2201 464 2243 suam
499 2201 571 2242 cum
603 2179 705 2242 fundo
738 2195 768 2242 et
797 2179 954 2242 hedificiis
984 2179 1125 2240 indicta
1157 2179 1283 2240 civitate
1317 2176 1469 2254 habitam,

204 2291 305 2370 ipsam
339 2287 472 2368 juridice
504 2300 535 2348 et
566 2287 739 2348 literatorie
772 2299 1036 2363 concernentem,
1061 2305 1134 2346 cum
1167 2285 1232 2345 suis
1264 2282 1468 2366 pertinenciis

206 2394 329 2479 prelato
354 2395 483 2457 Thome
508 2393 620 2455 sartori
646 2413 704 2474 pro
721 2407 859 2474 quatuor
884 2391 953 2455 flor.
970 2393 1050 2470 anri,
1074 2411 1131 2474 per
1147 2389 1287 2452 eundem
1304 2389 1469 2451 Thomam

206 2516 362 2564 sartorem
386 2501 446 2562 sibi
469 2500 563 2582 plene
588 2501 768 2582 persolutis,
797 2519 905 2560 coram
938 2499 1082 2582 pluribus
1106 2497 1277 2578 fidedignis
1309 2497 1395 2574 viris,
1420 2495 1468 2576 ju·

205 2609 281 2670 ratis
305 2607 454 2669 videlicet
478 2607 664 2670 concivibus
688 2607 813 2685 nostris,
840 2626 897 2668 seu
931 2606 963 2667 in
987 2605 1151 2687 presencia
1184 2623 1297 2666 eorum
1321 2601 1466 2664 confessa

205 2729 252 2776 est
285 2713 467 2776 vendidisse
493 2727 523 2775 et
554 2713 700 2776 vendidit
727 2733 764 2775 ex
795 2725 912 2790 acert0,
945 2725 1040 2793 prout
1064 2711 1161 2772 iidem
1194 2709 1288 2792 jurati
1320 2709 1468 2770 concives

206 2821 305 2882 nostri
330 2819 424 2881 uobis
447 2821 506 2881 sub
523 2819 703 2900 juramento
725 2819 913 2897 retulerunt,
930 2817 1068 2898 ideoque
1087 2835 1144 2877 nos
1169 2815 1305 2878 eaodem
1323 2813 1469 2892 domum,

206 2926 342 2988 fundum
369 2937 400 2988 et
422 2924 570 2987 hedificia
595 2924 716 3008 prefate
741 2925 885 2986 mulieris
917 2942 990 2985 cum
1014 2922 1166 2984 omnibus
1188 2923 1253 2983 suis
1277 2919 1470 2982 utilitatibus

207 3047 238 3094 et
262 3033 468 3115 pertinenciis
499 3032 656 3094 universis
688 3032 831 3115 predicto
856 3031 985 3093 Thome
1016 3029 1129 3090 sartori
1162 3047 1198 3090 ac
1229 3047 1382 3110 pereum
1407 3027 1473 3087 suis

207 3139 379 3201 heredibus
403 3139 572 3200 statuimus
589 3151 620 3199 et
644 3138 864 3199 commisimus
881 3157 917 3198 ex
935 3135 1097 3220 premissis
1114 3135 1180 3218 jure
1198 3148 1354 3217 perpetuo
1371 3133 1472 3217 possi-

207 3246 345 3308 dendam
371 3259 402 3306 et
418 3245 726 3327 quomodocumque
739 3243 878 3306 voluerit
895 3242 1127 3324 disponendam
1143 3239 1228 3321 juxta
1246 3241 1471 3302 condicionem

209 3351 345 3414 civitatis
369 3363 535 3434 prenotate
560 3353 599 3411 ab
624 3351 757 3432 antiquo
782 3351 1001 3432 approbatam.

316 3477 395 3538 Item
428 3475 504 3557 quia
537 3475 618 3536 circa
650 3473 842 3536 Michaelem
874 3471 1001 3534 labrum
1032 3471 1134 3534 hlium
1168 3470 1320 3554 Symonis
1351 3469 1471 3531 dictum

210 3581 323 3664 Syrow
347 3582 386 3643 de
412 3580 499 3644 furtu
523 3581 579 3642 illo
604 3581 636 3641 in
662 3600 727 3663 quo
754 3599 811 3662 per
842 3579 1040 3661 pridiernum
1067 3578 1268 3640 Demetrium
1292 3575 1395 3638 iurem
1420 3596 1471 3636 su·

209 3707 371 3769 spensam,
395 3687 427 3749 in
452 3687 589 3750 vinculis
612 3687 810 3765 existentem,
835 3684 1016 3747 diffamatus
1051 3684 1163 3762 extitit,
1187 3703 1253 3744 non
1279 3696 1324 3744 est
1348 3681 1472 3764 aliquid

209 3793 240 3854 in
266 3793 414 3856 manibus
437 3793 502 3854 suis
533 3794 711 3872 inventum,
742 3792 816 3854 ideo
848 3791 942 3872 jurati
975 3789 1248 3870 adjudicaverunt,
1281 3787 1369 3871 quod
1403 3789 1471 3868 ipse

209 3899 346 3961 Michsel
371 3897 460 3961 faber
484 3913 572 3960 sexto
596 3919 630 3960 se
655 3898 799 3981 personis
822 3897 881 3960 sibi
906 3897 1066 3958 similibus
1098 3908 1212 3957 octavo
1237 3894 1289 3956 die
1314 3893 1469 3956 hodierne

210 4004 273 4067 diei
299 4025 394 4088 super
418 4027 506 4068 aram
531 4007 562 4067 in
588 4005 719 4067 ecclesia
744 4005 843 4066 sancti
860 4003 957 4064 Marci
974 4001 1180 4082 ewangeliste
1203 4021 1261 4083 pro
1286 4002 1334 4062 sui
1359 4020 1472 4082 expur-

209 4113 344 4194 gacioue
370 4113 465 4174 debet
489 4112 593 4192 jurare
624 4131 720 4195 super
753 4132 803 4190 eo,
828 4123 862 4171 ut
893 4110 958 4191 ipse
984 4109 1015 4170 in
1049 4107 1194 4190 predicto
1219 4105 1305 4168 furtu
1329 4127 1393 4168 non
1427 4119 1474 4167 est

210 4219 368 4302 particeps
392 4239 450 4281 nec
475 4231 521 4280 est
546 4219 692 4280 conscius
708 4217 831 4300 aliquid
855 4215 982 4298 penitus
998 4215 1054 4276 sed
1079 4227 1126 4276 est
1148 4213 1249 4296 justus
1267 4229 1297 4275 et
1321 4213 1472 4276 innoxius

212 4325 346 4386 omnino
372 4325 405 4386 in
428 4324 601 4407 premissis.

315 4447 395 4510 ltem
425 4447 519 4529 jurati
552 4446 826 4530 adjudicaverunt,
862 4445 950 4528 quod
983 4444 1171 4508 Valentinus
1202 4443 1288 4504 filius
1321 4441 1473 4524 Stephani

210 4553 367 4617 tributarii
391 4553 459 4616 sola
482 4573 538 4615 sua
563 4553 595 4614 in
627 4572 763 4636 persona
796 4565 909 4614 octavo
933 4551 985 4612 die
1009 4570 1104 4633 super
1134 4569 1223 4612 aram
1249 4548 1344 4610 debet
1368 4547 1474 4628 jurare

210 4680 306 4744 super
329 4679 379 4739 en,
403 4673 437 4721 ut
461 4659 528 4742 ipse
553 4659 585 4720 in
610 4659 717 4720 valore
743 4658 886 4740 quinque
910 4656 980 4720 flor.
1000 4657 1067 4718 auri
1093 4656 1271 4738 dampnum
1295 4673 1405 4736 passus
1431 4667 1477 4714 est

211 4769 243 4829 in
268 4767 367 4829 domo
394 4785 450 4828 sus
482 4785 521 4827 eo
553 4779 697 4848 tempore
729 4783 794 4846 quo
827 4765 955 4826 incensa
987 4777 1018 4824 et
1050 4775 1251 4826 concremata
1275 4759 1336 4822 luit
1360 4759 1476 4822 domus

212 4873 346 4952 Georgii
370 4871 496 4954 judicis,
520 4892 576 4955 per
603 4872 846 4932 distraccionem
871 4870 970 4952 ipsius
998 4869 1114 4930 domus
1138 4889 1205 4947 sue,
1230 4867 1306 4950 quia
1330 4886 1369 4928 eo
1393 4879 1473 4928 tem·

209 4999 287 5064 pore
312 4977 373 5042 fuit
398 4979 546 5042 distracta
570 4979 638 5060 ipsa
663 4979 780 5042 domus
803 4997 859 5040 sua
884 4977 1035 5040 maxime.
