3678 5800
444 575 508 632 204
662 603 665 612 .
809 563 1006 640 Anno1434.
1030 597 1075 606 -
1094 561 1146 624 26.
1162 564 1329 640 februan'i.

644 772 724 833 Item
749 769 842 856 Gyan
866 771 1009 856 pellifex.

644 877 720 939 Item
747 879 854 962 Elyas.

644 986 723 1048 Item
746 985 928 1047 Demetrius
951 985 1088 1052 institor.
1278 991 1412 1073 Lingua
1435 994 1608 1058 slavonica.

644 1093 723 1155 Item
746 1092 930 1154 Demetrius
952 1093 1065 1156 cultor.
1216 1013 1232 1236 Ι

644 1200 721 1262 Item
747 1197 893 1282 Mathyas
909 1197 1165 1286 Ke(r)zowaych.

643 1413 721 1475 Item
746 1409 917 1492 Georgius.

643 1519 722 1580 Item
746 1517 869 1578 Petrus.

642 1625 721 1688 Item
749 1622 912 1687 Nicolaus.
1189 1626 1321 1708 Lingwa
1350 1626 1535 1710 hungarica.

643 1731 720 1794 Item
745 1729 825 1792 alter
850 1730 1012 1792 Nicolaus.
1126 1643 1144 1872 Ι

643 1839 720 1900 Item
745 1836 857 1899 Petrus
884 1836 975 1899 alter.

641 2053 721 2116 Item
746 2050 927 2133 Stephanus
950 2049 1057 2132 judex.

640 2160 718 2222 Item
744 2159 836 2223 Pero.

640 2267 719 2330 Item
744 2265 875 2328 JaxInus
900 2264 1087 2349 Bolyetych.
1187 2263 1322 2347 Lingwa
1345 2261 1541 2327 theutonica.

641 2373 719 2438 Item
745 2371 893 2435 Michael.
1124 2283 1140 2511 Ι

641 2481 719 2544 Item
747 2479 919 2542 Iohannes.

547 2711 625 2774 Item
649 2709 789 2794 prelatus
806 2709 967 2772 Iohannes
980 2707 1076 2790 judex
1093 2707 1209 2770 eteius
1232 2706 1326 2790 jurati
1350 2726 1386 2769 ac
1404 2705 1579 2769 consiliarii
1595 2725 1689 2789 supra·

442 2819 525 2881 dicta
550 2818 660 2880 omnia
690 2829 805 2878 statuta
838 2829 870 2878 et
901 2814 1027 2877 decreta
1050 2827 1117 2877 tarn
1148 2814 1181 2876 in
1205 2813 1347 2895 antIquis
1378 2833 1475 2896 quam
1500 2813 1533 2875 in
1566 2811 1688 2896 presenti

438 2925 577 2988 lraternis
600 2923 803 3005 conscripta,
828 2921 869 2982 ad
894 2921 1060 2982 uniuersos
1091 2933 1238 3003 punctos,
1251 2917 1285 3003 (l)
1316 2919 1474 2982 clausulas
1499 2931 1531 2982 et
1553 2917 1688 2981 articulos

445 3051 557 3093 eorum
583 3042 739 3113 perpetuo
763 3041 794 3090 et
818 3027 1047 3089 inviolabiliter
1074 3026 1226 3088 valituras
1242 3024 1471 3088 confirmarunt
1492 3024 1686 3087 observanda.

550 3136 627 3198 Item
641 3155 714 3198 cum
735 3139 844 3216 Agnes
860 3133 986 3212 muIIer,
1004 3133 1113 3194 relicta
1137 3132 1276 3194 condam
1293 3132 1418 3194 Nicolai
1436 3131 1493 3194 filii
1519 3132 1601 3194 Iwan
1617 3129 1685 3192 fabri

441 3255 472 3304 et
497 3242 664 3304 Emericus
687 3259 723 3302 ac
747 3240 934 3302 Leonardus
955 3238 1012 3300 lilii
1029 3237 1142 3321 prefati
1167 3238 1292 3300 Nicolai
1317 3257 1354 3300 err
1372 3237 1488 3300 eodem
1505 3251 1537 3301 et
1560 3235 1685 3321 predicta

441 3353 566 3430 Agnete
590 3348 726 3409 muliere
749 3344 904 3428 legittime
928 3346 1088 3428 progeniti
1109 3359 1140 3408 et
1163 3345 1320 3428 procreati
1346 3345 1379 3406 in
1394 3344 1538 3426 generali
1562 3358 1591 3406 et
1611 3361 1686 3405 com·

444 3453 534 3515 muni
559 3469 666 3516 nostra
690 3452 943 3534 congregacione
968 3452 1000 3512 iu
1024 3451 1187 3533 presencia
1211 3451 1315 3513 tocius
1343 3451 1584 3513 communitatis
1604 3468 1686 3532 super

446 3560 639 3623 vendIcIone
669 3559 836 3622 cuiusdam
866 3559 959 3619 vinee
992 3557 1234 3636 condicionalis,
1259 3557 1346 3639 ipsos
1376 3556 1551 3618 literatorie
1574 3573 1685 3617 concer-

446 3681 553 3746 neme,
577 3665 750 3728 sessionem
785 3663 955 3742 faciebant,
990 3677 1066 3725 tuuc
1100 3664 1176 3745 quia
1207 3676 1273 3725 tota
1309 3662 1523 3724 communitas
1544 3661 1686 3745 predictos

440 3772 626 3836 Emericum
651 3785 682 3833 et
706 3770 911 3833 Leonardum
935 3771 1058 3832 invenit
1081 3767 1150 3831 fore
1170 3771 1201 3831 iu
1227 3782 1351 3831 matura
1375 3787 1486 3831 eorum
1513 3781 1592 3831 etate
1607 3767 1682 3828 vide·

440 3879 515 3941 licet
539 3878 571 3940 in
595 3878 655 3940 XV
679 3877 771 3939 annis
794 3877 993 3956 constitutos,
1018 3888 1049 3939 et
1070 3876 1166 3957 digne
1190 3896 1226 3938 ac
1242 3875 1463 3959 jurisconsone
1488 3895 1578 3958 posse
1593 3873 1683 3936 lacere

436 3985 609 4048 laesionem
633 3985 822 4067 predictam,
849 3984 987 4066 ideoque
1012 4003 1049 4045 ex
1074 3982 1212 4046 fassione
1231 3984 1375 4066 ipsorum
1400 3983 1540 4045 Emerici
1564 3995 1591 4044 et
1613 3982 1683 4044 Leo·

437 4091 529 4154 nardi
565 4111 601 4153 ac
632 4091 774 4173 predicte
799 4090 932 4171 Agnetis
964 4090 1073 4153 matris
1104 4109 1216 4152 eorum
1249 4109 1344 4171 supra
1375 4088 1477 4169 dicta,
1509 4107 1599 4171 super
1624 4105 1684 4170 pre·

437 4198 521 4260 dicta
555 4197 748 4259 vendicione
780 4197 879 4278 ipsius
911 4195 1004 4258 vinee
1035 4195 1269 4258 condicionalis
1299 4195 1389 4258 litera
1423 4193 1624 4278 privilegialis
1645 4205 1684 4255 est

439 4302 583 4366 conlecta
609 4316 639 4364 et
664 4315 809 4366 emanata
833 4315 979 4384 tempore
995 4301 1153 4384 judicatus
1176 4299 1290 4384 prefati
1307 4300 1421 4382 judicis
1437 4301 1537 4364 nostri
1553 4297 1682 4363 moderni

436 4410 613 4471 secundum
639 4407 905 4470 consuetudinem
929 4408 1064 4470 ciuitatis
1087 4420 1266 4490 prenotate.

542 4515 621 4576 Item
637 4515 771 4576 sabbato
795 4513 941 4596 sequenti
965 4513 1108 4576 seniores
1131 4513 1253 4595 judIces
1275 4533 1404 4576 causam
1428 4515 1461 4577 iu
1487 4513 1567 4577 Iacto
1589 4513 1680 4574 cuius-

437 4619 510 4681 dam
535 4619 633 4682 baltei
667 4620 815 4702 Gregorii
847 4619 962 4702 judicis
994 4619 1200 4702 provincialis
1230 4619 1369 4682 condam
1401 4621 1534 4703 capituli
1565 4617 1691 4706 ecclesie

436 4726 662 4806 zagrabiensis,
687 4726 769 4789 inter
792 4725 932 4789 eundern
958 4725 1151 4808 Gregorium
1172 4725 1310 4808 judicem
1335 4739 1370 4790 ut
1393 4741 1535 4790 actorem
1558 4738 1586 4788 ct
1609 4725 1680 4786 Lau·

436 4831 579 4893 rencium
604 4832 793 4912 institorem,
818 4832 957 4915 juratum
982 4833 1083 4894 civem
1109 4832 1245 4894 civitatis
1276 4831 1427 4915 predicte,
1452 4847 1488 4895 ut
1511 4835 1542 4896 in
1567 4851 1680 4894 causam

437 4950 615 5018 attractum,
642 4937 804 5018 habitam,
836 4959 893 5021 per
921 4938 1041 5020 juratos
1069 4939 1144 5001 anni
1168 4940 1310 5022 preteriti
1343 4939 1558 5022 adjudicatam
1587 4951 1616 5000 et
1635 4955 1682 5020 per

437 5043 542 5128 ipsum
567 5043 761 5127 Gregorium
785 5060 927 5110 actorem
951 5045 989 5107 de
1014 5045 1080 5128 ipsa
1102 5045 1346 5128 adiudicacione
1371 5046 1548 5129 juratorum
1569 5044 1680 5128 predic·
