3876 5798
536 1501 684 1598 (Anno
714 1497 897 1590 Domini
927 1495 1237 1600 MCCCCXLW).

834 1713 939 1721 ——u-

361 1885 601 1901 ..........
628 1857 685 1899 nec
709 1857 759 1898 res
791 1856 903 1898 eorum
928 1838 960 1898 in
985 1837 1105 1898 eisdem
1138 1836 1237 1898 domo
1262 1850 1292 1900 et
1316 1835 1440 1898 scrineo
1465 1837 1519 1898 ha·

256 1945 337 2006 bitas
362 1963 426 2006 non
448 1943 663 2021 subtraxisset,
681 1942 735 2004 sed
754 1943 784 2002 in
811 1943 902 2004 totali
920 1943 1049 2004 accione
1067 1956 1099 2005 et
1115 1942 1333 2024 acquisicione
1358 1943 1519 2004 dictorum

256 2050 433 2133 Mychaelis
457 2065 489 2112 et
512 2049 642 2132 Mathye
667 2048 843 2130 juratorum
869 2049 1022 2111 innocens
1046 2063 1127 2110 esset
1151 2049 1279 2129 penitus
1303 2061 1334 2110 et
1359 2049 1518 2127 innoxius,

257 2157 397 2240 ideoque
422 2159 526 2239 ipsum
550 2157 714 2219 Thomam
739 2155 908 2238 Marysych
925 2156 1053 2218 racione
1076 2155 1210 2238 predicti
1235 2153 1312 2216 furti
1337 2167 1367 2216 et
1392 2155 1519 2216 racione

256 2263 331 2324 dicti
357 2263 528 2344 juramenti
553 2263 718 2324 reddimus
742 2261 810 2324 fore
835 2262 1029 2344 expeditum.

361 2370 438 2431 ltem
464 2369 616 2431 Nicolaus
640 2369 771 2451 juratus,
796 2369 950 2446 literatus,
983 2382 1092 2430 contra
1118 2367 1296 2449 Georgium
1320 2367 1518 2431 aurifabrum

255 2476 396 2538 secundo
421 2477 533 2538 citatus
557 2495 623 2537 non
648 2476 836 2557 comparuit.

361 2581 438 2643 ltem
472 2581 545 2642 licet
570 2581 714 2642 Thomas
746 2580 830 2642 lilius
855 2581 942 2644 Galli
975 2581 1101 2664 pistoris
1132 2600 1254 2663 panum
1286 2582 1317 2642 in
1354 2580 1438 2643 furtu
1463 2601 1519 2644 seu

255 2701 385 2770 propter
418 2687 538 2750 furtum
569 2688 665 2749 unius
696 2687 771 2768 equi
804 2688 942 2749 Emerici
974 2688 1097 2749 clientis
1121 2688 1160 2748 de
1192 2687 1298 2766 Allch,
1322 2707 1418 2769 quem
1452 2689 1518 2771 ipse

256 2793 402 2856 Thomas
426 2795 622 2855 subtraxerat
646 2807 677 2855 et
700 2813 773 2855 cum
791 2813 829 2855 eo
854 2793 1002 2856 saliverat
1020 2794 1060 2856 ad
1084 2794 1257 2874 civitatem,
1282 2809 1413 2877 propter
1430 2794 1518 2876 quod

256 2899 376 2962 lurtum
402 2899 462 2962 fuit
486 2901 633 2962 detentus
657 2913 688 2961 et
712 2899 744 2961 in
770 2920 928 2962 carcerem
962 2900 1077 2962 missus
1101 2915 1132 2962 et
1155 2901 1295 2962 ibidem.
1312 2921 1411 2982 usque
1435 2900 1519 2982 judi-

255 3007 341 3068 cium
367 3007 547 3068 vinculatus
564 3019 595 3068 et
617 3021 820 3068 conservatus
845 3019 901 3085 est,
930 3007 986 3088 qui
1007 3021 1140 3090 propter
1157 3007 1258 3089 ipsam
1284 3007 1410 3088 culpam
1428 3027 1518 3068 sunm

256 3111 458 3174 manifestam
491 3132 588 3194 quam
620 3113 708 3174 solus
740 3110 841 3174 fassus
872 3126 919 3175 est
950 3132 1044 3194 super
1075 3132 1119 3191 se,
1143 3132 1259 3194 penam
1290 3112 1425 3194 patibuli
1454 3111 1518 3193 pati

256 3218 429 3298 debuisset,
453 3233 559 3281 tamen
585 3219 744 3301 peticione
769 3234 800 3280 et
824 3219 1051 3281 intercessione
1076 3219 1201 3281 domini
1226 3218 1380 3280 Johannis
1404 3219 1519 3300 prioris

256 3329 386 3386 Aurane
412 3323 515 3386 fratris
539 3325 663 3386 domini
688 3325 871 3388 Mathlxonis
892 3326 967 3386 bani
991 3325 1084 3387 nobis
1108 3344 1165 3407 pro
1184 3325 1299 3386 eodem
1324 3323 1405 3386 facta
1423 3325 1518 3386 inter·

256 3431 417 3509 veniente,
443 3411 548 3493 eidem
575 3432 702 3493 Thome
728 3430 788 3493 luri
813 3433 914 3493 eciam
947 3446 1077 3514 propter
1108 3431 1360 3514 perpeticionem
1385 3430 1518 3513 predicti

258 3538 396 3598 Emerici
422 3537 546 3598 domini
570 3537 617 3598 sui
644 3553 674 3598 et
706 3538 842 3598 altorum
867 3537 1008 3619 plurium
1041 3539 1217 3620 proborum
1249 3537 1391 3598 virorum
1427 3537 1519 3597 nobis

256 3663 314 3726 pro
340 3645 409 3726 ipso
434 3644 559 3721 iactam,
584 3643 682 3706 talem
705 3645 845 3724 graciam
879 3659 909 3704 et
940 3644 1192 3705 misericordiam
1225 3642 1368 3722 fecimus,
1393 3656 1427 3704 ut
1451 3643 1517 3724 ipse

259 3749 404 3810 Thomas
428 3751 508 3812 liber
532 3751 571 3811 sit
596 3751 650 3811 ubi
675 3751 744 3811 vult
767 3751 931 3812 ambulare
954 3765 985 3811 et
1007 3751 1090 3812 bona
1116 3770 1213 3833 opera
1238 3769 1395 3826 exercere,
1419 3749 1516 3810 sedai

254 3856 371 3917 similia
397 3871 427 3918 et
451 3857 512 3918 alia
537 3858 620 3918 mala
645 3877 742 3939 opera
769 3857 808 3918 de
826 3871 932 3919 cetero
954 3858 1065 3918 fecerit
1085 3870 1115 3918 et
1139 3857 1381 3938 perpetraverit,
1402 3874 1518 3937 penam

255 3982 353 4044 quam
378 3963 572 4026 demeruerit
596 3978 819 4045 consequetur.

362 4070 438 4131 Item
465 4069 639 4151 Gregorius
671 4070 792 4151 juratus
821 4090 920 4150 gener
944 4071 1028 4131 Petri
1061 4069 1272 4131 Wrecharich
1305 4069 1344 4130 ad
1377 4069 1517 4150 primum

256 4176 412 4256 judicium
440 4191 549 4238 contra
575 4176 705 4238 Gallum
732 4176 921 4258 Fermelych
954 4189 988 4237 ut
1019 4189 1158 4238 actorem
1184 4175 1224 4236 ad
1248 4175 1406 4255 justiciam
1430 4189 1517 4236 tene-

255 4283 340 4344 bitur
364 4303 548 4364 comparere
574 4298 605 4344 et
629 4283 733 4344 eidem
753 4282 849 4345 Gallo
873 4297 979 4344 actore
996 4283 1035 4344 ad
1060 4283 1224 4344 accionem
1245 4301 1335 4344 suant
1358 4281 1518 4343 tenebitur

255 4389 460 4471 respondere.

361 4495 439 4556 Item
467 4497 617 4578 magister
642 4496 787 4558 Thomas
811 4497 955 4557 medicus
971 4495 1160 4576 juramenta,
1185 4514 1249 4577 que
1274 4515 1330 4577 per
1354 4495 1516 4576 adjudica·

255 4603 381 4664 tionem
420 4602 595 4682 juratorum
632 4603 815 4685 nuperrime
850 4603 1001 4664 videlicet
1035 4601 1112 4664 feria
1148 4615 1234 4664 sexta
1268 4601 1412 4682 proxima
1444 4613 1517 4662 ante

254 4708 372 4770 festum
406 4707 631 4770 Penthecostes
663 4709 808 4792 proxime
841 4729 926 4770 nunc
958 4709 1154 4791 preteritum,
1190 4721 1299 4770 contra
1332 4706 1516 4768 Ladislaum

255 4813 356 4876 filium
384 4815 481 4876 Blasii
507 4814 782 4898 Czaranthowych
808 4829 838 4876 et
862 4828 972 4876 contra
1000 4815 1163 4876 Thomam
1189 4814 1321 4877 Cheden
1347 4834 1382 4875 ac
1407 4827 1515 4876 contra

254 4921 456 4984 Anthonium
488 4920 590 4983 filium
616 4921 700 4983 Petri
726 4921 925 5003 Zodrawych
950 4921 982 4982 in
1015 4919 1098 4983 facto
1122 4922 1203 4983 inter
1234 4941 1289 4982 eos
1312 4920 1421 4982 habito
1446 4941 1514 5002 pre-

254 5041 336 5089 stare
361 5042 391 5088 et
413 5028 574 5110 deponere
599 5028 710 5089 debuit
734 5047 798 5089 non
824 5028 961 5110 prestitit
992 5041 1022 5090 et
1046 5047 1112 5090 non
1136 5028 1295 5110 deposuit,
1319 5027 1374 5088 sed
1400 5027 1514 5090 eodem
