3876 5798
397 737 457 799 sibi
491 737 550 819 ipsi
583 735 622 797 ad
653 735 898 798 inhabitandum
931 735 1089 814 arestavit,
1120 749 1151 798 et
1182 735 1257 817 quia
1283 735 1367 796 idern
1400 735 1525 798 Marcus
1557 735 1661 818 ipsum

397 844 611 926 juramentum
636 843 695 904 sibi
720 841 940 922 adjudicatum
965 843 996 902 in
1022 840 1106 904 facto
1122 842 1206 904 dicte
1231 841 1356 920 domus,
1383 839 1473 904 lundi
1491 854 1522 903 et
1544 839 1657 902 hedifi-

397 952 520 1012 ciorum
540 950 654 1012 eodem
679 950 779 1010 modo
795 949 931 1031 prestitit
948 963 978 1011 et
1002 948 1152 1031 deposuit
1168 949 1249 1011 sicut
1264 949 1323 1010 sibi
1343 947 1402 1011 luit
1426 947 1658 1028 adjudicatum,

398 1057 537 1137 ideoque
562 1075 620 1116 nos
645 1054 779 1117 eandem
805 1053 939 1116 domum
958 1068 1116 1116 muratam
1140 1069 1171 1117 et
1195 1053 1331 1117 fundum
1356 1073 1392 1116 ac
1417 1053 1563 1117 hedificia
1588 1072 1660 1115 cum

397 1163 462 1224 suis
486 1162 679 1224 utilitatibus
703 1175 733 1222 et
758 1161 962 1243 pertinenciis
986 1159 1141 1222 universis
1157 1162 1326 1222 statuimus
1350 1175 1506 1244 perpetuo
1531 1180 1568 1221 ex
1592 1179 1661 1242 pre·

397 1271 501 1332 missis
525 1268 753 1352 possidendam
778 1280 808 1329 et
829 1267 1138 1349 quomodocumque
1155 1267 1294 1329 voluerit
1316 1266 1551 1350 disponendam
1575 1266 1660 1347 juxta

397 1376 622 1438 condicionem
648 1373 783 1435 civitatis
806 1385 972 1454 prenotate
997 1373 1036 1434 ab
1062 1373 1195 1454 antiquo
1224 1375 1444 1456 approbatam.

506 1517 584 1580 Item
602 1517 677 1598 quia
702 1515 835 1597 provida
852 1515 968 1576 mulier
984 1519 1077 1574 Anna
1095 1527 1217 1592 vocata,
1238 1514 1347 1576 relicta
1372 1514 1498 1597 providi
1524 1514 1660 1576 condam

397 1625 455 1686 viri
481 1623 642 1686 Dominici
666 1621 775 1703 generi
800 1621 937 1683 condam
956 1621 1054 1681 Marci
1080 1619 1305 1704 Wychethycb
1322 1621 1409 1700 dicti,
1426 1620 1458 1683 id
1482 1641 1555 1683 curn
1572 1619 1659 1682 suffi-

400 1731 495 1792 cienti
522 1744 552 1790 et
576 1727 740 1809 iidedigno
765 1741 946 1790 nostrorum
971 1727 1152 1788 concivium
1185 1728 1370 1790 testimonio
1395 1728 1426 1790 in
1452 1728 1526 1790 sede
1553 1741 1659 1789 nostra

396 1836 561 1918 judiciaria
586 1835 670 1896 clare
695 1834 918 1916 comprobavit
942 1853 1050 1894 coram
1075 1833 1179 1912 nobis,
1212 1847 1247 1895 ut
1271 1833 1348 1895 dum
1381 1833 1522 1916 prelatus
1549 1833 1659 1896 Domi-

397 1944 487 2004 nicus
512 1943 544 2004 in
569 1941 717 2002 extremis
749 1941 812 2001 vite
845 1959 900 2001 sue
933 1939 1119 2022 temporalis
1152 1939 1337 2019 laborasset,
1369 1955 1445 2002 tunc
1470 1941 1536 2023 ipse
1560 1955 1660 2002 totam

400 2051 533 2112 domum
559 2068 648 2110 suam
674 2067 746 2110 cum
772 2044 873 2108 fundo
898 2062 928 2107 et
953 2044 1108 2107 hedificiis
1137 2046 1276 2109 indicta
1308 2047 1435 2110 civitate
1459 2047 1600 2109 habitam
1625 2066 1661 2108 ac

397 2156 523 2216 vineam
556 2173 646 2216 suam
672 2171 744 2214 cum
779 2152 857 2214 silva
883 2167 914 2214 et
943 2164 1026 2214 terra
1058 2171 1113 2214 sua
1146 2151 1259 2214 arabili
1292 2173 1327 2215 ac
1351 2153 1422 2219 aliis
1453 2153 1574 2215 cunctis
1597 2153 1661 2214 suis

398 2261 591 2322 utilitatibus
615 2273 646 2322 et
670 2258 875 2341 pertinenciis
898 2259 1055 2320 universis
1075 2255 1195 2340 prelata
1213 2264 1306 2321 Anne
1330 2279 1388 2342 pro
1412 2274 1488 2321 tunc
1512 2279 1568 2321 sue
1586 2279 1659 2320 con·

398 2367 474 2429 sorti
510 2366 665 2447 legittime
698 2384 769 2426 cum
801 2365 951 2426 omnibus
986 2365 1087 2426 eciam
1119 2365 1310 2428 utensilibus
1341 2379 1371 2428 et
1404 2365 1594 2428 victualibus
1624 2385 1660 2426 ac

397 2473 554 2535 clenodiis
577 2471 692 2532 domus
716 2490 772 2532 sue
796 2469 965 2552 legavisset
987 2469 1055 2552 iure
1079 2483 1235 2555 perpetuo
1259 2471 1496 2554 possidendam,
1522 2472 1660 2552 ideoque

397 2599 455 2641 nos
480 2579 617 2640 eandem
641 2578 774 2639 domum
799 2595 872 2638 curn
897 2576 998 2638 fundo
1024 2591 1054 2639 et
1087 2577 1242 2640 hedificiis
1266 2597 1302 2639 ac
1326 2578 1502 2660 predictam
1527 2577 1654 2638 vineam

397 2705 470 2748 cum
495 2685 574 2746 silva
598 2697 629 2746 et
651 2697 732 2746 terra
757 2683 867 2745 arabili
893 2684 1028 2765 aliisque
1053 2685 1174 2746 cunctis
1197 2685 1262 2746 suis
1294 2685 1484 2747 utilitatibus
1509 2698 1539 2746 et
1563 2684 1659 2767 perti·

397 2792 517 2853 nenciis
541 2791 697 2852 universis
724 2787 843 2872 prefate
876 2793 968 2851 Anne
1000 2790 1127 2852 mulieri
1160 2789 1269 2853 relicte
1302 2790 1401 2872 ipsius
1426 2791 1588 2852 Dominici
1622 2810 1658 2852 ac

397 2919 453 2980 per
476 2917 545 2959 eam
577 2897 643 2957 suis
673 2895 845 2958 heredibus
876 2896 1045 2958 statuimus
1076 2910 1231 2980 perpetuo
1262 2896 1490 2980 possidendam
1523 2910 1554 2958 et
1579 2916 1659 2978 quo·

397 3004 636 3085 modocumque
661 3001 799 3064 voluerit
824 3001 1068 3085 disponendam.

504 3145 582 3206 ltem
606 3143 789 3206 Anthonius
813 3143 896 3206 lilius
921 3145 1011 3206 Pauli
1043 3145 1083 3206 de
1115 3145 1190 3208 villa
1216 3146 1372 3208 Omnium
1406 3159 1587 3208 sanctorum
1613 3143 1659 3226 ju·

398 3253 480 3314 rabit
505 3266 619 3312 octavo
644 3251 695 3312 die
720 3270 924 3332 superarem
949 3265 1058 3312 contra
1083 3251 1316 3332 Margaretham
1342 3270 1474 3313 uxorem
1499 3251 1658 3312 Francisci

398 3357 565 3440 ireniparis
588 3377 683 3438 super
706 3376 756 3435 eo,
780 3371 815 3418 ut
839 3358 905 3438 ipse
930 3356 1033 3420 nullas
1057 3377 1105 3419 res
1131 3377 1188 3420 nec
1213 3359 1321 3440 aliqua
1350 3360 1445 3436 bona,
1470 3377 1532 3440 que
1558 3359 1659 3440 ipsam

398 3463 631 3545 Margaretham
650 3483 782 3524 uxorem
801 3464 900 3545 ipsius
917 3463 1076 3526 Francisci
1090 3478 1155 3527 tam
1168 3464 1237 3546 jure
1253 3465 1402 3546 legaticio
1425 3484 1522 3546 quam
1536 3464 1660 3545 aliquo·

397 3590 536 3652 cumque
569 3569 668 3632 modo
700 3584 938 3648 concernerent,
969 3571 1112 3652 percepit
1142 3590 1200 3632 nec
1232 3571 1328 3633 babet
1359 3570 1443 3653 apud
1476 3589 1520 3648 se,
1544 3570 1600 3631 sed
1627 3570 1658 3631 in

397 3677 487 3738 totali
512 3676 642 3738 accione
667 3675 766 3758 ipsius
791 3675 991 3756 Margarethe
1016 3689 1047 3738 et
1070 3677 1128 3738 viri
1162 3677 1210 3738 sui
1236 3676 1390 3738 innocens
1413 3676 1454 3738 sit
1475 3676 1604 3758 penitus
1629 3690 1661 3738 et

398 3802 557 3844 rnnoxrus.

506 3921 585 3984 Item
619 3922 819 4006 Margaretha
844 3922 954 3984 relicta
986 3937 1017 3984 et
1040 3923 1193 3985 Nicolaus
1224 3923 1308 3986 lilius
1340 3944 1375 3986 ac
1401 3925 1563 3987 Dorothea
1596 3923 1659 3988 filia

402 4029 540 4090 condam
567 4029 695 4092 Martini
721 4028 777 4092 filii
802 4029 930 4091 Andree
956 4029 994 4090 de
1020 4027 1165 4092 Gradsan
1193 4029 1296 4111 jurare
1328 4032 1522 4093 tenebuntur
1546 4045 1659 4094 octavo

398 4136 449 4196 die
474 4155 530 4216 per
562 4134 838 4216 adjudicationem
860 4135 1036 4216 juratorum
1069 4150 1177 4198 contra
1210 4137 1373 4198 Thomam
1406 4134 1534 4198 fratrem
1562 4137 1661 4219 ipsius

400 4241 530 4302 Martini
555 4260 650 4324 super
674 4261 724 4320 eo,
749 4255 784 4304 ut
807 4241 866 4324 ipsi
898 4260 1036 4302 unacum
1067 4241 1211 4331 predicto
1235 4255 1323 4324 patre
1355 4262 1467 4304 eorum
1499 4242 1660 4304 adunam

400 4347 519 4409 dietam
543 4359 625 4408 terre
650 4347 748 4429 ipsius
773 4347 913 4426 Martini,
937 4366 1034 4429 quam
1059 4348 1127 4429 ipse
1153 4347 1298 4409 Thomas
1321 4368 1338 4408 a
1363 4348 1472 4410 multis
1496 4348 1660 4411 retroactis

401 4455 493 4516 annis
518 4454 627 4531 coluit,
652 4454 750 4515 nichil
768 4454 896 4537 penitus
912 4467 1132 4536 perceperunt,
1156 4473 1215 4516 nec
1233 4454 1299 4536 ipse
1317 4467 1405 4536 pater
1429 4473 1542 4516 eorum
1558 4455 1659 4536 ipsam

398 4561 516 4624 dietam
544 4573 625 4622 terre
652 4561 711 4643 ipsi
736 4560 865 4624 Thome
890 4561 958 4622 ullo
983 4579 1138 4642 umquam
1162 4575 1306 4643 tempore
1331 4560 1486 4623 vendidit.

506 4703 584 4764 ltem
601 4703 710 4764 relicta
734 4701 863 4785 Mathye
889 4703 1007 4764 Farlras
1031 4701 1127 4763 hodie
1152 4716 1260 4764 contra
1286 4701 1480 4784 Gregorium
1506 4716 1659 4766 sartorem

399 4810 504 4891 primo
537 4811 629 4872 citata
654 4829 719 4871 non
744 4810 933 4892 comparuit.
