3734 5796
597 580 687 638 Anno
710 593 800 656 1437.
823 613 868 623 —
890 593 938 642 11.
954 583 1106 656 januarii.
1394 582 1452 642 261

191 793 276 852 nitus
300 807 331 853 et
348 792 380 852 in
405 805 474 854 toto
492 792 693 854 contumacis
711 806 741 854 et
757 793 904 854 surditati
921 793 1108 854 submittere
1126 792 1299 872 festinavit,
1317 794 1456 876 ideoque

190 917 249 959 nos
271 899 430 980 predictas
454 899 642 961 medietates
658 913 723 961 tam
749 899 847 981 ipsius
864 899 980 960 domus
1003 907 1035 960 'et
1058 898 1149 960 fundi
1173 919 1208 960 ac
1233 898 1454 961 hedificiorum

190 1024 287 1085 quam
314 1003 397 1068 dicte
421 1005 514 1067 vinee
539 1025 610 1067 cum
629 1005 780 1066 omnibus
803 1005 945 1087 ipsarum
962 1005 1164 1084 utilitatibus,
1181 1005 1291 1067 usibus
1315 1019 1345 1066 et
1360 1005 1456 1087 perti-

190 1113 313 1174 nenciis
336 1113 494 1174 universis
517 1113 661 1196 predicto
684 1112 850 1174 Anthonio
883 1111 950 1174 filio
975 1113 1074 1194 ipsius
1107 1113 1201 1191 Petri,
1226 1113 1308 1194 patri
1333 1112 1455 1174 scilicet

190 1219 266 1281 dicti
293 1219 433 1301 Mathye,
459 1220 559 1282 modo
576 1219 723 1282 similiter
745 1220 868 1281 concivi
888 1239 923 1281 ac
939 1239 996 1301 per
1013 1239 1087 1281 eum
1104 1221 1170 1280 suis
1193 1219 1364 1282 heredibus
1387 1233 1455 1280 tum

187 1345 246 1407 pro
271 1327 496 1408 persolucione
522 1327 740 1408 predictorum
766 1327 932 1387 deciorum
956 1339 988 1388 et
1018 1340 1163 1388 taxarum
1186 1340 1251 1387 tam
1276 1326 1375 1407 ipsius
1399 1326 1455 1387 do-

187 1433 266 1494 mini
292 1434 391 1494 nostri
415 1434 499 1514 regis
523 1452 619 1515 quam
645 1447 823 1494 nostrerum
850 1434 1082 1512 communium,
1109 1454 1145 1495 ac
1170 1453 1227 1516 pro
1251 1433 1454 1495 exhibicione

187 1555 218 1600 et
242 1539 452 1622 supplecione
478 1539 637 1602 dictorum
663 1541 801 1601 aliorum
826 1540 1009 1602 debitorum
1047 1553 1078 1602 et
1109 1553 1366 1622 opportunorum
1392 1560 1454 1601 ser·

185 1645 345 1707 viciorum
370 1662 552 1708 nostrorum
571 1647 793 1708 communium
818 1665 874 1728 per
890 1647 1030 1708 eundem
1055 1645 1256 1708 Anthonium
1281 1646 1374 1706 nobis
1390 1645 1453 1728 jam

189 1752 284 1834 plene
309 1753 547 1834 persolutorum
570 1768 599 1815 et
616 1753 832 1814 exhibitorum
856 1753 1024 1815 statuimus
1040 1766 1071 1814 et
1087 1753 1307 1814 commisimus
1331 1773 1367 1812 ex
1384 1773 1454 1834 pre·

188 1858 294 1920 missis
326 1858 395 1939 jure
427 1873 583 1942 perpetuo
616 1873 647 1921 et
678 1859 931 1921 irrevocabiliter
962 1859 1172 1942 possidendas
1204 1873 1234 1920 et
1273 1859 1455 1940 quomodo·

186 1984 326 2046 eumque
351 1965 489 2036 voluerit
513 1965 730 2048 disponendas
754 1964 840 2046 juxta
868 1966 1094 2028 condicionem
1128 1965 1265 2028 civitatis
1288 1979 1454 2047 prenotate

185 2071 225 2131 ab
249 2071 383 2152 antiquo
407 2073 628 2154 approbatam,
653 2072 695 2132 ita
727 2086 845 2150 tamen,
878 2085 912 2133 ut
936 2073 1097 2154 predictus
1129 2071 1314 2133 Anthonius
1349 2072 1451 2133 cultor

185 2177 304 2238 dictam
330 2177 458 2240 vineam
483 2177 742 2239 condicionalem
760 2179 848 2240 bono
869 2178 968 2239 modo
986 2179 1107 2239 cultare
1132 2191 1162 2238 et
1186 2197 1318 2239 censum
1342 2180 1452 2254 (deest).

294 2285 372 2345 ltem
397 2285 472 2366 quia
496 2285 598 2366 proba
624 2285 740 2345 mulier
757 2284 895 2346 Barbara
913 2297 1034 2363 vocata,
1051 2283 1116 2346 filia
1141 2284 1279 2345 condam
1298 2283 1451 2366 Stephani

185 2391 245 2453 filii
272 2390 425 2468 lwchecz,
449 2410 535 2452 nunc
562 2409 693 2453 consors
724 2390 880 2472 legittima
913 2390 972 2451 viri
997 2390 1123 2472 providi
1156 2390 1291 2452 Fabiani
1322 2389 1454 2452 cultoris
1556 2431 1559 2434 -

184 2497 242 2560 filii
270 2497 410 2577 Thome,
436 2498 577 2559 concivis
600 2511 718 2575 nostra,
743 2497 775 2558 id
797 2517 870 2558 cum
895 2495 1064 2559 sufficienti
1083 2509 1114 2558 et
1137 2495 1301 2578 fidedigno
1326 2509 1451 2558 nostro-

184 2625 255 2667 rum
280 2604 462 2666 concivium
486 2616 517 2666 et
534 2604 790 2666 cohabitatorum
808 2616 990 2666 nostrorum
1015 2603 1047 2664 in
1064 2601 1139 2664 sede
1164 2615 1270 2664 nostra
1287 2601 1453 2683 judiciaria

185 2711 271 2773 clare
297 2723 329 2773 et
352 2711 472 2773 seriose
505 2711 727 2793 comprobavit
751 2731 859 2772 coram
891 2710 995 2788 nobis,
1024 2722 1059 2771 ut
1089 2709 1166 2770 dum
1190 2709 1291 2791 proba
1314 2707 1453 2770 condam

184 2819 317 2880 domina
342 2817 545 2899 Margaretha
570 2831 692 2896 vocata,
717 2817 825 2878 relicta
843 2815 981 2878 condam
1000 2815 1082 2878 Petri
1108 2815 1196 2896 longi
1214 2813 1272 2876 filii
1291 2811 1451 2896 Gregorii,

183 2945 274 2988 soror
298 2924 421 2987 uterina
446 2936 477 2986 et
509 2924 644 2986 carnalis
669 2923 782 3006 prefati
807 2923 947 2984 lwchecz
973 2923 1004 2983 in
1030 2922 1180 2984 extremis
1203 2921 1268 2983 vite
1292 2939 1347 2981 sue
1372 2933 1452 2982 tem·

183 3031 303 3114 poralis
327 3031 513 3110 laborasset,
537 3044 614 3092 tunc
639 3031 706 3113 ipsa
731 3029 905 3112 quemdam
931 3027 1083 3111 (hlortum
1109 3027 1268 3098 suumin
1293 3027 1451 3088 suburbio

182 3137 320 3201 civitatis
343 3137 486 3219 predicte
510 3137 593 3198 inter
615 3135 768 3219 (h)ortum
792 3136 851 3197 viri
878 3135 1004 3217 providi
1028 3133 1184 3196 Anthonii
1209 3130 1365 3194 carnificis
1389 3131 1447 3194 filii

183 3245 340 3307 iohannis
363 3242 421 3306 filii
448 3243 577 3305 Millini
609 3245 647 3305 ab
672 3244 806 3321 oriente,
839 3257 869 3304 et
900 3242 980 3303 inter
1003 3242 1070 3303 vias
1101 3259 1290 3302 communes
1314 3259 1331 3300 a
1356 3239 1450 3300 meri·

182 3351 280 3412 dione
306 3363 337 3410 et
353 3351 392 3410 ab
410 3348 576 3412 occidente
601 3369 637 3411 ac
655 3371 671 3411 a
690 3349 918 3431 septemtrione
935 3348 1020 3426 sitas,
1038 3347 1184 3409 habitum
1201 3359 1232 3408 et
1248 3345 1449 3424 existentem,

181 3459 242 3520 sibi
260 3477 318 3540 per
334 3457 514 3539 predictum
531 3458 662 3518 Petrum
686 3457 821 3538 longum
838 3455 927 3538 olym
944 3455 1113 3516 dominum
1131 3466 1162 3516 et
1186 3452 1337 3514 maritum
1355 3471 1449 3514 suum

180 3563 447 3628 testamentaliter
479 3563 641 3646 legatum,
673 3577 768 3646 prout
799 3563 832 3623 in
865 3562 980 3622 eodem
1011 3573 1202 3622 testamento
1233 3558 1333 3641 ipsius
1365 3558 1449 3620 Petri

181 3671 273 3752 longi
300 3689 408 3732 coram
434 3671 527 3731 nobis
552 3671 582 3731 in
600 3669 705 3752 specie
730 3668 888 3751 producto
907 3668 987 3730 clare
1005 3667 1145 3728 vidimus
1169 3664 1336 3742 contineri,
1353 3664 1449 3725 simul

181 3787 256 3840 cum
281 3776 434 3838 omnibus
459 3777 558 3858 ipsius
581 3774 689 3858 (h)orti
715 3775 905 3836 utilitatibus
929 3787 960 3835 ct
976 3771 1181 3856 pertinenciis
1204 3770 1362 3832 universis
1380 3789 1448 3852 pre-

181 3883 270 3944 dicto
295 3880 435 3942 lwchecz
452 3879 539 3942 fratri
563 3901 622 3943 suo
648 3894 679 3944 et
701 3901 758 3963 per
775 3901 847 3942 curn
872 3900 929 3942 seu
945 3893 1017 3962 post
1038 3892 1174 3940 mortem
1189 3877 1289 3959 ipsius
1307 3875 1449 3937 lwchecz

180 3989 327 4072 predicto
352 3987 515 4070 Stephano
539 3987 607 4050 lilio
632 3989 730 4071 ipsius
759 3987 900 4050 lwchecz
932 4007 967 4048 ac
999 4006 1056 4069 per
1079 4003 1153 4046 eum
1185 3985 1250 4045 suis
1274 3983 1447 4044 heredibus

180 4095 352 4177 legavisset
367 4094 435 4176 jure
448 4094 634 4174 perhennali
649 4093 888 4177 possidendam,
913 4093 1032 4175 etquis
1048 4106 1114 4154 tam
1128 4089 1289 4173 predictus
1303 4087 1444 4150 lwchecz

180 4220 280 4285 quam
306 4201 408 4261 dictus
439 4200 620 4283 Stephanus
651 4201 735 4262 filius
766 4220 842 4262 suus
867 4215 897 4261 et
928 4199 1033 4261 cuncti
1058 4197 1190 4260 heredes
1220 4196 1364 4278 ipsorum
1389 4195 1444 4256 alii

180 4323 286 4392 preter
310 4309 410 4390 ipsam
437 4307 608 4370 Barbaram
634 4307 732 4369 filiam
761 4307 838 4368 dicti
872 4307 1024 4388 Stephani
1057 4307 1097 4366 ab
1121 4305 1179 4365 hac
1211 4303 1282 4364 luce
1308 4303 1446 4364 intestati

180 4415 354 4478 decessisse
385 4415 594 4476 dinoscuntur
626 4413 693 4476 lore
718 4435 754 4475 ex
788 4427 904 4491 acert0,
933 4413 999 4495 ipsa
1033 4413 1171 4473 Barbara
1205 4411 1272 4473 sola
1298 4423 1329 4471 et
1353 4411 1447 4470 unica

180 4541 295 4586 eorum
319 4521 435 4582 herede
460 4521 532 4582 viva
561 4535 633 4603 post
665 4522 751 4602 ipsos
782 4533 979 4598 remanente,
1012 4519 1151 4599 ideoque
1185 4537 1243 4579 nos
1266 4516 1446 4598 predictum

180 4629 336 4714 (h)ortum
360 4627 457 4689 simul
482 4646 555 4688 cum
588 4628 739 4688 omnibus
770 4627 835 4688 suis
867 4626 1057 4688 utilitatibus
1081 4638 1112 4686 et
1140 4623 1346 4706 pertinenciis
1376 4624 1446 4684 uni·

179 4737 281 4801 versis
304 4734 425 4817 prefate
449 4735 588 4797 Barbare
613 4737 704 4797 uxori
737 4736 836 4818 ipsius
860 4734 993 4795 Fabiani
1026 4754 1061 4795 ac
1085 4754 1142 4815 per
1173 4753 1244 4795 eam
1268 4733 1333 4794 suis
1356 4731 1446 4793 here·

181 4844 276 4906 dibus
300 4841 468 4903 statuimus
492 4855 523 4902 et
547 4842 767 4902 commisimus
793 4862 829 4902 ex
855 4841 1016 4922 premissis
1043 4839 1111 4919 jure
1135 4854 1290 4922 perpetuo
1315 4853 1346 4900 et
1370 4841 1446 4901 irre-

181 4948 369 5011 vocabiliter
392 4947 623 5029 possidendum
649 4963 679 5009 et
704 4947 1012 5028 quomodocumque
1046 4947 1184 5007 voluerit
1208 4945 1445 5026 disponendum

179 5055 264 5136 juxta
289 5054 516 5117 condicionem
540 5055 675 5116 civitatis
700 5067 866 5136 prenotate
891 5057 930 5114 ab
956 5053 1090 5134 antiquo
1116 5053 1338 5136 approbatam.
