3852 5820
395 532 435 592 26
755 535 841 591 Anno
863 545 952 610 1415.
978 567 1018 578 -
1041 547 1094 609 29.
1118 535 1291 595 novembris.

395 742 629 824 judicacionem
654 741 768 824 judicis
784 756 815 805 et
838 743 1013 824 juratorum
1038 745 1070 806 in
1087 745 1225 806 termino
1241 743 1301 805 sibi
1326 743 1479 826 deputato
1495 744 1651 826 vigesimo

394 849 508 930 quinto
532 869 565 908 se
589 849 733 930 personis
756 848 972 930 juramentum
996 869 1090 912 suum
1118 850 1177 914 rite
1201 863 1233 911 et
1255 849 1411 931 legittime
1434 849 1593 932 deposuit,
1617 861 1654 912 ut

393 954 504 1017 debuit
526 967 772 1034 sacramentum,
804 955 879 1018 ideo
896 955 1035 1018 eundem
1059 955 1272 1038 relinquimus
1299 955 1486 1037 expeditum
1511 968 1542 1018 et
1565 973 1653 1018 com·

392 1061 532 1122 munitet
554 1059 760 1124 satisfactum.

499 1167 578 1228 Item
602 1167 677 1248 quia
702 1167 854 1229 Nicolaus
877 1180 966 1230 sutor
989 1167 1074 1230 lilius
1094 1166 1250 1230 Anthonii
1274 1179 1382 1229 noster
1405 1166 1546 1229 concivis
1569 1165 1653 1228 lacto

392 1274 424 1335 in
441 1273 586 1356 predicto
610 1273 756 1336 similiter
772 1275 857 1336 iuxta
882 1273 1161 1357 adjudicaclonem
1177 1273 1355 1356 juratorum
1372 1287 1402 1335 et
1415 1271 1530 1354 judicis
1543 1272 1575 1333 in
1590 1284 1652 1333 ter-

392 1381 481 1441 mino
497 1380 559 1442 sibi
578 1379 731 1462 deputato
747 1393 836 1442 sexto
852 1401 885 1441 se
909 1381 1053 1463 personis
1077 1399 1169 1442 suum
1188 1379 1247 1441 rite
1271 1378 1421 1462 deposuit
1444 1392 1475 1439 et
1498 1377 1653 1458 legittime

391 1499 637 1565 sacramentum,
662 1486 736 1548 ideo
760 1487 900 1549 eundern
934 1487 1104 1548 Nicolaum
1130 1485 1350 1549 commisimus
1372 1485 1471 1546 modo
1499 1484 1653 1566 premisso

391 1591 587 1673 expeditum.

499 1699 577 1760 ltem
611 1698 687 1780 quia
718 1699 844 1761 nobiles
874 1699 934 1760 viri
967 1699 1077 1761 Petrus
1108 1713 1139 1761 et
1169 1699 1322 1762 Nicolaus
1353 1697 1393 1760 de
1426 1697 1654 1778 Berkuseuyna

394 1823 501 1866 coram
526 1805 619 1866 nobis
644 1819 675 1867 et
703 1805 909 1867 universitate
941 1817 1048 1866 nostra
1080 1806 1253 1886 quamdam
1286 1805 1413 1866 vineam
1438 1822 1549 1865 eorum
1581 1821 1653 1863 cum

393 1910 534 1991 virgulto
559 1912 635 1993 ipsis
659 1932 676 1972 a
701 1911 839 1973 condam
864 1911 1002 1994 Mykech
1025 1909 1092 1973 filio
1115 1911 1230 1975 Hench
1255 1910 1436 1989 deventum,
1459 1929 1546 1971 nunc
1569 1908 1654 1970 iuxta

389 2016 517 2078 vineam
543 2017 638 2096 Petri,
662 2019 807 2101 Adryani
831 2031 863 2080 et
887 2017 1012 2079 Lucasii
1030 2015 1192 2079 labrorum
1225 2017 1378 2094 habitam,
1402 2034 1476 2077 cum
1499 2014 1651 2076 omnibus

390 2122 534 2185 eiusdem
567 2124 771 2206 pertinenciis
802 2143 841 2185 eo
872 2122 1028 2205 jureque
1061 2125 1100 2185 ab
1131 2123 1265 2206 antiquo
1296 2141 1440 2205 possessa
1478 2119 1549 2198 luit,
1581 2119 1650 2202 My·

394 2228 495 2291 chaeli
520 2229 618 2312 judici
643 2244 752 2292 nostro
785 2231 942 2292 moderno
973 2230 1117 2312 predicto
1149 2229 1394 2308 condonassent,
1418 2227 1493 2289 ideo
1517 2226 1652 2289 eandem

396 2355 469 2398 cum
494 2336 559 2398 suis
582 2338 787 2420 pertinenciis
803 2336 960 2398 universis
984 2336 1090 2398 eidem
1112 2335 1271 2419 Mychaeli
1288 2333 1386 2416 judici
1402 2332 1470 2396 filio
1501 2333 1650 2416 Symonis

390 2441 559 2503 statuimus
582 2456 738 2525 perpetuo
761 2442 1000 2524 possidendam,
1025 2443 1111 2522 ipsos
1134 2442 1299 2503 dumtaxat
1322 2453 1560 2502 concernentes.

496 2547 574 2610 Item
606 2549 796 2612 Dominicus
828 2561 929 2610 sartor
960 2563 1071 2612 contra
1101 2549 1237 2611 Paulum
1264 2549 1445 2630 sagiparum
1476 2545 1651 2608 terminum

392 2655 512 2737 recepit
535 2655 575 2716 ad
600 2656 872 2738 respondendum.

496 2761 573 2823 Item
597 2763 782 2824 Anthonius
804 2781 903 2845 gener
928 2760 1101 2843 Ozmonog
1129 2775 1237 2823 contra
1262 2760 1461 2844 Stephanum
1485 2758 1645 2820 literatum

389 2865 494 2948 primo
518 2867 631 2929 citatus
655 2887 720 2930 non
745 2869 933 2950 comparuit.

495 2971 574 3034 Item
608 2974 785 3056 Elyzabeth
817 2993 948 3036 consors
983 2972 1093 3035 Sucias
1124 2987 1233 3035 contra
1265 2975 1385 3035 Rosam
1418 2971 1588 3033 mulierem
1621 2969 1653 3030 in

392 3076 475 3139 lacto
500 3080 636 3140 verberii
662 3080 701 3141 ad
734 3081 872 3162 primum
907 3079 1063 3161 judicium
1094 3080 1314 3141 testimonium
1347 3077 1523 3161 producere
1555 3076 1650 3136 debet

392 3197 500 3246 contra
534 3199 715 3248 consortem
748 3187 881 3248 Fabiani
915 3185 1104 3268 carpentarii
1138 3186 1243 3247 claudi
1275 3199 1306 3247 et
1343 3197 1525 3246 consortem
1562 3181 1653 3244 Pauli

389 3288 464 3350 dicti
491 3291 707 3374 Zlokordych.

494 3396 571 3458 Item
600 3418 692 3461 causa
725 3399 903 3462 Clementis
927 3399 1043 3461 sutoris
1076 3413 1106 3460 et
1131 3398 1284 3481 Stephani
1318 3397 1430 3460 Kuche
1463 3397 1503 3459 ad
1539 3415 1653 3479 pacem

389 3520 489 3583 usque
512 3504 652 3584 primum
676 3505 831 3586 judicium
856 3526 912 3588 per
936 3508 1055 3588 probos
1080 3519 1127 3567 est
1151 3518 1333 3587 prorogata.

459 3717 555 3792 Feria
585 3731 683 3795 sexta
712 3727 866 3813 proxima
899 3731 977 3797 ante
1005 3725 1127 3797 festum
1155 3727 1245 3796 beati
1274 3723 1403 3798 Andree
1432 3725 1587 3814 apostoli.

885 3879 953 3957 (29.
976 3879 1158 3954 novembris).

497 4013 575 4075 ltem
600 4015 675 4096 quia
702 4015 843 4098 Stephko
862 4016 1031 4099 Horuatyn
1049 4016 1081 4076 id
1100 4015 1240 4079 evidenti
1258 4015 1446 4078 testimonio
1471 4029 1653 4077 nostrorum

390 4119 573 4182 concivium
598 4123 829 4203 comprobavit,
854 4122 943 4203 quod
967 4121 1099 4203 quidam
1117 4122 1306 4184 Dominicus
1329 4123 1389 4184 sibi
1414 4123 1547 4202 triginta
1573 4121 1654 4182 duos

388 4225 522 4288 cubulos
546 4227 640 4288 musti
665 4227 791 4290 debitor
815 4229 1026 4308 remansisset,
1051 4241 1082 4290 et
1106 4228 1183 4290 dum
1208 4229 1294 4290 idem
1319 4229 1512 4290 Dominicus
1538 4226 1652 4289 abhinc

389 4331 582 4410 recessisset,
605 4345 682 4394 tunc
705 4333 868 4414 quandam
892 4334 1020 4396 vineam
1043 4354 1134 4396 suam
1163 4335 1269 4396 eidem
1296 4334 1439 4417 Stephko
1471 4352 1573 4415 usque
1597 4332 1652 4394 ad·

388 4451 520 4498 ventum
537 4458 631 4500 suum
647 4453 755 4501 tenere
773 4441 994 4519 commisisset,
1012 4440 1085 4502 ideo
1101 4441 1235 4502 eandem
1252 4461 1351 4522 usque
1368 4460 1461 4502 suum
1479 4439 1652 4502 adventum
1715 4421 1724 4446 ⁸

387 4542 447 4603 sibi
472 4562 596 4604 servare
629 4545 860 4607 commisimus.

495 4665 573 4728 ltem
599 4668 673 4748 quia
699 4669 832 4750 provida
858 4669 989 4730 domina
1012 4670 1114 4730 Katha
1143 4669 1293 4752 Pykucha
1310 4683 1341 4730 et
1364 4668 1548 4730 Anthonius
1570 4668 1654 4731 filius

388 4791 474 4851 suus,
500 4773 637 4853 quilibet
661 4793 772 4836 eorum
797 4776 896 4837 tercio
921 4796 954 4837 se
978 4776 1123 4858 personis
1148 4789 1256 4837 contra
1278 4776 1421 4837 Blasium
1446 4775 1578 4836 Prelech
1602 4774 1649 4856 ju-

387 4897 456 4940 rare
482 4878 635 4942 debentes
653 4881 684 4941 in
702 4880 786 4943 facto
816 4881 1028 4963 quarumdam
1050 4901 1156 4944 rerum
1173 4881 1350 4961 oblacione,
1367 4901 1465 4963 penes
1489 4901 1576 4944 aram
1594 4882 1651 4943 ubi

387 4984 490 5064 jurare
507 4987 667 5051 debebant
684 4988 769 5051 idem
788 4989 912 5052 Blasius
939 5001 1105 5072 tamquam
1122 4989 1270 5051 innoxios
1287 4987 1447 5052 commisit
1466 5000 1497 5051 et
1514 4988 1653 5072 reliquit.
