3678 5800
456 536 514 610 164
864 535 950 592 Anno
971 547 1062 610 1432.
1088 567 1128 578 -
1146 546 1203 610 30.
1227 533 1312 593 maii.

447 745 624 828 Georgium
649 757 680 806 et
703 742 860 806 familiam
892 761 982 804 suam
1015 763 1079 804 non
1113 757 1314 825 apposuisset
1341 763 1399 804 nec
1430 743 1563 806 eosdem
1589 742 1701 823 aliqua·

445 865 538 914 tenus
562 871 635 914 curn
658 851 736 933 ipsis
759 850 882 912 katenis
906 849 1094 912 reclusisset.

556 957 634 1020 Item
666 955 760 1038 jurati
792 954 1074 1036 adjudicaverunt,
1106 955 1195 1037 quod
1231 953 1372 1037 prelatus
1402 953 1549 1016 Francha
1580 951 1704 1016 claudus

448 1065 566 1125 bovem
591 1063 725 1144 predicti
750 1061 883 1143 Georgii
908 1061 1056 1143 Aythych
1081 1061 1173 1122 nullo
1198 1061 1297 1123 modo
1321 1059 1556 1144 deperdidisset
1581 1079 1640 1122 nec
1655 1059 1703 1120 de-

447 1169 582 1252 perdere
608 1167 744 1246 fecisset,
769 1188 827 1230 nec
852 1168 953 1230 eciam
978 1167 1045 1251 ipse
1070 1167 1230 1251 Georgius
1247 1169 1352 1252 ipsum
1377 1169 1495 1230 bovem
1519 1186 1617 1228 suum
1642 1186 1704 1248 pre·

448 1277 535 1340 dicto
559 1277 699 1340 Francze
724 1275 940 1338 concessisset.

543 1491 638 1568 Feria
666 1501 765 1568 sexta
793 1497 947 1584 proxima
975 1503 1052 1585 post
1079 1496 1202 1568 testum
1229 1493 1446 1569 Ascensionis
1472 1495 1615 1568 Domini.

988 1649 1053 1727 (30.
1075 1649 1170 1726 mair).

555 1788 632 1850 Item
659 1785 819 1870 Georgius
843 1788 1009 1851 Crouacus
1031 1789 1158 1870 pridem
1181 1788 1302 1870 juratus
1325 1801 1436 1852 eontra
1461 1787 1627 1854 Thomam
1651 1788 1704 1852 lra-

448 1908 528 1955 trem
555 1893 708 1977 Stephani
733 1893 809 1956 dicti
834 1894 1009 1957 Constabel
1036 1894 1178 1957 secundo
1202 1896 1316 1958 citatus
1339 1915 1406 1957 non
1430 1897 1621 1978 comparuit.

556 1999 633 2061 ltem
659 2000 860 2083 Margaretba
884 2021 964 2063 uxor
988 2001 1078 2062 Pauli
1097 2001 1225 2084 Telrlyn
1251 2016 1360 2064 contra
1384 2001 1548 2065 Thomam
1572 2003 1704 2084 juratum

447 2104 550 2168 lilium
576 2105 683 2169 Choni
707 2107 812 2190 primo
837 2107 930 2170 citata
954 2127 1020 2169 non
1044 2108 1233 2191 comparuit.

553 2211 631 2274 Item
656 2213 730 2294 quia
757 2212 916 2294 Georgius
933 2213 1081 2297 Aythych
1102 2213 1215 2293 dictus,
1232 2214 1411 2277 Francham
1435 2215 1587 2278 claudum
1612 2230 1647 2277 ut
1674 2217 1701 2277 in

448 2337 574 2380 causant
593 2333 771 2401 attractum,
790 2321 821 2381 in
838 2320 939 2381 tribus
952 2321 1055 2382 causis
1071 2340 1127 2402 per
1144 2321 1249 2402 ipsum
1267 2320 1445 2402 Georgium
1463 2335 1572 2383 contra
1589 2321 1702 2384 dictum

450 2423 629 2486 Francham
653 2445 761 2488 coram
778 2426 873 2488 nobis
888 2427 1073 2509 propositis,
1089 2440 1120 2487 et
1144 2427 1176 2488 in
1194 2425 1278 2489 facto
1295 2427 1434 2489 duorum
1458 2426 1702 2509 juramentorum

450 2531 510 2592 sibi
535 2530 793 2612 adjudicatorum
810 2551 866 2614 per
883 2531 1013 2613 juratos,
1037 2532 1183 2616 proxima
1200 2531 1278 2595 feria
1295 2545 1382 2596 sexta
1398 2546 1471 2614 post
1487 2531 1600 2594 festum
1619 2535 1702 2595 beate

448 2636 549 2698 Elene
575 2637 695 2718 regine,
718 2657 775 2720 per
791 2638 1065 2720 composicionem
1082 2651 1113 2701 et
1130 2637 1372 2701 ordinacionem
1396 2638 1539 2721 plurium
1564 2639 1700 2701 virorum

449 2741 650 2824 ydoneorum
676 2755 706 2804 et
730 2741 967 2824 fidedignorum
992 2744 1112 2806 dimisit
1133 2744 1317 2826 expeditum
1343 2758 1373 2806 et
1394 2745 1552 2827 quietum,
1570 2745 1700 2827 ideoque

449 2863 479 2911 et
504 2868 563 2910 nos
587 2849 725 2910 eundern
750 2850 924 2912 Franczam
950 2870 987 2912 ex
1010 2865 1099 2934 parte
1121 2851 1278 2913 dictarum
1302 2871 1469 2914 causarum
1493 2865 1525 2914 et
1548 2851 1697 2932 juramen-

448 2970 555 3018 torum
579 2956 797 3038 predictorum
816 2956 1015 3019 reddidimus
1039 2971 1070 3020 et
1086 2958 1307 3020 commisimus
1331 2956 1400 3019 iore
1425 2957 1608 3040 expeditum
1625 2955 1700 3018 facto

448 3062 539 3124 totali
565 3063 597 3123 in
624 3062 788 3144 premisso.

554 3167 631 3230 Item
663 3167 757 3251 Gyan
788 3167 919 3252 pellifex
951 3183 1061 3232 contra
1092 3171 1300 3233 Dominicutn
1333 3171 1433 3233 Hrezt
1456 3172 1563 3254 primo
1596 3171 1700 3234 citatus

448 3295 515 3337 non
541 3275 730 3356 comparuit.

555 3397 632 3459 ltem
658 3417 731 3458 cum
757 3397 796 3459 ad
822 3399 993 3460 instantem
1025 3399 1219 3481 peticionem
1244 3400 1372 3462 Thome
1403 3400 1497 3481 jurati
1522 3400 1580 3463 filii
1602 3397 1698 3462 Choni

450 3503 576 3583 judicis,
600 3503 697 3584 judex
720 3504 857 3566 civitatis
889 3505 1063 3567 modernus
1094 3506 1294 3587 supradictus
1319 3507 1350 3568 in
1375 3505 1459 3569 facto
1491 3507 1625 3569 duarum
1649 3506 1699 3566 do·

451 3628 580 3670 morum
606 3623 814 3688 muratarum,
839 3610 951 3692 prelati
973 3611 1123 3674 videlicet
1139 3611 1247 3674 Choni
1270 3612 1385 3694 judicis
1409 3614 1504 3675 unius
1528 3627 1560 3676 et
1583 3613 1700 3675 alterius

449 3714 588 3776 condam
612 3715 742 3776 domine
772 3717 895 3797 Regine
929 3719 959 3778 in
990 3719 1116 3779 civitate
1141 3717 1262 3800 prefata
1294 3719 1486 3799 habitarum,
1512 3721 1596 3782 etin
1621 3717 1697 3780 iacto

449 3821 544 3882 unius
568 3821 660 3882 vinee
686 3823 854 3904 Zernnyak
871 3836 982 3885 vocate
1005 3836 1156 3886 annotate
1172 3823 1305 3887 domine
1334 3825 1467 3907 Regine,
1492 3826 1525 3888 in
1549 3825 1698 3889 territorio

449 3927 584 3989 civitatis
609 3927 726 4005 habite,
750 3947 813 4009 que
837 3928 954 3990 domus
978 3943 1100 3991 murare
1124 3943 1155 3992 et
1178 3930 1271 3998 vines
1296 3951 1390 4014 super
1413 3933 1580 3994 dominam
1603 3932 1699 3994 Doro·

448 4033 555 4094 theam
579 4032 677 4094 filiam
695 4033 808 4115 prelati
835 4035 951 4097 Choni'
967 4049 998 4096 et
1014 4035 1147 4098 domine
1164 4036 1307 4098 Beruche
1331 4035 1395 4098 filie
1419 4039 1562 4120 predicte
1578 4037 1697 4100 domine

449 4140 584 4221 Regine‚
617 4142 773 4202 consortis
804 4155 910 4204 autem
943 4143 1041 4224 ipsius
1072 4143 1179 4205 Choni
1212 4143 1325 4226 judicis
1356 4143 1514 4227 legittime
1538 4145 1648 4228 partim
1671 4155 1697 4203 et

449 4246 564 4327 partim
588 4266 683 4328 super
707 4247 887 4328 predictum
913 4249 1076 4310 Thomam
1101 4248 1240 4330 juratum
1261 4249 1347 4331 juxta
1372 4251 1471 4332 ipsius
1495 4251 1626 4314 civitatis
1648 4269 1696 4310 an·

449 4353 571 4433 tiquam
596 4354 860 4415 consvetudinem
887 4369 917 4416 et
941 4356 1175 4437 privilegiatam
1199 4355 1380 4418 libertatem
1404 4357 1556 4420 devolute
1579 4365 1696 4418 suntet

449 4457 636 4536 redundate,
661 4459 742 4520 duos
766 4459 885 4540 juratos
907 4474 1032 4522 nostros
1049 4463 1223 4524 modernos
1239 4463 1450 4546 supradictos,
1475 4463 1621 4526 videlicet
1636 4462 1694 4523 Ma-

448 4562 557 4645 thyam
582 4579 613 4624 et
629 4565 808 4626 Fabianum
826 4567 908 4628 circa
926 4568 1100 4649 predictam
1123 4569 1289 4630 dominam
1307 4569 1504 4633 Dorotheam
1530 4571 1568 4632 ad
1590 4566 1693 4631 Grath·

450 4687 571 4748 senam,
597 4671 651 4730 ubi
685 4691 770 4732 nunc
803 4673 833 4732 in
867 4675 1038 4755 puerperio
1071 4673 1216 4737 fatiscere
1247 4687 1279 4738 et
1306 4676 1451 4738 laborare
1475 4675 1693 4749 dinoscebatur,

449 4789 578 4856 propter
603 4774 774 4839 fassionem
800 4779 899 4860 ipsius
924 4779 1056 4841 domine
1075 4770 1371 4844 Dorothee'coram
1397 4782 1472 4864 ipsis
1496 4781 1600 4864 juratis
1615 4796 1692 4841 more

449 4879 527 4941 alias
554 4895 705 4944 consveto
730 4881 868 4944 fiendam
894 4887 1182 4960 transmiseramus,
1205 4901 1283 4950 tunc
1299 4889 1367 4970 ipsa
1391 4888 1524 4951 domina
1548 4885 1692 4950 Dorothea

449 5005 555 5048 coram
585 4988 661 5070 ipsis
686 4988 796 5070 juratis
820 4992 864 5052 sic
893 4989 973 5054 fassa
1006 4993 1118 5072 extitit,
1151 5007 1246 5076 prout
1269 4995 1368 5056 iidem
1399 4994 1493 5077 jurati
1518 4991 1605 5056 nobis
1626 4989 1691 5052 fide·
