3852 5820
583 537 586 540 ¹
617 555 814 636 Ann014162
838 591 883 603 -
905 572 955 618 22.
979 557 1140 617 decembres.
1467 573 1505 634 41

243 773 453 856 quamplures
484 771 582 833 nostri
614 769 770 853 fidedigui
804 769 897 851 jurati
922 769 1081 846 concives,
1114 787 1220 830 coram
1255 768 1372 849 quibus
1405 768 1509 849 ipsum

244 881 462 961 juramentum
485 877 632 960 prestitit,
657 877 752 938 nobis
776 875 920 938 fecerunt
944 875 1148 937 relacionem.

353 1003 432 1064 ltem
457 1002 533 1083 quia
557 1001 647 1063 lellta
672 1021 802 1063 consors
827 1000 955 1062 Thome
987 1011 1097 1061 contra
1122 998 1263 1060 Blasium
1293 997 1508 1080 Purgarychin

246 1109 342 1170 tercia
367 1128 401 1170 se
426 1107 611 1169 concivibus
634 1127 729 1189 super
753 1127 803 1184 eo,
828 1120 862 1168 ut
886 1106 990 1167 nullas
1014 1125 1064 1167 res
1089 1118 1120 1166 et
1144 1106 1229 1166 bona
1253 1103 1396 1168 eiusdem
1422 1124 1506 1165 rece·

245 1215 354 1295 pisset,
379 1213 593 1294 juramentum
617 1213 775 1295 deposuit,
800 1211 874 1274 ideo
899 1212 1000 1294 ipsam
1018 1211 1141 1274 Jellram
1166 1209 1388 1272 commisimus
1413 1229 1506 1292 expe·

250 1319 361 1382 ditam.

353 1445 431 1506 ltem
456 1444 554 1506 Lucia
580 1443 687 1505 relicta
713 1441 841 1504 Thome
867 1441 1077 1525 Gercheuych
1102 1455 1211 1503 contra
1237 1419 1437 1522 Stephanum
1462 1438 1508 1520 ju·

248 1565 354 1613 ratum
377 1551 485 1613 Kneht
507 1549 650 1612 secundo
674 1551 767 1611 citata
792 1569 857 1610 non
882 1548 1071 1631 comparuit.

359 1675 438 1737 ltem
471 1674 626 1736 Martinus
643 1651 831 1756 'Goychech
870 1685 979 1734 contra
1013 1671 1213 1756 Mychaelem
1245 1689 1435 1752 arcuparum
1466 1689 1512 1731 se·

250 1780 358 1842 cundo
381 1781 496 1842 citatus
521 1799 585 1841 nou
610 1779 799 1862 comparuit.

275 1942 281 1953 ·
361 1903 440 1965 ltem
472 1905 547 1985 quia
579 1903 746 1966 Elizabcth
778 1905 887 1986 pistrix
920 1921 1039 1985 panum
1072 1913 1103 1964 et
1134 1901 1318 1964 Anthonius
1348 1913 1449 1961 sartor
1480 1899 1512 1960 id

254 2011 507 2092 comprobarunt
528 2029 636 2071 coram
668 2011 762 2071 nobis
791 2029 865 2071 cum
896 2009 1081 2071 testimonio
1116 2020 1298 2070 nostrorum
1331 2006 1511 2068 concivium

251 2114 428 2197 fidediguo,
453 2129 488 2178 ut
501 2117 533 2178 in
551 2117 666 2178 ultimo
690 2116 825 2178 articulo
842 2135 899 2178 sue
916 2117 981 2178 vite
1005 2115 1136 2176 domina
1154 2114 1268 2176 Vrsula
1284 2112 1349 2175 filia
1367 2111 1509 2189 Joannis,

252 2241 383 2284 consors
406 2222 569 2286 Valentini
601 2221 658 2284 filii
684 2223 838 2284 lobannis
863 2221 1026 2304 Zagorcb,
1054 2221 1240 2303 porcionem
1266 2220 1357 2282 vince
1389 2238 1444 2280 sue
1477 2219 1508 2280 in

252 2329 413 2390 territorio
438 2344 546 2390 nostro
571 2329 689 2408 habite,
710 2329 830 2412 legavit
853 2329 996 2412 predicto
1021 2327 1197 2405 Anthonio,
1223 2327 1356 2387 domum
1382 2343 1458 2386 vero
1483 2338 1513 2386 et

251 2448 350 2497 terras
374 2456 410 2497 ac
434 2437 543 2497 omnia
568 2437 651 2498 bona
677 2449 708 2498 et
731 2456 780 2498 res
803 2457 875 2498 suas
900 2435 1039 2518 predicte
1065 2433 1232 2496 Elizabeth
1265 2432 1355 2494 matri
1381 2451 1437 2493 sue
1462 2431 1509 2491 di·

251 2541 348 2621 misit,
380 2542 454 2604 ideo
483 2543 625 2624 predicta
654 2543 790 2625 legativa
822 2541 943 2603 eisdem
976 2541 1125 2604 duximus
1156 2539 1322 2602 statuenda
1348 2539 1415 2620 jure
1440 2558 1508 2620 per·

251 2647 415 2730 hempnali
441 2649 615 2731 possidere.

358 2771 437 2834 ltem
461 2772 578 2854 jurabit
602 2773 732 2854 lagicba
757 2793 887 2834 consors
912 2772 1002 2834 Pauli
1028 2784 1116 2833 sexto
1138 2783 1249 2832 contra
1274 2769 1441 2832 Elizabeth
1467 2789 1513 2830 re·

255 2877 363 2939 lictam
389 2877 521 2960 Georgii
547 2879 715 2963 Pykorych
739 2877 817 2941 feria
842 2893 927 2941 sexta
959 2878 1104 2961 proxima
1128 2891 1199 2960 post
1232 2876 1347 2938 festum
1373 2875 1513 2958 Epipha-

254 2983 379 3045 niarum
411 3003 587 3066 supereo,
611 2999 646 3046 ut
670 2985 737 3067 ipsa
761 2985 936 3067 quamdam
968 2984 1137 3047 mulierem
1164 2983 1270 3044 Salika
1296 2993 1440 3043 vocatam
1473 2981 1513 3042 ad

256 3088 453 3152 furticinium
489 3089 671 3152 iaciendum
707 3111 772 3153 non
803 3090 1004 3152 informasset
1039 3090 1094 3151 sed
1125 3090 1279 3150 innocens
1315 3099 1396 3149 esset
1431 3086 1512 3168 jura·

254 3210 398 3258 mentum
423 3197 520 3260 debet
543 3197 723 3279 deponere,
749 3198 816 3279 ipsa
841 3211 948 3259 autem
981 3197 1088 3258 Salika
1113 3215 1171 3278 pro
1195 3214 1254 3256 suo
1286 3193 1448 3256 furticinio
1474 3192 1514 3254 de

255 3303 381 3366 civitate
405 3322 477 3365 cum
502 3303 624 3366 baculis
649 3303 763 3366 debeat
787 3303 856 3366 cedi
889 3316 920 3366 et
952 3302 1068 3385 expelli
1101 3314 1231 3384 propter
1255 3301 1395 3383 primum
1419 3317 1513 3360 suum

255 3428 428 3472 excessum.

360 3533 437 3596 ltem
456 3533 530 3615 quia
557 3533 737 3616 Stephanus
762 3532 923 3615 Kobylich
949 3545 980 3593 et
1004 3531 1182 3594 Kathalena
1200 3530 1308 3592 relicta
1335 3525 1512 3606 Benedicti,

257 3641 470 3702 commissarii
483 3641 638 3719 eiusdem,
657 3639 688 3700 id
706 3641 957 3721 comprobarunt
974 3639 1006 3698 in
1023 3637 1142 3718 judicio
1160 3655 1267 3699 coram
1292 3636 1385 3698 nobis
1402 3649 1511 3696 contra

257 3745 389 3830 Gyurak
417 3746 519 3808 filium
544 3746 725 3829 Matheyke,
751 3759 785 3808 ut
816 3745 955 3826 quedam
979 3757 1061 3807 terra
1086 3745 1118 3805 in
1140 3745 1211 3806 loco
1237 3741 1434 3826 Cyrlruische
1458 3741 1512 3802 ha·

256 3853 330 3932 bita,
356 3873 474 3914 novem
509 3853 609 3915 dietas
634 3855 666 3914 in
691 3873 723 3916 se
748 3853 933 3930 continens,
966 3865 1060 3934 prout
1093 3851 1124 3912 in
1157 3862 1347 3912 testamento
1372 3847 1515 3909 eiusdem

257 3959 420 4020 benedicti
454 3960 594 4021 vidimus
626 3959 793 4038 contineri,
825 3959 883 4019 rite
913 3957 1016 4038 legata
1045 3957 1159 4034 existit,
1192 3955 1264 4016 ideo
1290 3955 1394 4037 ipsum
1419 3967 1514 4016 testa-

257 4079 401 4127 mentum
426 4065 661 4144 confirmantes,
686 4065 724 4126 de
750 4064 862 4127 eadem
894 4078 976 4124 terra
994 4063 1128 4124 liberam
1160 4063 1297 4124 habeant
1321 4060 1513 4143 disponendi

256 4184 447 4253 potestatem
471 4185 567 4253 prout
592 4173 623 4233 in
649 4171 734 4233 dicto
759 4182 950 4232 testamento
968 4169 1167 4245 continetur;
1194 4169 1259 4250 ipse
1284 4187 1360 4230 vero
1386 4164 1516 4249 Gyurak

257 4277 295 4338 de
321 4278 391 4358 ipso
415 4277 537 4359 judicio
568 4298 632 4340 non
665 4291 832 4340 contentus
863 4275 903 4337 ad
937 4276 1085 4357 antiquos
1117 4274 1237 4347 iudices
1261 4275 1362 4356 ipsam
1388 4292 1515 4335 causam

256 4385 438 4466 appellavit.

360 4509 438 4570 Item
457 4508 531 4590 quia
550 4508 650 4570 Elena
676 4505 953 4590 Matheychichina
970 4519 1078 4568 contra
1098 4505 1233 4566 Paulum
1258 4503 1396 4586 juratum
1414 4504 1516 4565 Totar

254 4615 432 4678 secundum
464 4628 605 4677 nostram
637 4613 915 4696 adjudicacionem
947 4613 1015 4674 sola
1042 4631 1137 4693 super
1170 4631 1219 4690 e0,
1245 4623 1279 4672 ut
1311 4610 1416 4692 ipsum
1447 4629 1512 4671 non

254 4721 446 4804 vituperavit
476 4720 693 4802 juramentum
726 4719 887 4802 deponere
920 4719 1091 4799 debuisset,
1124 4737 1189 4779 non
1223 4716 1349 4800 juravit,
1374 4716 1448 4778 ideo
1479 4715 1511 4779 in

256 4829 400 4912 quinque
426 4827 611 4890 marciscat
639 4827 794 4891 convicta.
