3734 5796
604 596 691 654 Anno
710 610 802 674 1441.
824 629 864 640 -
888 607 937 673 27.
954 595 1108 670 anuan’i.
1431 619 1488 681 341

226 819 311 887 runt,
335 807 423 889 quod
447 805 588 889 prefatus
611 807 741 869 laxinus
764 806 886 888 juratus
914 807 1087 890 birsagium
1120 811 1285 891 sanguinis
1309 825 1340 872 et
1363 832 1492 893 percus·

230 914 330 976 sionis
352 913 440 996 juxta
472 927 622 976 contenta
653 913 813 996 privilegii
846 915 944 976 nostri
977 916 1159 977 communis
1189 916 1296 979 eidem
1320 917 1493 980 Valentino

226 1039 285 1101 pro
309 1021 513 1102 percussione
538 1033 569 1081 et
591 1038 650 1102 pro
675 1019 831 1082 effusione
854 1020 1018 1102 sanguinis
1042 1021 1092 1082 sui
1121 1041 1222 1102 usque
1246 1023 1287 1084 ad
1311 1023 1492 1104 quindenas

225 1125 380 1208 presentis
403 1124 480 1188 ferie
503 1138 589 1188 sexte
613 1125 708 1187 debet
731 1125 920 1188 omnimode
945 1126 1120 1208 inpendere
1144 1126 1409 1191 satisfaccionem.

334 1232 412 1294 Item
445 1233 636 1295 Valentinus
667 1233 802 1294 claudus
832 1231 917 1294 filius
942 1280 949 1295 .
976 1279 982 1292 .
1008 1280 1015 1296 .
1041 1283 1048 1298 .
1073 1234 1151 1295 civia
1182 1235 1317 1297 civitatis
1348 1237 1489 1318 predicte

227 1353 337 1402 contra
353 1339 517 1400 Andream
535 1339 686 1401 Latinum
704 1339 825 1401 dictum
844 1338 912 1400 Lah
927 1339 1070 1402 secundo
1088 1341 1201 1402 citatus
1215 1361 1280 1403 non
1297 1343 1488 1424 comparuit.

334 1445 413 1508 ltem
439 1445 471 1506 in
496 1464 590 1506 causa
606 1444 843 1506 vulneracionis
863 1464 977 1506 manus
993 1445 1149 1508 Anthonii
1174 1446 1231 1509 filii
1257 1448 1390 1510 Adriani
1408 1449 1491 1511 inter

227 1550 367 1612 eundem
391 1551 592 1613 Anthonium
617 1563 649 1612 et
672 1550 754 1612 inter
769 1550 980 1612 Benedictum
998 1549 1100 1613 filium
1118 1552 1284 1615 Michaelis
1308 1553 1487 1616 Sebastiani

228 1677 264 1719 ac
289 1658 372 1722 inter
402 1659 484 1720 Pero
515 1671 546 1719 et
578 1658 727 1719 Jaxinum
759 1656 897 1739 juratos,
928 1657 1012 1720 filios
1045 1659 1129 1721 Petri
1154 1659 1276 1741 Saphar
1307 1659 1490 1742 nuperrime

228 1784 336 1826 coram
367 1764 461 1826 nobis
491 1777 579 1826 mota
611 1776 642 1825 et
672 1762 809 1826 finaliter
840 1763 1040 1846 adjudicata,
1072 1783 1128 1847 per
1159 1766 1433 1847 composicionem
1458 1779 1490 1827 et

228 1870 471 1932 ordinacionem
495 1870 636 1952 plurium
662 1869 804 1931 virorum
828 1871 1004 1952 proborum
1029 1871 1068 1932 ad
1085 1871 1182 1933 talem
1207 1872 1413 1934 concordiam
1437 1871 1491 1933 de·

230 1989 396 2055 venerunt,
422 1988 456 2038 ut
480 1975 672 2037 Benedictus
695 1975 856 2058 predictus
881 1989 944 2038 tres
975 1975 1043 2038 flor.
1069 1977 1137 2037 auri
1162 1989 1193 2038 et
1216 1976 1347 2038 Jaxinus
1369 1975 1490 2059 juratus

227 2083 375 2145 similiter
398 2095 461 2145 tres
485 2081 555 2144 flor.
579 2082 659 2160 auri,
683 2079 824 2164 prefatus
847 2095 955 2144 autem
980 2083 1061 2143 Pero
1077 2081 1198 2163 juratus
1222 2082 1303 2143 duos
1327 2081 1395 2143 flor.
1420 2081 1489 2143 auri

229 2190 373 2272 predicto
397 2188 563 2250 Anthonio
580 2187 692 2250 sartori
711 2207 812 2269 usque
832 2187 872 2249 ad
890 2187 1005 2250 festum
1023 2187 1262 2251 Purificacionis
1278 2189 1369 2251 beate
1388 2187 1487 2249 Marie

231 2315 357 2378 semper
379 2294 513 2376 virginis
536 2313 591 2355 seu
609 2293 746 2356 finaliter
767 2293 800 2355 in
824 2293 938 2356 eodem
968 2293 1048 2356 festo
1067 2295 1157 2356 beate
1181 2293 1314 2377 virginis
1338 2292 1489 2356 fraterna·

228 2403 301 2464 liter
324 2415 355 2464 et
378 2399 509 2484 pacifice
526 2402 647 2482 absque
670 2400 813 2462 ulteriori
830 2399 1062 2482 prorogacione
1080 2413 1112 2463 et
1129 2400 1184 2462 lite
1200 2399 1381 2483 persolvere
1399 2413 1486 2462 tene·

231 2509 349 2570 buntur
373 2520 408 2569 ut
431 2518 681 2589 assumpserunt.
921 2577 927 2590 1

334 2614 413 2676 Item
437 2613 513 2695 quia
545 2613 707 2674 lohannes
738 2611 833 2694 judex
865 2612 949 2676 filius
973 2613 1054 2675 Pero
1079 2614 1111 2676 id
1143 2633 1251 2676 coram
1276 2613 1370 2674 nobis
1393 2613 1491 2676 bodie

230 2720 262 2780 in
287 2719 363 2782 sede
394 2733 501 2780 nostra
532 2717 697 2800 judiciaria
730 2731 844 2800 sponte
876 2717 1041 2781 confessus
1068 2731 1125 2798 est,
1158 2732 1194 2781 ut
1219 2719 1366 2802 Mathyas
1390 2719 1492 2782 dictus

230 2825 400 2889 Ztakorich
418 2825 456 2887 de
473 2825 626 2888 tredecim
643 2824 713 2888 flor.
732 2825 811 2904 auri,
828 2845 910 2906 quos
928 2824 1104 2908 Elyzabeth
1121 2825 1229 2888 relicta
1247 2825 1385 2887 Emerici
1409 2827 1493 2888 auri·

228 2931 309 2995 fabri
333 2933 444 3014 vigore
469 2930 636 2993 cuiusdam
654 2931 745 2992 litere
762 2931 953 3013 obligatorie
970 2931 1030 3014 ipsi
1055 2930 1191 2992 Johanni
1209 2931 1307 3014 judici
1332 2931 1490 2994 debitoris

227 3039 441 3120 obligabatur,
466 3038 571 3100 eidem
589 3035 726 3098 Johanni
744 3036 842 3118 judici
859 3037 1035 3119 plenariam
1051 3036 1306 3100 satisfaccionem
1324 3037 1491 3121 inpendit3

228 3145 445 3228 possessiones
468 3158 500 3205 et
530 3143 699 3225 porciones
730 3143 996 3225 possessionarias
1023 3144 1122 3226 ipsius
1154 3143 1285 3206 domine
1310 3144 1487 3226 Elyzabeth

228 3252 329 3333 ipsam
354 3265 419 3312 tarn
445 3251 476 3311 in
501 3250 600 3312 domo
623 3269 679 3311 seu
708 3249 860 3331 porcione
892 3249 1008 3310 domus
1032 3269 1088 3312 seu
1119 3250 1152 3311 in
1176 3248 1311 3333 (h)ortia,
1335 3269 1392 3312 seu
1416 3270 1488 3332 por·

228 3358 320 3420 cione
345 3355 536 3438 (h)ortorum
561 3354 674 3438 prefati
691 3355 829 3416 Emerici
848 3355 952 3418 mariti
970 3355 1016 3418 sui
1036 3355 1226 3418 hereditarie
1251 3369 1491 3435 concernentes,

227 3483 307 3546 quaa
330 3463 398 3545 ipse
424 3461 585 3524 lohannes
609 3461 704 3543 judex
729 3480 787 3542 pro
812 3460 962 3542 predictis
984 3461 1100 3523 debitis
1123 3461 1188 3522 suis
1212 3461 1340 3523 cuidam
1365 3462 1489 3523 homini

225 3569 424 3647 vendiderat,
448 3587 507 3651 pro
540 3589 573 3629 se
606 3569 675 3649 ipso
703 3587 739 3627 ex
773 3587 932 3628 consensu
963 3567 1105 3648 predicte
1136 3567 1314 3649 Elyzabeth
1346 3567 1491 3629 mulieris

225 3675 383 3737 consortis
399 3674 542 3737 eiusdem
558 3673 687 3756 Mathye
706 3671 874 3734 Ztakorich
892 3673 1092 3752 redimendo,
1109 3674 1228 3755 etquis
1245 3673 1358 3736 eadem
1376 3674 1490 3757 Elyza·

226 3781 301 3842 beth
325 3801 405 3843 uxor
429 3780 529 3862 ipsius
553 3778 683 3862 Mathye
700 3778 868 3840 Ztakorich
894 3779 926 3840 id
944 3798 1051 3840 coram
1068 3779 1178 3860 juratis
1195 3781 1310 3842 nostris
1326 3779 1490 3842 modernis

225 3901 257 3948 et
280 3906 388 3948 coram
412 3887 482 3968 ipso
507 3885 652 3948 Johanne
676 3884 783 3966 judice
807 3905 843 3946 ac
874 3903 981 3946 coram
1006 3885 1077 3946 aliis
1101 3886 1246 3967 pluribus
1277 3887 1385 3968 probis
1409 3887 1485 3948 viris

228 3993 374 4056 confessa
398 4007 445 4055 est
467 4005 592 4075 sponte,
617 4004 651 4054 ut
675 3992 742 4073 ipse
760 3991 896 4052 Mathias
919 3991 1088 4053 Ztakorich
1109 3993 1193 4074 ipsas
1216 3993 1433 4074 possessiones
1457 4006 1488 4055 et

227 4100 397 4183 porciones
420 4097 685 4181 possessionarias
716 4097 800 4159 dicte
825 4097 1003 4179 Elyzabeth
1035 4098 1179 4159 mulieris
1209 4117 1325 4180 prose
1351 4098 1420 4181 ipso
1444 4111 1491 4160 est

226 4206 428 4268 voluntarius
452 4204 609 4266 redimere
631 4217 661 4264 et
684 4203 848 4285 possidere
869 4217 899 4264 et
922 4203 1230 4286 quomodocumque
1247 4205 1307 4266 sibi
1332 4204 1487 4286 placuerit

227 4312 397 4394 disponere
422 4311 507 4394 juxta
539 4310 764 4372 condicionem
797 4309 934 4371 civitatis
963 4324 1141 4391 prenotate,
1173 4310 1312 4391 ideoque
1337 4329 1396 4371 nos
1420 4330 1491 4391 pre-

226 4419 327 4479 dictas
351 4417 567 4500 possessiones
591 4430 621 4478 et
644 4417 814 4499 porciones
837 4416 1102 4497 possessionarias
1127 4417 1225 4498 ipsius
1249 4417 1381 4478 domine
1414 4416 1489 4499 Ely-

229 4523 343 4586 zabeth
368 4523 522 4601 mulieris,
552 4523 653 4605 ipsam
678 4541 695 4583 a
713 4521 856 4604 predicto
879 4521 1026 4583 Emerico
1043 4521 1205 4583 aurifabro
1222 4523 1320 4584 modo
1336 4523 1492 4604 premisso

227 4628 419 4691 hereditarie
433 4641 671 4707 concernentes,
689 4647 761 4689 cum
785 4627 935 4688 omnibus
952 4629 1016 4688 suis
1033 4628 1223 4690 utilitatibus
1239 4641 1270 4690 et
1286 4629 1491 4710 pertinenciis

228 4735 385 4796 universis
408 4733 532 4817 prelato
557 4734 686 4818 Mathye
711 4733 879 4795 Ztakorich
905 4734 1029 4795 concivi
1054 4747 1163 4795 nostro
1187 4755 1222 4796 ac
1246 4755 1302 4818 per
1327 4755 1400 4796 eum
1425 4735 1490 4796 suis

226 4839 399 4903 heredibus
416 4839 599 4903 racionibus
616 4853 646 4902 et
662 4841 765 4901 causis
789 4859 826 4901 ex
850 4839 1012 4920 premissis
1036 4841 1204 4902 statuimus
1220 4855 1374 4924 perpetuo
1391 4842 1491 4923 possi-

229 4945 351 5007 dendas
375 4960 405 5008 et
423 4947 732 5028 quomodocumque
756 4945 895 5006 voluerit
918 4946 1135 5027 disponendas
1158 4946 1244 5028 juxta
1268 4947 1492 5009 condicionem

225 5053 362 5116 civitatis
385 5065 551 5138 prenotate
575 5053 796 5137 approbatam.

753 5185 966 5206 σ-ῡκφοοο--η
