3740 5810
800 569 887 626 Anno
910 581 1001 644 1419.
1024 601 1067 611 —
1089 564 1143 630 26.
1167 569 1248 630 mari.

503 777 580 840 Item
606 798 700 840 causa
726 779 808 840 inter
833 779 967 841 Pentera
984 792 1015 840 et
1040 777 1218 860 Georgium
1243 776 1440 860 Oprasnicha
1466 790 1589 860 recepta
1613 791 1658 838 est

397 883 437 945 ad
461 903 573 967 pacem
597 885 637 947 ad
662 885 801 967 primum
826 884 992 967 judicium.

503 989 580 1053 Item
599 991 768 1054 Elizabetb
785 1011 917 1054 consors
940 992 1074 1054 Adriani
1094 1011 1166 1054 curn
1184 989 1354 1054 sufficienti
1371 991 1555 1052 testimonio
1572 1010 1657 1052 com-

397 1097 557 1178 probavit,
581 1098 671 1179 quod
694 1099 855 1181 predictus
886 1099 1047 1161 Adrianus
1078 1099 1241 1181 quandam
1273 1098 1400 1159 vineam
1435 1117 1498 1178 que
1522 1095 1658 1158 Nicolao

398 1201 546 1264 Zolaricb
570 1201 698 1285 prefuit,
722 1224 781 1287 pro
805 1205 867 1266 alia
891 1205 984 1267 vinea
1009 1206 1107 1287 ipsius
1136 1203 1302 1266 Elizabeth
1325 1203 1497 1265 habuisset.

503 1307 581 1371 Item
614 1309 734 1372 Mathci
767 1309 852 1371 lilius
877 1311 1045 1372 Laurencii
1071 1330 1180 1372 coram
1212 1310 1306 1372 nobis
1337 1309 1433 1389 dixit,
1465 1309 1552 1390 quod
1576 1307 1659 1391 (pro)

396 1413 489 1476 vinea
513 1434 570 1477 sua
596 1415 813 1478 condicionali
838 1416 946 1478 literas
968 1416 1143 1494 habuisset,
1171 1416 1225 1478 sed
1252 1415 1380 1478 easdem
1404 1414 1602 1498 perdidisset,
1627 1429 1660 1477 et

396 1522 619 1603 comprobavit
642 1521 731 1603 quod
755 1541 811 1584 sua
836 1519 956 1585 luisset.

503 1643 579 1707 ltem
604 1644 698 1726 jurati
722 1645 957 1727 adjudicarunt,
974 1645 1063 1728 quod
1089 1665 1167 1707 uxor
1183 1646 1344 1708 Valentini
1362 1659 1477 1708 octavo
1502 1645 1553 1707 die
1570 1658 1658 1707 tene-

397 1750 481 1812 bitur
504 1750 573 1812 sola
596 1749 813 1832 juramentum
829 1765 980 1834 prestare,
1006 1751 1094 1833 quod
1116 1752 1202 1814 idem
1220 1752 1408 1814 Valentinus
1432 1751 1657 1813 molendinum

397 1875 491 1919 suum
522 1877 596 1919 curn
626 1858 708 1920 scitu
732 1877 798 1920 non
830 1857 1037 1937 vendidisset,
1069 1871 1101 1920 et
1132 1858 1221 1940 quod
1247 1858 1314 1941 ipsa
1346 1859 1405 1920 sibi
1435 1873 1465 1920 et
1496 1857 1568 1919 liliis
1590 1859 1658 1919 suis

399 1981 505 2025 emere
529 1963 636 2026 vellet.

502 2069 580 2132 ltem
597 2089 726 2132 causam
743 2070 825 2132 inter
841 2070 978 2132 Paulum
996 2071 1098 2132 Totar
1118 2071 1243 2153 pridem
1261 2070 1400 2150 juratum
1417 2085 1448 2132 et
1471 2070 1659 2152 magistrum

398 2174 597 2258 Stephanum
622 2195 658 2238 ac
682 2177 853 2239 Nicolaum
878 2176 1016 2258 juratum
1037 2191 1251 2258 prorogarunt
1274 2176 1314 2239 ad
1338 2177 1480 2259 primum
1503 2175 1659 2258 judicium

397 2293 623 2344 testamentum
647 2283 787 2345 exhiberi
813 2282 951 2346 condam
976 2282 1119 2364 Georgii.

500 2517 596 2592 Feria
621 2527 720 2592 sexta
747 2523 901 2610 proxima
930 2529 1007 2612 post
1034 2522 1157 2594 lectum
1185 2522 1281 2594 beate
1308 2518 1405 2594 lilene
1434 2524 1553 2611 regine.

927 2688 991 2770 (26.
1021 2691 1113 2761 maia).

500 2845 645 2910 Thomas
669 2847 757 2910 faber
781 2849 922 2911 concivis
946 2862 1053 2911 noster
1071 2869 1143 2911 curn
1167 2847 1337 2912 sufficienti
1360 2851 1544 2912 testimonio
1568 2870 1656 2912 com-

395 2954 560 3036 probavit,
591 2969 625 3016 ut
649 2954 726 3016 durn
758 2955 903 3017 Andreas
935 2954 1023 3017 faber
1054 2956 1086 3017 in
1119 2957 1267 3018 extremis
1297 2956 1491 3035 laborasset,
1515 2955 1652 3018 fundum

396 3079 490 3122 suurn
515 3060 546 3122 in
571 3061 643 3122 vico
668 3061 815 3122 exteriori
847 3060 993 3124 habiturn
1025 3061 1131 3124 eidem
1163 3061 1291 3124 Thome
1316 3062 1356 3123 ad
1388 3062 1591 3124 vendendum
1627 3077 1660 3125 et

396 3165 570 3227 Heremitis
586 3167 737 3248 pecunias
754 3167 829 3228 dare
846 3167 1075 3246 commisisset;
1092 3182 1123 3229 et
1143 3167 1264 3230 ibidem
1288 3167 1377 3248 dixit,
1393 3169 1499 3250 ipsum
1517 3166 1656 3230 fundum

397 3271 546 3335 Michaeli
570 3271 638 3334 filio
664 3273 805 3335 Simonis
828 3272 983 3336 vendidit.

499 3395 578 3457 ltem
602 3395 734 3459 domina
747 3396 922 3459 Katherina
946 3397 1055 3459 relicta
1077 3396 1214 3459 condam
1232 3397 1440 3478 sigismundi,
1466 3417 1552 3460 nunc
1575 3416 1651 3459 con·

395 3520 462 3564 sors
487 3501 613 3584 providi
637 3502 695 3563 viri
730 3502 813 3564 Petri
846 3501 936 3565 Salar
967 3501 1092 3585 pridem
1116 3503 1241 3585 judicis,
1263 3504 1295 3564 in
1319 3524 1375 3565 sua
1400 3517 1431 3566 et
1455 3503 1658 3586 Margarethe

395 3605 461 3669 filie
485 3627 540 3668 sue
566 3609 710 3690 personis
723 3627 796 3670 cum
812 3607 982 3670 sufficienti
1005 3608 1190 3670 testimonio
1215 3623 1397 3671 nostrorum
1421 3611 1604 3672 concivium
1622 3610 1655 3671 id

398 3713 630 3794 comprobavit,
655 3727 689 3775 ut
713 3713 790 3776 dum
815 3714 900 3775 idem
926 3714 1152 3794 Sigismundus
1169 3715 1201 3776 in
1227 3716 1375 3777 extremis
1398 3717 1461 3778 vite
1486 3736 1542 3777 sue
1565 3717 1656 3778 labo·

398 3829 506 3896 rasset,
529 3831 605 3879 tunc
629 3818 737 3880 omnia
761 3821 845 3880 bona
869 3840 937 3897 sua,
969 3819 1084 3880 domos
1116 3840 1238 3900 omnes,
1264 3841 1367 3902 agros,
1399 3822 1520 3902 vineas,
1544 3820 1656 3884 fenilia

396 3934 427 3985 et
451 3921 650 4004 jobagiones,
669 3943 852 4007 ‚omnesque
881 3927 1099 4008 possessiones
1122 3925 1244 3988 eisdem
1274 3927 1366 3989 uxori
1391 3940 1423 3989 et
1445 3926 1511 3989 filie
1534 3927 1599 3990 suia
1623 3927 1657 3988 in

396 4043 587 4110 perpetuum
613 4029 783 4091 dimisisset
806 4032 1026 4113 possidendas.

501 4151 579 4214 ltem
603 4172 730 4214 causam
747 4155 828 4216 inter
852 4155 1023 4217 Nicolaum
1041 4168 1072 4216 et
1094 4156 1268 4217 Martinurn
1289 4168 1442 4217 sartorem
1467 4170 1657 4238 receperunt

396 4256 435 4319 ad
461 4277 571 4340 pacem
597 4258 637 4320 ad
661 4259 801 4341 primum
826 4260 991 4342 judicium.

501 4382 580 4444 ltetn
598 4384 721 4465 antiqui
738 4384 860 4466 judices
876 4398 906 4447 et
923 4385 1070 4447 moderni
1097 4385 1188 4466 jurati
1206 4387 1288 4448 inter
1306 4385 1496 4448 Michaelem
1513 4385 1654 4467 judicem

396 4486 588 4550 modernum
613 4501 644 4551 et
676 4489 874 4572 Stephanum
900 4490 1059 4570 Pundicb,
1083 4492 1151 4553 viso
1176 4492 1263 4574 prius
1286 4492 1422 4572 negocio
1443 4490 1657 4575 infrascripto,

396 4592 478 4655 inter
509 4594 640 4656 eosdem
663 4595 708 4657 sic
740 4595 977 4678 disposuerunt,
1009 4610 1045 4658 ut
1077 4597 1162 4659 idem
1189 4597 1410 4679 Stephanusa
1442 4597 1493 4658 die
1518 4599 1656 4678 presenti

398 4719 500 4781 usque
532 4713 680 4763 octavum
712 4702 798 4764 diem
829 4703 937 4768 omnia
970 4704 1056 4786 ligna
1082 4718 1112 4766 et
1136 4704 1312 4766 materialia
1343 4723 1435 4765 rnuro
1471 4703 1570 4786 ipsius
1595 4705 1656 4766 Mi·

397 4805 516 4869 chaelis
538 4805 653 4888 judicia
676 4807 824 4890 inposita,
850 4829 942 4874 muro
967 4812 1007 4873 de
1032 4811 1147 4873 eodem
1175 4829 1341 4872 removere
1365 4822 1396 4871 et
1419 4807 1573 4872 fracturas
1596 4830 1655 4892 per

396 4911 502 4995 ipsum
529 4912 728 4996 Stephanum
753 4936 845 4979 muro
870 4917 902 4978 in
927 4917 1041 4979 eodem
1066 4916 1163 4979 lactas
1187 4936 1243 4998 per
1267 4915 1375 4978 omnia
1400 4913 1573 4976 reformare
1599 4915 1654 4977 de·

398 5017 470 5080 beat
495 5033 526 5081 et
548 5033 685 5085 tenetur.
