3740 5810
829 523 1030 601 Anno142o.
1054 557 1096 566 -
1119 518 1172 584 28.
1188 524 1281 598 Jicm’r'.

522 733 601 796 Item
625 733 719 817 jurati
751 733 986 815 adjudicarunt,
1016 733 1092 814 quia
1123 733 1313 795 Valentinus
1345 734 1468 817 pridem
1499 741 1619 815 juratus
1649 747 1679 796 et

418 840 560 901 decanus
584 840 616 901 id
641 838 812 901 sufficienti
829 840 1015 902 testimonio
1039 852 1223 902 nostrorum
1239 840 1421 903 concivium
1447 841 1678 922 comprobavit,

419 957 454 1006 ut
477 945 586 1007 Iwano
610 945 768 1008 moderno
793 945 916 1008 decano
949 945 1125 1008 collendini
1156 947 1345 1009 Latinorum
1377 947 1454 1008 dum
1488 946 1675 1023 decanatum

417 1051 478 1111 sibi
503 1051 687 1133 assignavit,
711 1053 772 1114 sibi
796 1052 1019 1115 omnimodam
1045 1053 1191 1135 inpendit
1214 1067 1245 1114 et
1261 1051 1336 1114 fecit
1359 1051 1625 1129 satisfaccionem,
1648 1065 1678 1114 et

418 1169 556 1238 quatuor
587 1178 661 1219 vasa
693 1159 759 1220 vini
784 1159 817 1220 in
846 1173 947 1222 totam
978 1158 1233 1221 satisfaccionem
1265 1159 1352 1221 idem
1383 1160 1468 1221 Iwan
1492 1161 1532 1220 ab
1564 1156 1675 1218 eodem

417 1263 590 1326 Valentino
615 1265 734 1347 recepit
758 1279 788 1327 et
812 1266 983 1348 assumpsit
1006 1284 1080 1327 cum
1108 1265 1263 1328 decanato
1296 1267 1450 1348 predicto,
1475 1265 1549 1327 ideo
1575 1264 1675 1345 ipsum

416 1370 631 1432 communitas
655 1371 815 1432 commisit
839 1372 1034 1453 expeditum.

477 1585 574 1661 Ferla
602 1599 701 1662 sexta
730 1594 884 1681 proxima
913 1601 990 1682 post
1017 1593 1141 1666 festum
1168 1594 1345 1668 beatorum
1374 1595 1466 1666 Petri
1495 1601 1528 1664 et
1556 1593 1651 1665 Pauli

919 1718 1159 1806 apostolomm.

943 1867 1012 1950 (28.
1027 1870 1138 1953 senat).

522 2009 601 2071 Item
634 2009 744 2092 (lwan)
776 2010 861 2072 filius
895 2011 1048 2094 Stephani
1080 2011 1184 2074 dictus
1217 2011 1373 2094 Chaplich
1406 2011 1548 2072 concivis
1573 2022 1677 2072 noster

414 2135 489 2177 cum
513 2114 683 2178 sufficienti
716 2117 901 2179 testimonio
935 2131 1116 2179 nostrorum
1150 2118 1332 2180 concivium
1356 2117 1388 2178 id
1421 2117 1506 2179 clare
1530 2135 1676 2198 compro-

415 2222 512 2300 bavit,
538 2236 572 2283 ut
597 2223 714 2284 domus
731 2243 816 2285 nunc
840 2225 922 2286 inter
939 2224 1054 2286 domos
1078 2224 1216 2286 Dionisii
1233 2223 1422 2286 Mozlauech
1447 2235 1478 2285 et
1503 2223 1675 2285 liberorum

415 2327 570 2408 Iwchech,
603 2329 679 2390 item
714 2328 848 2412 tb)ortus
882 2331 913 2391 in
945 2331 1101 2392 suburbio
1133 2350 1218 2393 nunc
1243 2331 1325 2392 inter
1357 2329 1491 2410 (hlortos
1516 2328 1674 2390 Valentini

414 2434 539 2515 pridem
563 2433 656 2516 jurati
681 2447 712 2496 et
734 2436 910 2498 liberorum
927 2437 1081 2498 Iohannis
1104 2437 1306 2513 stacionarii;
1333 2437 1408 2498 item
1425 2435 1565 2517 quedam
1585 2435 1674 2495 vinea

414 2559 499 2601 nunc
523 2540 606 2602 inter
629 2542 738 2603 vineas
772 2541 925 2624 Stephani
958 2543 1075 2604 sutoris
1101 2543 1167 2604 Ban
1199 2557 1231 2604 et
1255 2542 1420 2604 Benedicti
1451 2541 1589 2603 Ventich
1613 2540 1674 2602 esi·

414 2657 543 2725 stentes,
568 2667 585 2708 a
609 2648 754 2729 predicto
780 2647 943 2731 Stephano
968 2649 1007 2709 ad
1041 2649 1146 2730 ipsum
1170 2648 1256 2710 lwan
1289 2647 1441 2710 devolute
1465 2660 1580 2726 essent,
1604 2646 1674 2707 ideo

415 2753 569 2833 premissa
594 2753 699 2814 eidem
723 2755 892 2816 statuimus
917 2769 1073 2836 perpetuo
1097 2753 1301 2837 possidenda.

524 2859 602 2920 Item
635 2859 732 2921 Lucia
765 2861 873 2922 relicta
906 2859 1083 2924 Clementis
1114 2860 1347 2942 comprobavit,
1380 2858 1468 2940 quod
1501 2857 1617 2919 domus
1646 2871 1674 2916 et

414 2963 545 3044 fundus,
570 2985 632 3026 una
657 2979 780 3047 quarta,
805 2985 889 3027 nunc
914 2967 996 3028 inter
1030 2966 1145 3027 domos
1170 2966 1254 3026 Petri
1284 2964 1391 3026 Zudar
1415 2977 1446 3026 et
1469 2962 1674 3026 Ciurmanich

416 3071 564 3149 existens,
589 3092 605 3132 a
631 3070 775 3152 predicto
801 3070 968 3133 Clemente
986 3073 1025 3133 ad
1044 3073 1144 3154 ipsam
1170 3072 1342 3134 devolutus
1366 3083 1457 3148 esset,
1482 3069 1556 3130 ideo
1573 3069 1673 3150 ipsum

415 3175 552 3238 fundum
588 3177 693 3238 eidem
730 3178 828 3239 Lucie
859 3177 1047 3255 statuimus,
1080 3190 1111 3238 et
1144 3178 1212 3260 ipse
1244 3177 1342 3238 Lucia
1375 3177 1511 3238 eandem
1543 3176 1673 3237 domum

417 3283 560 3364 Georgio
584 3283 653 3344 viro
677 3303 736 3344 suo
760 3283 978 3366 proprietavit.

521 3389 599 3450 ltem
623 3390 735 3450 Petrus
760 3389 932 3470 Hungarus
957 3402 1066 3452 contra
1099 3389 1293 3470 Gregorium
1317 3389 1441 3472 pridem
1474 3388 1611 3469 juratum
1636 3388 1674 3450 ad

414 3495 677 3578 respondendum
701 3496 874 3557 terminum
898 3497 1027 3577 recepit.

523 3603 602 3663 Item
636 3601 720 3663 lwan
752 3601 892 3664 decanus
923 3615 1032 3664 contra
1064 3603 1237 3664 MartInum
1270 3616 1411 3664 sutorem
1436 3601 1542 3684 prImo
1566 3602 1674 3662 citatus

414 3728 478 3770 non
508 3709 697 3794 comparuit.

519 3813 597 3874 Item
622 3815 811 3876 Valentinus
834 3815 959 3897 pridem
989 3814 1109 3890 iuratus
1142 3827 1251 3876 contra
1276 3814 1361 3874 lwan
1387 3815 1546 3874 decanum
1571 3813 1672 3895 primo

414 3920 527 3982 citatus
551 3939 617 3981 non
641 3922 830 4002 comparuit.

520 4026 598 4088 Item
612 4026 801 4089 Valentinus
825 4027 948 4109 pridem
975 4027 1095 4108 juratus
1112 4047 1184 4089 cum
1210 4025 1380 4089 sufficienti
1397 4026 1584 4088 testImonio
1601 4045 1672 4086 con-

414 4133 532 4193 civium
557 4145 739 4194 nostrorum
757 4135 987 4215 comprobavit,
1005 4149 1039 4196 ut
1056 4135 1133 4195 alias
1152 4135 1245 4195 Janse
1263 4134 1396 4194 domum
1415 4151 1505 4193 suam
1524 4132 1556 4192 in
1574 4145 1671 4192 castro

360 4290 362 4294 .
415 4251 524 4298 nostro
549 4238 689 4300 habitam
715 4240 820 4301 eidem
845 4241 1017 4302 Valentino
1035 4256 1069 4302 ut
1092 4241 1189 4303 tutori
1209 4255 1239 4301 et
1260 4239 1476 4301 conservatori
1495 4238 1673 4313 dimisisset,

415 4345 488 4406 ideo
513 4345 649 4406 eandem
674 4345 806 4407 domum
826 4347 995 4408 statuimus
1011 4347 1116 4408 eidem
1142 4345 1326 4423 Valentin0,
1352 4359 1386 4405 ut
1402 4343 1618 4405 conservatori
1636 4341 1674 4403 ad

415 4451 682 4514 conservandum.

523 4556 601 4618 Item
626 4576 752 4618 causam
777 4558 859 4619 inter
882 4558 1048 4619 dominam
1066 4559 1197 4619 Luciam
1215 4571 1245 4618 et
1261 4557 1424 4618 Andream
1448 4557 1487 4618 ad
1512 4569 1586 4618 octo
1611 4555 1676 4616 dies

416 4675 603 4744 receperunt
627 4663 666 4724 ad
691 4682 813 4744 pacem.

522 4768 599 4830 Item
626 4769 816 4832 Benedictus
844 4769 980 4832 Ventich
1005 4769 1108 4831 dictus
1138 4789 1210 4830 cum
1236 4769 1376 4829 evidenti
1407 4767 1595 4829 testImonio
1620 4787 1674 4828 no-

415 4887 554 4935 strorum
570 4876 752 4937 concivium
770 4877 1001 4958 comprobavit,
1019 4891 1053 4938 ut
1070 4876 1200 4957 qnidam
1222 4873 1339 4935 fundus
1356 4893 1443 4935 nunc
1460 4874 1541 4935 inter
1559 4873 1676 4934 fundos

416 4980 581 5046 Benedicti
605 4996 636 5047 et
660 4981 819 5044 lanchech
837 4983 983 5064 existens,
1008 4984 1040 5044 in
1057 4995 1145 5067 parte
1163 4981 1313 5046 anteriori
1338 5001 1355 5045 a
1379 4979 1522 5046 filiosuo
1540 4979 1674 5044 Nicolao
