3740 5810
599 532 686 588 Anno
711 544 802 606 1422.
829 565 868 574 —
894 549 983 591 mens.
1000 533 1167 606 januarr'r'o.
1453 552 1511 614 107

351 739 452 802 lurati
477 739 714 820 adjudicarunt,
738 741 827 822 quod
849 742 923 823 quia
942 741 1121 822 Gregorius
1144 740 1340 804 sufficienter
1364 761 1510 825 compro-

245 848 343 926 bavit,
368 847 456 928 quod
481 847 541 909 sibi
567 847 744 930 dampnum
769 849 801 910 in
827 847 988 910 frumento
1010 868 1068 930 pro
1093 849 1195 930 culpis
1219 847 1375 910 lobannis
1400 849 1509 910 Prewz

241 954 412 1032 evenisset,
437 968 468 1015 et
498 954 628 1015 tandem
662 967 777 1016 octavo
809 955 860 1015 die
894 953 979 1016 idem
1005 954 1181 1035 Gregorius
1211 954 1373 1017 tenebitur
1404 955 1509 1036 jurare

240 1080 338 1140 super
371 1059 513 1142 dampno
545 1061 606 1122 sibi
638 1061 670 1121 iu
703 1058 864 1122 frumento
898 1058 1005 1136 illato;
1038 1059 1167 1143 dequo
1202 1060 1322 1142 judicio
1347 1061 1510 1124 lohannes

242 1166 339 1248 judex
363 1185 428 1226 non
454 1178 623 1228 contentus
645 1167 739 1228 traxit
763 1166 803 1228 ad
828 1167 981 1228 seniores.

348 1271 428 1333 ltem
453 1272 644 1334 Valentinus
668 1271 809 1334 carnifex
834 1287 945 1334 contra
979 1271 1157 1354 Georgium
1191 1273 1392 1355 Oprasnicha
1417 1293 1508 1336 suam

240 1378 384 1460 perdidit
407 1378 585 1458 accionem,
610 1378 685 1462 quia
710 1379 817 1440 debita
841 1379 901 1440 sibi
926 1392 998 1440 ante
1023 1391 1150 1462 tempus
1175 1379 1383 1440 commissum
1401 1393 1510 1461 postu-

241 1485 339 1562 lavit;
371 1485 410 1546 de
443 1505 509 1566 quo
543 1485 664 1567 judicio
696 1485 781 1548 idern
818 1485 1009 1548 Valentinus
1043 1505 1109 1547 non
1142 1499 1312 1549 contentus
1345 1486 1438 1548 traxit
1470 1487 1509 1548 ad

240 1591 395 1654 seniores.

350 1697 428 1760 ltem
455 1697 655 1778 Margaretha
677 1717 808 1760 consors
833 1697 1000 1760 Michaelis
1019 1697 1147 1780 pistoris
1169 1717 1290 1780 panum
1315 1712 1439 1780 reperta
1464 1711 1511 1762 est

241 1803 273 1864 in
300 1803 472 1866 manifesto
507 1803 671 1865 furticinio
702 1817 812 1865 contra
844 1803 987 1866 blasium
1019 1804 1185 1866 concivem
1218 1817 1362 1866 nostrum
1388 1825 1424 1868 ac
1449 1805 1509 1868 Fa·

240 1909 622 1991 bianuminquilinum,
656 1910 731 1992 quia
763 1923 873 1972 contra
906 1909 1035 1972 eosdem
1073 1929 1138 1970 non
1170 1909 1286 1991 juravit
1317 1923 1352 1972 ut
1384 1909 1507 1990 debuit,

239 2015 515 2098 postmodumque
547 2017 669 2078 eisdem
701 2013 862 2091 satisfecit,
896 2029 927 2078 et
959 2015 1054 2096 judex
1087 2029 1118 2077 et
1151 2015 1244 2096 jurati
1276 2017 1417 2096 graciam
1448 2017 1509 2078 sibi

238 2121 387 2184 iecerunt
410 2121 581 2204 specialem
606 2123 662 2202 sic,
687 2123 775 2205 quod
799 2121 897 2202 judici
924 2135 955 2184 et
979 2121 1090 2192 iuratis
1112 2122 1228 2184 debeat
1251 2123 1395 2204 plenarie
1420 2122 1509 2184 satis·

239 2227 345 2290 lacere
370 2242 406 2290 ut
429 2243 475 2290 est
501 2229 610 2294 moris.
