3876 5798
679 525 878 602 Anno1445.
902 558 946 568 —
969 538 1019 602 23.
1042 527 1156 600 aprilis.
1530 547 1550 608 7

291 628 391 633 ..—.-.
463 629 529 634 -,-.--
547 629 552 632 -
582 629 592 634 -
641 629 722 634 —.—
783 631 844 634 .-—
856 631 874 634 --
915 631 1160 636 ..—-.-..-.--...-...
1174 632 1179 635 ψ
1251 631 1380 638 -μ-..η
1406 632 1430 637 --
1477 631 1548 636 -bo-

288 737 385 814 Feria
413 747 511 813 sexta
548 743 702 830 proxima
731 749 809 814 ante
845 743 969 814 festum
1001 747 1111 818 sancti
1140 744 1272 832 Georgii
1299 747 1464 828 martiris,
1492 764 1549 816 seu

571 868 604 936 in
633 865 719 938 sesto
746 867 857 938 sancti
884 863 1060 938 adalberti
1089 870 1243 958 episcopi.

801 1033 864 1096 (23.
888 1016 1020 1097 aprilis).

392 1157 469 1219 Item
495 1157 570 1240 quia
595 1156 757 1219 lohannes
781 1157 911 1240 pellifex
935 1159 1026 1221 aliter
1044 1158 1137 1242 Gyan
1161 1173 1293 1223 vocatus
1317 1172 1348 1221 et
1372 1158 1547 1221 Katherina

283 1283 375 1326 soror
407 1263 543 1325 carnalis
573 1264 735 1326 Valentini
767 1263 825 1326 filii
857 1265 942 1327 Petri
974 1265 1050 1328 dicti
1082 1265 1203 1348 Zablya
1235 1286 1365 1329 consors
1389 1265 1545 1347 legittima

284 1370 384 1452 ipsius
407 1369 562 1435 lobannis
585 1370 742 1452 pellificis,
767 1372 915 1434 concives
940 1373 1050 1452 nostri,
1075 1374 1107 1435 id
1124 1393 1198 1436 cum
1222 1373 1392 1436 sufficienti
1417 1387 1448 1436 et
1465 1371 1542 1435 lide·

287 1475 387 1557 digno
412 1490 595 1538 nostrorum
612 1477 793 1539 concivium
810 1479 996 1541 testimonio
1014 1480 1046 1541 in
1062 1480 1138 1542 sede
1155 1495 1261 1543 nostra
1278 1480 1444 1564 judiciaria
1462 1479 1545 1542 clare

287 1596 318 1643 et
341 1582 462 1644 seriose
494 1602 600 1644 coram
630 1584 724 1646 nobis
748 1584 780 1645 in
805 1583 925 1666 judicio
949 1586 1209 1668 comprobarunt,
1234 1600 1268 1649 ut
1300 1587 1377 1649 dum
1406 1583 1547 1667 prelatus

283 1689 475 1750 Valentinus
499 1690 530 1750 in
556 1690 705 1752 extremis
729 1691 792 1753 vite
810 1711 866 1752 sue
890 1691 1076 1774 temporalis
1092 1692 1276 1774 laborasset,
1299 1707 1375 1756 tunc
1397 1692 1464 1775 ipse
1481 1692 1543 1752 Va·

283 1796 425 1858 lentinus
449 1794 534 1858 filius
558 1796 656 1878 ipsius
688 1797 772 1858 Petri
796 1797 917 1880 Zablya
947 1799 980 1860 in
1012 1799 1161 1861 extremis
1192 1801 1255 1862 vite
1280 1819 1335 1862 sue
1359 1797 1545 1880 temporalis

284 1901 446 1982 laborans,
470 1915 546 1964 tunc
577 1903 645 1986 ipse
677 1904 851 1985 quamdam
886 1905 1020 1968 domum
1043 1926 1134 1968 suam
1165 1907 1261 1968 simul
1293 1926 1365 1968 cum
1390 1905 1491 1968 fundo
1516 1915 1546 1968 et

284 2008 442 2072 hedificiis
465 2031 501 2072 ac
524 2011 654 2073 cellario
679 2013 886 2074 subterraneo
919 2011 1101 2074 incivitate
1131 2013 1272 2095 predicta
1297 2013 1378 2076 inter
1402 2011 1541 2074 fundum

283 2115 391 2178 relicte
417 2116 542 2179 Nicolai
566 2115 680 2199 judicis
704 2130 735 2179 et
758 2117 840 2179 inter
861 2118 997 2179 fundum
1021 2139 1058 2180 ac
1074 2118 1221 2182 hedificia
1247 2119 1401 2182 Demetrii
1425 2119 1542 2180 sutoris

283 2235 314 2283 et
338 2221 500 2285 Valentini
525 2223 665 2305 agricole
696 2236 879 2286 nostrorum
911 2225 1093 2287 concivium
1124 2225 1277 2304 habitam,
1300 2225 1359 2288 tria
1384 2224 1540 2307 quartalia

283 2329 370 2390 curie
394 2329 426 2390 in
450 2349 483 2390 se
508 2329 738 2410 continentem,
769 2349 842 2392 cum
874 2331 938 2392 suis
968 2331 1159 2394 utilitatibus
1183 2345 1214 2392 et
1244 2331 1449 2414 pertinenciis
1473 2333 1544 2394 uni·

281 2434 390 2512 versis,
407 2435 557 2516 predictis
582 2435 720 2498 lohanni
737 2436 866 2519 pellifici
891 2451 922 2498 et
939 2437 1113 2501 Katherine
1130 2458 1185 2502 sue
1209 2439 1349 2500 consorti
1374 2439 1544 2520 legavisset

281 2539 348 2619 jure
373 2540 561 2624 perhenuali
585 2542 824 2624 possidendam,
849 2543 923 2605 ideo
946 2563 1006 2606 nos
1030 2545 1166 2607 eandem
1190 2545 1324 2608 domurn
1349 2546 1445 2608 simul
1470 2566 1543 2609 cum

282 2644 384 2708 lundo
409 2659 440 2708 et
464 2646 594 2709 cellario
617 2651 824 2712 subterraneo
841 2669 876 2710 ac
893 2648 1060 2729 hedificiis,
1077 2645 1224 2731 aliisque'
1237 2652 1360 2714 cunctis
1376 2651 1442 2712 suis
1459 2653 1543 2714 utili-

280 2753 398 2814 tatibus
422 2767 454 2816 et
478 2754 684 2836 pertinenciis
708 2755 863 2817 universis
887 2754 1017 2839 prelatis
1041 2756 1180 2819 Johanni
1212 2755 1342 2839 pellifici
1371 2771 1403 2819 et
1424 2758 1542 2821 Kathe-

281 2859 349 2921 rine
373 2880 429 2921 sue
453 2862 593 2923 consorti
619 2881 654 2923 ac
678 2881 736 2944 per
760 2881 815 2923 eos
838 2863 980 2944 ipsorum
1013 2862 1186 2925 heredibus
1218 2864 1387 2926 statuimus
1411 2884 1449 2926 ex
1472 2885 1541 2947 pre-

278 2965 382 3026 missis
416 2965 484 3049 jure
520 2981 674 3050 perpetuo
711 2968 938 3051 possidendam
974 2982 1005 3031 et
1037 2970 1346 3053 quomodocumque
1378 2972 1543 3035 voluerint

278 3071 523 3154 disponendam.

384 3177 462 3239 ltem
494 3179 570 3260 quia
602 3178 762 3261 Georgius
796 3178 880 3242 filius
911 3178 1060 3262 Gregorii
1089 3182 1244 3266 Powsych
1275 3203 1374 3264 gener
1404 3184 1541 3246 condam

279 3285 361 3347 Petri
386 3285 497 3346 decani
523 3285 726 3369 Zudrowych
757 3286 845 3366 dicti,
877 3287 910 3348 id
934 3306 1007 3350 cum
1039 3287 1208 3350 sufficienti
1232 3303 1263 3351 et
1295 3289 1459 3372 fidedigno
1483 3309 1540 3351 no·

278 3403 416 3452 atrorum
441 3391 622 3478 concivium
647 3392 831 3455 testimonio
859 3393 890 3454 iu
915 3393 991 3456 sede
1015 3407 1122 3456 nostra
1153 3395 1319 3476 judiciaria
1343 3396 1427 3458 clare
1452 3415 1541 3458 com-

279 3498 427 3580 probavit
451 3517 558 3560 coram
591 3499 696 3578 nobis,
726 3511 762 3561 ut
785 3499 861 3560 dum
894 3498 1034 3581 prefatus
1059 3501 1169 3564 Petrus
1201 3501 1340 3563 decanus
1372 3501 1539 3584 providam

278 3602 446 3676 mulierem
472 3603 648 3686 Elyzabeth
672 3617 830 3683 vocatam,
855 3604 954 3668 filiam
978 3626 1069 3670 suam
1093 3608 1252 3669 carnalem
1277 3606 1402 3690 prelato
1419 3627 1539 3688 genero

281 3727 340 3769 suo
366 3685 508 3790 Georgii>
532 3729 621 3771 more
645 3726 752 3774 sancte
775 3731 908 3775 romane
937 3712 1069 3776 ecclesie
1087 3713 1276 3796 legittimam
1301 3715 1483 3778 tradidisset
1506 3715 1538 3776 in

277 3833 423 3892 uxorem,
454 3830 530 3877 tunc
562 3816 628 3898 ipse
660 3818 864 3881 medietatem
897 3819 1063 3882 cuiusdam
1095 3819 1211 3882 domus
1243 3841 1298 3882 sue
1332 3834 1363 3884 et
1386 3821 1477 3883 fundi
1501 3842 1537 3884 ac

278 3919 398 3981 cellarii
423 3923 620 3984 subterranei
644 3943 702 3985 nec
728 3943 791 3986 nou
816 3924 1051 4005 hedificiorum,
1071 3928 1130 3988 tria
1154 3928 1309 4009 quartalia
1334 3929 1420 3990 curie
1447 3929 1479 3990 in
1505 3949 1537 3990 se

278 4026 483 4106 continentis,
516 4047 612 4090 unam
645 4029 793 4092 videlicet
817 4047 963 4113 quartam
995 4045 1027 4094 et
1050 4046 1195 4094 octavam
1229 4033 1313 4094 curie
1339 4033 1370 4094 in
1398 4053 1431 4096 se
1462 4035 1536 4097 reti-

280 4147 433 4213 nentem,
469 4154 541 4196 cum
577 4135 642 4196 suis
676 4137 865 4199 utilitatibus
900 4151 932 4200 et
966 4139 1171 4220 pertinenciis
1202 4139 1358 4200 universis
1388 4139 1539 4222 predictis

278 4237 422 4320 Georgio
438 4260 558 4321 genero
579 4255 609 4302 et
626 4241 803 4325 Elyzabeth
827 4242 890 4305 filie
911 4264 965 4306 sue
984 4245 1152 4326 legavisset
1172 4257 1202 4306 et
1222 4245 1362 4307 dedisset
1383 4261 1538 4328 perpetuo

277 4345 504 4426 possidendam
530 4360 561 4410 et
594 4349 899 4433 quomodocumque
935 4352 1097 4413 voluerint
1127 4352 1373 4434 disponendam,
1397 4353 1537 4435 ideoque

277 4472 335 4513 nos
361 4453 537 4534 predictam
562 4455 766 4516 medietatem
783 4455 882 4537 ipsius
905 4456 1031 4536 domus,
1048 4457 1139 4519 fundi
1157 4472 1188 4521 et
1203 4457 1323 4521 cellarii
1340 4459 1536 4520 subterranei

276 4577 313 4619 ac
339 4558 572 4638 hedificiorum,
597 4580 694 4622 unam
712 4561 832 4623 scilicet
859 4575 1005 4643 quartam
1022 4577 1053 4626 et
1076 4577 1221 4625 octavam
1246 4566 1332 4626 curie
1356 4565 1388 4626 in
1413 4585 1445 4626 se
1464 4567 1536 4628 reti·

280 4678 422 4743 nentem,
447 4685 520 4727 cum
544 4667 609 4728 suis
625 4667 829 4748 pertinenciis
845 4666 975 4750 prelatis
1000 4667 1142 4750 Georgio
1159 4683 1190 4731 et
1207 4669 1379 4733 Katherine
1397 4672 1464 4754 (sic)
1481 4692 1537 4733 sue

279 4771 417 4832 consorti
431 4791 467 4833 ac
480 4792 536 4854 per
546 4792 601 4834 eos
615 4773 757 4854 ipsorum
769 4773 941 4835 heredibus
949 4775 1117 4837 statuimus
1130 4789 1285 4858 perpetuo
1298 4777 1537 4859 possidendam,

277 4877 450 4940 tenendam
469 4880 585 4961 pariter
609 4893 639 4940 et
656 4878 836 4942 habendam
861 4901 897 4942 ac
913 4881 999 4962 juxta
1024 4882 1246 4944 condicionem
1265 4884 1400 4945 civitatis
1421 4904 1536 4966 preno-

276 4997 340 5044 tate
353 4985 393 5045 ab
412 4985 545 5066 antiquo
566 4987 773 5067 approbatam
792 4988 1100 5070 quomodocumque
1114 4990 1273 5051 voluerint
1290 4989 1535 5072 disponendam.

1391 5099 1431 5162 27
