3876 5798
417 516 481 596 418
825 519 911 576 Anno
935 530 1025 596 1445.
1049 553 1093 562 —
1114 475 1164 576 Ι21.
1189 517 1271 580 maii.

418 623 1109 630 --—-—-.-.-—---—-.——-.—----—-—-—
1521 625 1679 632 ---.—---

523 728 600 790 ltem
625 727 756 790 domina
781 728 954 790 Katherina
979 729 1088 790 relicta
1111 729 1248 791 condam
1273 729 1402 812 Mathye
1428 730 1547 792 Farltas
1571 744 1681 794 contra

418 833 610 916 Gregorium
635 849 788 896 sartorem
813 836 955 896 secundo
980 835 1073 898 citata
1098 855 1162 898 non
1188 836 1377 918 comparuit.

525 1069 621 1144 Feria
649 1081 747 1145 sexta
775 1074 930 1162 proxima
959 1082 1036 1146 ante
1064 1075 1186 1146 testum
1214 1075 1310 1146 beate
1338 1071 1435 1146 Eleae
1464 1077 1585 1164 regine.

954 1225 1018 1305 (21.
1042 1225 1138 1308 marr).

524 1366 602 1428 Item
634 1367 708 1448 quia
739 1367 937 1429 honorabilis
967 1368 1015 1428 vir
1046 1367 1198 1430 dominus
1228 1367 1339 1429 Petrus
1371 1366 1615 1428 archidiaconus
1640 1366 1681 1426 de

420 1472 559 1534 Kemlult
583 1485 614 1534 et
631 1474 803 1535 canonicus
819 1474 952 1536 ecclesie
976 1474 1191 1556 zagrabiensis
1214 1473 1300 1536 filius
1317 1474 1448 1536 Henrici
1466 1473 1506 1534 de
1524 1472 1682 1552 Sulczpak

418 1598 513 1662 super
536 1598 576 1641 eo
602 1580 633 1641 iu
658 1580 711 1640 die
736 1594 767 1642 et
789 1581 927 1642 termino
960 1600 1017 1662 per
1040 1601 1098 1642 nos
1130 1581 1190 1642 sibi
1212 1580 1333 1664 prefixo
1365 1581 1405 1642 ad
1430 1579 1526 1642 fidem
1551 1593 1583 1640 et
1604 1597 1683 1638 con-

418 1686 588 1748 scienciam
613 1705 704 1748 suam
722 1687 847 1766 juravit,
872 1701 907 1748 ut
930 1687 1021 1749 litera
1046 1707 1101 1748 sua
1119 1687 1328 1769 privilegialis
1354 1706 1412 1770 pro
1437 1700 1526 1769 parte
1549 1685 1597 1746 sui
1622 1684 1682 1745 sub

418 1794 527 1875 sigillo
552 1793 689 1854 civitatis
712 1793 853 1876 predicte
886 1813 981 1876 super
1012 1793 1152 1875 quadam
1185 1793 1284 1854 domo
1309 1807 1432 1855 murata
1464 1805 1495 1854 et
1519 1791 1620 1853 lundo
1644 1810 1683 1851 ac

418 1898 575 1962 hedificiis
598 1900 663 1960 suis
687 1900 718 1960 in
743 1899 870 1962 civitate
894 1899 1035 1982 predicta
1060 1900 1092 1960 in
1116 1901 1188 1961 vico
1215 1899 1367 1961 videlicet
1390 1898 1574 1960 carnificum
1599 1898 1681 1959 inter

419 2005 553 2068 domum
584 2006 731 2067 similiter
763 2019 919 2067 muratam
951 2020 982 2067 et
1013 2005 1149 2067 lundum
1174 2025 1210 2067 ac
1242 2004 1390 2067 hedificia
1414 2005 1591 2066 liberorum
1625 2023 1682 2064 seu

419 2132 636 2174 successorum
670 2113 808 2174 condam
840 2110 1006 2173 Michaelis
1037 2113 1076 2174 de
1102 2113 1259 2174 Rakonolt
1290 2131 1309 2173 a
1341 2111 1520 2173 meridione
1545 2123 1576 2172 et
1599 2110 1682 2170 inter

421 2219 506 2279 viam
537 2237 593 2280 seu
624 2219 770 2279 semitam
803 2237 1009 2281 communem
1038 2239 1054 2280 a
1086 2219 1313 2301 septemtrione
1345 2218 1497 2296 habitam,
1534 2237 1550 2278 a
1577 2217 1682 2298 platea

420 2325 572 2386 videlicet
596 2344 659 2385 una
683 2344 738 2385 seu
763 2344 780 2385 a
805 2325 855 2386 via
873 2325 1037 2387 communi
1063 2344 1179 2406 magna
1196 2327 1236 2386 ab
1253 2326 1376 2386 oriente
1393 2324 1500 2385 habita
1523 2337 1554 2386 et
1578 2341 1682 2404 usque

419 2431 459 2490 ad
484 2430 579 2491 aliam
604 2431 742 2513 plateam
759 2449 814 2491 seu
838 2431 922 2491 viam
940 2451 1146 2492 communem
1164 2451 1314 2512 magnam
1339 2432 1378 2492 ab
1404 2430 1571 2492 occidente
1588 2429 1681 2490 sitam

420 2549 451 2597 et
475 2535 673 2614 existentem,
690 2556 722 2596 se
747 2535 983 2615 extendentem,
1000 2557 1097 2598 unam
1115 2538 1271 2618 integram
1288 2537 1409 2598 curiam
1430 2536 1469 2596 ad
1490 2555 1582 2597 usum
1602 2535 1680 2596 civi·

419 2643 493 2704 tatis
516 2641 637 2724 prefate
662 2643 693 2703 in
718 2662 750 2703 se
775 2643 1004 2721 continentem,
1028 2641 1171 2704 conlecta
1204 2657 1235 2706 et
1258 2657 1416 2721 emanata,
1440 2642 1501 2704 hiis
1531 2643 1678 2723 proxime

421 2748 621 2810 disturbiosis
645 2761 676 2810 et
701 2749 854 2830 inpacatis
877 2750 1078 2830 temporibus
1108 2750 1222 2811 amissa
1256 2762 1287 2811 et
1309 2749 1474 2830 deperdita
1500 2747 1610 2809 fuisset
1641 2768 1679 2808 cx

420 2875 437 2915 a
462 2869 558 2932 certo,
583 2853 722 2936 ideoque
748 2874 806 2916 nos
830 2855 965 2916 eande'm
983 2855 1116 2916 domum
1135 2869 1292 2918 muratam
1312 2874 1384 2916 curn
1409 2853 1511 2916 lundo
1536 2869 1567 2916 et
1591 2855 1682 2916 hedi·

420 2960 500 3022 ficiis
524 2981 560 3022 ac
581 2960 652 3022 aliis
669 2961 791 3023 cunctis
814 2963 879 3023 suis
897 2962 1086 3024 utilitatibus
1109 2975 1140 3022 et
1164 2961 1369 3044 pertinenciis
1385 2981 1420 3023 ac
1445 2962 1680 3044 integritatibus

421 3067 577 3128 universis
603 3068 633 3128 in
658 3068 819 3130 vicinitate
848 3069 1029 3148 supradicta
1061 3068 1212 3147 habitam,
1238 3089 1336 3130 unam
1370 3069 1526 3150 integram
1551 3083 1586 3130 ut
1609 3088 1682 3150 pre·

422 3174 538 3236 dicitur
562 3175 683 3235 curiam
709 3175 740 3236 in
769 3195 801 3236 se
824 3176 1059 3254 continentem,
1093 3175 1216 3258 prefato
1249 3177 1382 3237 domino
1408 3175 1502 3237 Petro
1525 3177 1681 3237 canonico

422 3294 453 3342 et
468 3281 694 3345 archidiacono
711 3300 747 3341 ex
766 3281 894 3342 instanti
912 3295 943 3342 et
958 3281 1162 3362 juriconsoua
1180 3281 1324 3343 eiusdem
1342 3281 1563 3343 dominipetri
1581 3281 1682 3343 archi·

422 3388 548 3449 diaconi
565 3387 725 3468 peticione
749 3407 806 3469 per
820 3387 959 3449 eundern
976 3387 1145 3450 dominum
1163 3388 1291 3450 Petrum
1309 3387 1570 3468 archidiaconum
1589 3389 1684 3449 nobis

422 3493 593 3576 superinde
617 3494 821 3574 juricongrue
846 3508 1000 3575 porrecta,
1027 3507 1061 3556 ut
1088 3495 1176 3576 prius
1200 3508 1231 3556 et
1262 3494 1324 3575 iarn
1350 3509 1459 3555 nostro
1484 3494 1621 3572 concivi,
1645 3495 1684 3555 li-

424 3602 500 3662 teris
525 3601 641 3662 nostris
672 3601 765 3662 novis
795 3600 1048 3682 privilegialibus
1079 3599 1272 3662 ratificamus
1299 3615 1330 3662 et
1360 3599 1587 3662 confirmamus
1617 3600 1685 3681 jure

422 3721 577 3789 perpetuo
601 3721 631 3768 et
648 3707 897 3769 irrevocabiliter
918 3706 1145 3788 possidendam
1164 3721 1195 3769 et
1211 3708 1520 3789 quomodocumque
1544 3707 1685 3769 voluerit

422 3813 656 3897 disponendam
697 3813 783 3894 juxta
821 3813 1046 3875 condicionem
1085 3814 1221 3875 civitatis
1263 3827 1428 3896 prenotate
1467 3815 1508 3875 ab
1548 3814 1682 3895 antiquo

422 3923 643 4004 approbatam.

529 4026 605 4087 ltem
635 4024 815 4107 Stephanus
846 4045 945 4106 gener
969 4025 1135 4088 Chernecz
1166 4040 1255 4088 sutor
1278 4040 1387 4088 contra
1421 4026 1606 4088 Ladislaum
1630 4047 1682 4088 su·

421 4145 524 4194 torem
549 4130 802 4213 Fudrichewych
827 4131 930 4212 primo
954 4133 1067 4193 citatus
1095 4152 1159 4194 non
1185 4133 1373 4215 comparuit.

527 4239 605 4300 ltem
624 4236 783 4318 Georgius
807 4236 927 4318 juratus
953 4237 1038 4299 filius
1061 4239 1190 4299 Andree
1208 4253 1318 4300 contra
1344 4238 1473 4300 Claram
1496 4257 1630 4300 uxorem
1654 4251 1686 4300 et

424 4345 557 4406 Elenam
582 4344 682 4406 filiam
708 4343 840 4424 Georgii
858 4343 1114 4426 Ferenchewych
1136 4346 1241 4426 primo
1265 4345 1378 4406 citatus
1403 4365 1467 4406 non
1493 4346 1684 4427 comparuit.

529 4451 606 4512 ltem
626 4451 764 4511 lacobus
787 4463 876 4512 sutor
899 4450 938 4510 ad
958 4451 1146 4512 instanciam
1164 4450 1326 4512 Valentini
1350 4450 1406 4512 filii
1426 4451 1551 4512 Nicolai
1577 4452 1685 4534 Lyub·

423 4557 505 4640 nych
530 4558 569 4618 de
595 4559 699 4619 Losan
724 4570 759 4618 ut
793 4557 908 4617 actoris
932 4557 1037 4638 ipsum
1061 4557 1216 4618 Jacobum
1245 4571 1385 4618 sutorem
1409 4558 1547 4635 citantis,
1568 4559 1609 4618 ad
1634 4578 1685 4618 ac·
1764 4611 1769 4616 .

423 4665 550 4725 cionem
574 4663 674 4746 ipsius
710 4661 870 4724 Valentini
903 4663 1019 4723 actoris
1051 4663 1082 4723 in
1108 4661 1192 4724 lacto
1222 4663 1459 4724 verberacionis
1482 4677 1513 4724 et
1536 4663 1685 4724 vulnera·

423 4770 525 4831 cionis
549 4769 648 4850 ipsius
671 4769 831 4830 Valentini
858 4789 913 4850 per
937 4788 1068 4829 manum
1100 4789 1191 4830 suam
1216 4767 1342 4846 factam,
1374 4770 1435 4831 sibi
1460 4767 1520 4850 ipsi
1544 4789 1602 4851 per
1626 4789 1685 4830 nos

422 4875 507 4956 juxta
532 4895 655 4936 morem
680 4874 816 4936 civitatis
840 4874 980 4956 predicte
997 4873 1154 4954 justiciam
1173 4874 1315 4956 inpertiri
1341 4873 1525 4956 postulavit,
1548 4873 1600 4935 cui
1625 4893 1686 4935 nos

421 4993 484 5043 tres
513 4981 668 5043 terminos
699 4980 863 5042 citacionis
893 4999 950 5062 per
981 4980 1085 5061 ipsum
1117 4980 1324 5042 Valentinum
1357 4979 1583 5062 deputavimus
1616 4979 1685 5042 lore
