3740 5810
607 555 693 612 Anno
715 568 808 632 1420.
833 589 873 600 -
897 568 947 618 22.
970 557 1079 616 martii.
1446 557 1485 637 85

330 763 409 825 Item
443 763 535 844 jurati
569 765 805 845 adjudicarunt,
836 766 925 846 quod
956 765 1137 846 Stephanus
1160 767 1304 829 literatus
1335 769 1387 830 die
1420 789 1485 851 quo

221 889 317 952 supra
342 871 504 931 tenebitur
528 886 668 951 prestare
691 870 908 952 juramentum
933 891 1029 954 super
1057 872 1198 954 dampno
1223 893 1279 956 per
1304 874 1484 938 lohannem

220 973 404 1037 Crathehen
436 976 468 1036 in
504 976 596 1038 vinea
629 975 731 1056 lacto,
776 989 807 1038 et
845 977 976 1039 tandem
1009 977 1094 1040 idem
1129 978 1291 1042 Johannes
1325 982 1487 1042 tenebitur

220 1079 413 1142 satisfacere.

327 1186 407 1248 Item
433 1185 593 1268 Georgius
609 1201 719 1250 contra
737 1187 917 1251 Johannem
936 1187 1047 1250 Plusar
1064 1187 1229 1251 convictus
1245 1202 1291 1251 est
1308 1189 1341 1251 in
1358 1189 1485 1253 duabus

218 1312 293 1354 cum
318 1293 425 1355 media
449 1293 564 1355 marcis
587 1293 664 1376 quia
688 1294 893 1377 vituperavit.

326 1399 406 1461 ltem
429 1400 563 1462 sabbato
587 1400 733 1481 sequenti
759 1401 790 1462 in
815 1419 910 1462 causa
931 1401 1014 1462 inter
1037 1401 1247 1464 Valentinum
1272 1415 1304 1465 et
1328 1403 1484 1466 Jacobum

218 1505 259 1566 ad
283 1506 426 1568 seniores
450 1506 571 1588 judices
594 1519 704 1586 tracta,
728 1506 796 1589 ipse
817 1519 923 1588 partes
939 1507 1174 1570 concordarunt
1198 1509 1314 1588 taliter,
1340 1521 1374 1571 ut
1398 1509 1484 1571 idem

215 1611 410 1674 Valentinus
435 1611 540 1673 eidem
564 1613 685 1674 Jacobo
708 1625 772 1675 tres
795 1611 865 1675 flor.
891 1632 991 1695 usque
1016 1611 1132 1692 festum
1158 1613 1384 1676 Penthecostes
1408 1614 1483 1676 dare

216 1720 390 1801 assumpsit
413 1738 521 1781 coram
547 1719 708 1800 judicibus
731 1719 921 1781 senioribus.

325 1825 403 1887 ltem
428 1825 571 1887 seniores
602 1825 725 1906 judices
757 1825 789 1886 in
813 1844 907 1887 causa
939 1825 1020 1888 inter
1045 1825 1246 1888 Anthonium
1278 1824 1403 1908 pridem
1434 1825 1482 1906 ju·

218 1931 325 1992 dicem
351 1946 382 1993 et
406 1930 584 2013 Georgium
609 1931 750 1993 Puchicb
775 1930 816 1993 ad
847 1932 989 1993 seniores
1013 1931 1134 2012 judices
1157 1945 1255 1994 tracta
1281 1932 1483 2010 invenerunt,

216 2037 295 2118 quia
321 2037 408 2098 idem
433 2037 617 2099 Anthonius
647 2037 851 2120 proponebat
882 2050 993 2100 contra
1020 2037 1126 2120 ipsum
1157 2035 1334 2119 Georgium
1359 2038 1484 2100 eteius

217 2161 364 2222 uxorem,
389 2143 464 2205 ideo
491 2145 602 2218 ambo,
635 2143 687 2205 die
712 2163 778 2225 quo
809 2162 915 2225 supra,
947 2155 981 2205 ut
1004 2144 1097 2226 jurati
1130 2143 1364 2226 adjudicarunt,
1395 2157 1482 2206 tene-

216 2251 340 2311 buntur
365 2263 505 2330 prestare
522 2249 699 2332 juramenta
717 2237 789 2312 cum
816 2269 880 2312 uno
911 2251 1010 2312 tercio
1034 2269 1070 2312 ex
1089 2271 1140 2329 eo,
1164 2251 1240 2333 quia
1264 2250 1482 2332 suspicionem

218 2357 250 2416 in
275 2356 445 2418 ablacione
470 2375 576 2418 rerum
601 2369 710 2418 contra
735 2375 791 2418 eos
815 2357 1026 2438 proponebat,
1060 2357 1149 2438 quod
1174 2356 1233 2438 ipsi
1258 2357 1291 2418 in
1315 2355 1406 2418 totali
1431 2375 1482 2418 ac-

216 2462 311 2523 cione
337 2463 437 2544 ipsius
460 2461 616 2524 Anthonii
642 2463 829 2524 innocentes
852 2462 915 2524 sint
938 2475 968 2523 et
994 2463 1152 2526 inmunes.

326 2568 405 2630 ltem
422 2569 564 2629 seniores
579 2567 701 2648 judices
718 2569 750 2629 in
775 2587 868 2629 causa
893 2568 976 2630 inter
995 2569 1138 2630 relictam
1156 2583 1187 2630 et
1203 2589 1320 2651 pueros
1344 2569 1482 2631 condam

217 2675 350 2758 Mathey
373 2675 490 2736 sutoris
514 2675 716 2753 invenerunt,
741 2673 829 2755 quod
847 2693 910 2736 una
935 2673 1090 2736 medietas
1115 2673 1230 2736 domus
1254 2676 1345 2737 uxori
1370 2688 1401 2738 et
1419 2675 1481 2736 alia

216 2781 377 2844 medietas
397 2781 505 2863 pueris
529 2781 629 2863 ipsius
653 2779 784 2864 Mathey
812 2779 925 2842 cedere
950 2779 1084 2856 debeat;
1117 2780 1224 2843 debita
1248 2795 1356 2843 autem
1382 2781 1482 2862 ipsius

218 2888 350 2970 Mathey
381 2889 414 2949 in
446 2901 533 2970 parte
567 2888 634 2970 ipsa
659 2887 767 2950 relicta
799 2899 830 2948 et
855 2887 886 2948 in
916 2899 1005 2970 parte
1037 2887 1097 2969 ipsi
1129 2888 1219 2968 pueri
1244 2888 1379 2967 solvere,
1405 2888 1480 2950 item

216 2995 319 3056 eciam
343 2995 384 3055 ab
407 2993 472 3056 illis
495 2993 657 3076 requirere
680 3005 860 3056 teneantur.

401 3209 499 3285 Feria
526 3220 624 3284 sexta
653 3215 809 3302 proxima
838 3220 916 3284 ante
944 3213 1143 3284 dominicam
1170 3213 1302 3304 Judlca.

746 3367 808 3444 (22.
833 3365 961 3433 martii).

322 3524 401 3585 ltem
425 3543 498 3586 cum
521 3525 609 3607 prior
639 3523 766 3586 claustri
792 3524 875 3586 beati
907 3522 1032 3584 Nicolai
1065 3522 1226 3584 Jacobum
1251 3521 1384 3600 Zedina,
1411 3523 1479 3584 Ste-

216 3630 361 3712 phanum
386 3630 488 3694 filium
513 3631 604 3692 Pauli
623 3629 855 3712 carpentarium
881 3642 913 3691 et
937 3627 1127 3690 Michaelem
1145 3625 1246 3689 filium
1272 3627 1422 3689 Damiani
1439 3627 1479 3689 de

216 3736 374 3798 Rakouch
391 3737 628 3798 commissarios
644 3734 811 3798 Elizabetb
830 3735 938 3796 relicte
959 3733 1096 3795 condam
1115 3732 1247 3814 Georgii
1266 3732 1306 3795 de
1324 3733 1479 3794 Rakouclr

215 3843 247 3904 in
271 3862 402 3904 causam
419 3843 604 3920 attraxisset,
628 3855 705 3905 tunc
721 3841 780 3924 ipsi
804 3841 1013 3903 commissarii
1031 3839 1242 3918 declararunt,
1268 3839 1355 3920 quod
1373 3839 1478 3901 eidem

215 3949 353 4011 claustro
378 3948 505 4010 racione
529 3947 710 4010 testamenti
735 3947 833 4029 ipsius
857 3945 1026 4008 Elizabetb
1050 3943 1284 4008 satisfecissent.

321 4055 399 4116 Item
434 4075 527 4116 causa
561 4054 641 4116 inter
673 4053 879 4117 Valentinum
912 4052 1037 4134 pridem
1070 4051 1209 4132 juratum
1237 4065 1267 4112 et
1299 4051 1477 4133 Georgium

215 4158 416 4241 Oprasnicha
439 4173 564 4242 recepta
588 4159 698 4220 estad
722 4178 833 4241 pacem
858 4157 897 4220 ad
922 4158 1063 4241 primum
1087 4155 1253 4238 judicium.

321 4264 401 4326 ltem
425 4265 526 4326 Paulo
550 4264 689 4326 carnifici
712 4264 920 4326 commissum
938 4277 995 4342 est,
1020 4277 1054 4325 ut
1078 4261 1159 4324 inira
1185 4263 1364 4344 quindenas
1378 4263 1478 4325 Paulo

215 4371 319 4452 jurato
343 4371 384 4433 de
407 4371 521 4452 viginti
545 4385 683 4453 quatuor
707 4370 776 4434 flor.
800 4368 982 4433 satisfaciat.

321 4477 400 4538 ltem
430 4477 576 4539 Andreas
608 4477 732 4558 pridem
765 4475 885 4558 juratus
912 4489 1022 4538 contra
1054 4474 1263 4537 Valentinum
1287 4493 1475 4556 arcuparum

214 4583 357 4646 secundo
381 4583 495 4645 citatus
518 4602 583 4644 non
609 4582 799 4664 comparuit.

321 4689 400 4750 ltem
425 4707 519 4751 causa
551 4689 633 4750 inter
666 4687 846 4749 iohannem
878 4686 1017 4768 judicem
1043 4699 1073 4748 et
1108 4687 1306 4769 Stephanum
1331 4685 1476 4747 Pundich

215 4807 341 4876 recepta
365 4807 412 4856 est
435 4793 475 4856 sd
499 4813 611 4876 pacem
636 4793 676 4856 ad
700 4793 841 4876 primum
866 4791 1031 4874 judicium.

321 4900 399 4962 ltem
426 4899 626 4985 Mapgaretha
651 4899 759 4961 relicta
782 4897 919 4960 condam
936 4897 1118 4964 Vinterstan
1144 4911 1253 4964 contra
1278 4897 1476 4983 Stephanum

216 5005 283 5070 Ban
310 5005 416 5094 primo
449 5005 543 5074 citata
567 5025 631 5070 nou
657 5006 845 5096 comparuit.
