3678 5800
419 510 478 592 176
797 510 885 567 Anno
908 523 998 586 1432.
1023 543 1066 552 -
1089 523 1138 567 10.
1162 507 1293 569 octobris.

415 719 583 782 casualiter
607 719 789 803 deperditas
813 717 881 780 fore
901 718 1071 800 allegabat,
1094 739 1207 796 cassas,
1224 732 1367 780 mortuas
1390 719 1631 781 committentes
1647 730 1675 776 et

412 826 533 888 viribus
556 827 717 888 carituras.

476 1061 572 1137 Feria
602 1072 702 1138 sexta
729 1068 883 1156 proxima
911 1075 988 1155 post
1016 1065 1138 1138 festum
1167 1066 1257 1139 beati
1285 1066 1435 1155 llyonisii
1467 1067 1616 1154 episcopi

932 1197 965 1263 et
993 1193 1158 1262 martiris.

942 1363 1004 1436 (10.
1028 1361 1170 1438 octobris).

523 1519 601 1581 ltem
627 1518 736 1582 Guralr
761 1518 900 1582 carnifex
932 1533 1042 1582 contra
1075 1519 1269 1602 Gregorium
1293 1518 1540 1603 Wruowchy(n)
1572 1519 1677 1601 primo

417 1637 448 1687 et
471 1625 613 1688 secundo
638 1627 750 1688 citatus
777 1646 842 1688 non
867 1629 1057 1711 comparuit.

523 1732 601 1794 Item
633 1733 824 1796 Dominicus
848 1733 947 1795 Hrezt
974 1748 1084 1796 contra
1109 1733 1261 1817 Gyanum
1293 1733 1465 1816 pellificem
1499 1733 1607 1816 primo
1639 1731 1679 1792 ci·

414 1851 497 1901 tatus
522 1859 587 1901 non
612 1840 801 1922 comparuit.

521 1945 599 2008 ltem
625 1945 771 2008 Thomas
794 1947 885 2008 Zima
902 1960 1012 2009 contra
1030 1948 1204 2009 Martinum
1221 1947 1331 2009 Ztizlra
1349 1947 1454 2030 primo
1476 1947 1592 2008 citatus
1617 1963 1678 2006 non

356 2059 363 2068 '
415 2052 604 2134 comparuit.

522 2159 598 2222 ltem
626 2159 781 2222 Martinus
812 2172 913 2221 sartor
946 2172 1054 2223 contra
1080 2160 1245 2244 Mathyant
1277 2159 1513 2244 carpentarium
1538 2155 1678 2220 secundo

414 2267 527 2328 citatus
549 2285 614 2326 non
642 2267 831 2348 comparuit.

524 2369 602 2434 ltem
630 2373 782 2434 Nicolaus
806 2373 950 2436 literatus
974 2389 1083 2436 contra
1108 2375 1308 2436 Demetrium
1326 2387 1530 2456 purgatorem
1557 2370 1678 2452 gladio·

415 2498 487 2540 rum
512 2479 654 2541 secundo
679 2479 793 2541 citatus
817 2500 882 2542 non
907 2481 1098 2563 comparuit.

524 2583 600 2646 Item
627 2585 786 2668 Georgius
802 2586 945 2648 literatus
969 2601 1079 2649 contra
1097 2587 1288 2670 Dyonisium
1313 2587 1456 2650 secundo
1482 2587 1598 2648 citatus
1616 2603 1676 2646 non

417 2692 605 2773 compamit.

523 2798 601 2860 ltem
626 2800 701 2880 quia
726 2801 858 2862 comites
882 2802 980 2863 nostri
1014 2801 1173 2879 moderni,
1205 2799 1355 2863 videlicet
1378 2797 1563 2861 Anthonius
1586 2795 1678 2878 judex

417 2918 448 2967 et
481 2905 639 2966 Martinus
670 2903 790 2984 juratus
821 2926 894 2968 cum
926 2908 1015 2969 litera
1050 2906 1192 2970 comitali
1225 2907 1256 2967 id
1289 2907 1541 2989 comprobarunt
1573 2922 1676 2966 coram

421 3011 524 3090 nobis,
550 3011 638 3093 quod
662 3011 851 3074 Valentinus
872 3013 975 3076 dictus
1000 3012 1162 3076 Maschich
1187 3012 1263 3094 ipsis
1286 3032 1387 3074 unum
1411 3011 1480 3073 flor.
1506 3011 1576 3073 auri
1592 3009 1677 3071 debi-

418 3118 498 3180 torie
522 3118 729 3200 obligaretur,
753 3119 892 3201 ideoque
917 3121 983 3202 ipse
1007 3119 1148 3186 florenus
1164 3119 1232 3180 auri
1257 3118 1414 3180 derebus
1438 3131 1469 3179 et
1492 3116 1587 3178 bonis
1603 3115 1675 3176 dicti

416 3223 579 3286 Valentini
605 3224 765 3287 Maschich
799 3225 875 3308 ipsis
906 3227 1078 3288 comitibus
1110 3226 1215 3309 primo
1248 3225 1466 3308 prIncipaliter
1490 3223 1587 3286 debet
1608 3241 1675 3305 per-

416 3331 497 3393 solvi
521 3351 578 3414 per
603 3331 880 3413 adjudicacionem
905 3333 1100 3414 juratorum;
1125 3347 1156 3395 et
1180 3333 1255 3416 quia
1280 3332 1365 3394 idem
1390 3331 1582 3394 Valentinus
1613 3330 1675 3391 Ma·

416 3437 524 3498 schith
550 3438 679 3520 insuper
703 3439 847 3521 quinque
871 3439 940 3502 flor.
965 3441 1033 3502 auri
1058 3440 1215 3502 debitorie
1236 3439 1396 3518 obligatus
1422 3437 1614 3498 adinventus
1632 3448 1676 3497 est

417 3543 591 3606 Valentino
616 3545 718 3626 jurato
743 3545 809 3608 filio
828 3546 892 3608 lwk
916 3547 1093 3608 secundum
1111 3545 1347 3608 continenciam
1372 3545 1461 3607 litere
1486 3543 1674 3624 obligatorie

418 3649 592 3732 superinde
616 3671 672 3733 per
696 3652 801 3735 ipsum
834 3652 1042 3715 Valentinum
1074 3652 1192 3730 habite,
1217 3651 1291 3714 ideo
1325 3663 1396 3734 post
1421 3649 1674 3732 persolutionem

417 3755 493 3818 dicti
518 3755 629 3818 floreni
656 3757 826 3836 comitalis,
850 3759 910 3840 ipsi
935 3760 1079 3840 quinque
1096 3757 1165 3820 flor.
1188 3759 1255 3820 auri
1281 3757 1366 3820 dicto
1384 3756 1558 3820 Valentino
1576 3755 1674 3834 jurato

418 3863 458 3924 de
483 3863 634 3945 predictis
658 3866 753 3926 rebus
777 3877 808 3925 et
831 3865 925 3926 bonis
947 3865 1045 3947 ipsius
1069 3864 1230 3927 Valentini
1264 3863 1424 3926 Maschich
1450 3863 1547 3924 debet
1570 3882 1672 3944 perso·

418 3968 506 4030 lucio
533 3968 600 4031 fieri
633 3970 780 4032 similiter
803 3991 859 4052 per
883 3971 1159 4052 adjudicacionem
1192 3969 1386 4050 juratorum;
1418 3983 1448 4030 et
1481 3969 1555 4050 quia
1579 3969 1673 4030 eciam

421 4073 536 4137 Gallus
560 4076 600 4138 de
625 4076 841 4158 Ztonyewech
863 4097 958 4159 super
982 4077 1087 4158 ipsum
1104 4077 1310 4140 Valentinum
1336 4075 1498 4138 Maschich
1515 4095 1570 4158 per
1591 4073 1674 4135 sulfi-

422 4181 541 4243 cientes
566 4183 720 4244 terminos
736 4182 889 4264 juridicos
913 4183 1146 4263 comprobavit,
1170 4195 1204 4244 ut
1221 4183 1287 4262 ipse
1305 4181 1467 4244 Maschich
1492 4181 1674 4244 Valentinus

420 4287 480 4369 ipsi
506 4286 602 4349 Gallo
626 4307 727 4349 unum
753 4287 821 4350 flor.
847 4290 915 4350 auri
941 4289 1147 4369 obligaretur,
1173 4288 1311 4370 ideoque
1336 4301 1408 4370 post
1431 4287 1589 4370 predictos
1613 4305 1673 4347 cre·

421 4393 541 4455 ditores
566 4394 671 4456 eidem
696 4394 793 4457 Gallo
819 4396 914 4458 debet
937 4396 1118 4478 persolucio
1142 4393 1209 4457 fieri
1233 4414 1291 4478 pro
1316 4395 1386 4476 ipso
1410 4415 1476 4456 uuo
1501 4393 1567 4456 flor.
1590 4392 1672 4468 auri;

418 4512 449 4560 et
473 4499 548 4581 quia
573 4501 704 4562 tandem
730 4501 875 4562 Andreas
899 4502 1106 4583 Ztepkowich
1124 4501 1250 4563 Marino
1275 4499 1378 4581 jurato
1403 4520 1461 4583 pro
1479 4501 1547 4582 ipso
1563 4499 1672 4559 Valen-

419 4605 488 4666 tino
514 4605 674 4667 Maschich
700 4626 758 4688 pro
785 4607 911 4668 duobus
936 4606 1004 4668 flor.
1030 4608 1096 4668 auri
1122 4607 1291 4669 fideiussor
1324 4607 1392 4668 fore
1416 4606 1670 4668 adinveniebatur

420 4729 457 4770 ex
493 4723 609 4789 acerto,
642 4711 780 4793 ideoque
813 4713 912 4774 eciam
947 4713 1005 4794 ipsi
1038 4714 1167 4774 Andree
1200 4714 1240 4776 de
1271 4713 1392 4776 eisdem
1416 4715 1512 4775 rebus
1536 4727 1564 4774 et
1585 4710 1671 4772 bouis

422 4815 564 4877 eiusdem
590 4817 751 4878 Valentini
776 4833 847 4900 post
864 4818 1003 4901 prefatos
1027 4820 1200 4881 creditores
1217 4821 1313 4882 debet
1333 4819 1514 4902 persolucio
1532 4817 1592 4880 fieri
1609 4816 1669 4898 plc-

426 4922 513 4982 naria
526 4937 557 4982 et
573 4923 704 5005 inpendi
723 4943 779 5005 per
795 4923 950 5006 prefatam
968 4927 1242 5006 adjudicacionem
1261 4927 1437 5008 juratorum
1455 4927 1667 5010 predictorum.
