3678 5800
841 514 1042 591 Ann01434.
1069 545 1108 556 -
1135 508 1186 573 18.
1202 512 1296 588 junii.

545 726 622 788 Item
647 727 722 808 quia
746 725 800 786 vir.
818 723 972 808 providus
999 723 1160 806 Georgius
1184 723 1268 786 filius
1296 723 1395 802 Galli,
1419 723 1561 786 concivis
1585 735 1698 802 noster,

441 847 471 896 et
493 833 625 896 honesta
650 833 766 896 mulier
783 833 885 894 Elena
903 845 1026 910 vocata,
1044 831 1153 892 relicta
1178 831 1306 893 Andree
1325 830 1414 914 olym
1431 831 1575 892 concivis
1603 829 1699 890 nostri

439 939 496 1001 filii
520 939 633 1022 prefati
659 940 757 1019 Galli,
788 937 893 1001 fratris
916 957 993 1000 vero
1025 937 1159 1019 predicti
1196 936 1327 1018 Georgii
1361 937 1478 999 uterini
1503 949 1534 997 et
1558 935 1700 1013 carnalis,

440 1047 582 1108 concivis
606 1046 754 1108 similiter
779 1057 897 1124 nostra,
922 1044 953 1105 id
979 1063 1053 1105 cum
1080 1042 1251 1106 sufficienti
1277 1059 1308 1105 et
1331 1042 1495 1126 fidedigno
1521 1057 1700 1104 nostrorum

441 1153 621 1216 concivium
646 1152 833 1215 testimonio
858 1152 889 1212 in
913 1149 989 1212 sede
1010 1162 1117 1212 nostra
1134 1149 1301 1231 judiciaria
1325 1151 1409 1211 clare
1425 1164 1457 1210 et
1479 1150 1601 1211 seriose
1618 1167 1699 1210 com-

441 1262 617 1342 probarunt
636 1279 745 1322 coram
763 1258 867 1335 nobis,
892 1256 1060 1340 quomodo
1084 1255 1220 1339 predicti
1242 1255 1402 1338 Georgius
1426 1269 1457 1317 et
1482 1254 1629 1317 Andreas
1645 1253 1700 1314 fra·

442 1380 514 1445 tres,
546 1368 616 1448 ipso
648 1365 777 1428 Andrea
801 1363 907 1426 adhuc
938 1363 1076 1440 vivente,
1108 1361 1149 1424 de
1181 1362 1306 1424 duabus
1337 1381 1449 1424 eorum
1474 1361 1578 1422 vineis
1610 1359 1699 1422 infra·

440 1473 564 1556 scriptis
587 1473 684 1534 talem
709 1473 791 1534 inter
821 1491 854 1532 se
879 1468 1027 1532 iecissent
1051 1468 1305 1531 concambialem
1338 1467 1616 1550 permutacionem
1637 1485 1699 1547 per-

442 1592 540 1660 petuo
565 1579 646 1640 inter
670 1577 800 1640 eosdem
825 1579 1032 1639 duraturam:
1058 1575 1146 1656 quod
1171 1575 1312 1656 quedam
1336 1593 1447 1636 eorum
1473 1574 1567 1634 vinea
1594 1571 1700 1634 condi·

442 1685 576 1746 cionalis
599 1685 631 1746 in
655 1684 816 1747 territorio
840 1697 949 1744 nostro
975 1683 1057 1743 inter
1080 1681 1190 1743 vineas
1220 1681 1346 1742 Thome
1370 1680 1503 1742 cultoris
1527 1691 1559 1741 et
1585 1678 1700 1740 Mathei

441 1789 587 1852 similiter
610 1789 741 1852 cultoris
766 1789 842 1850 dicti
868 1787 1076 1850 Milrusewich
1100 1787 1226 1866 habita,
1258 1787 1395 1869 desuper
1416 1807 1434 1848 a
1459 1786 1511 1848 via
1536 1784 1696 1847 communi

444 1896 524 1958 inira
549 1916 651 1979 usque
682 1897 822 1958 rivulum
846 1915 880 1956 se
912 1895 1096 1973 extendens,
1117 1914 1190 1956 curn
1222 1895 1374 1956 omnibus
1404 1893 1469 1956 suis
1502 1893 1698 1968 utilitatibus,

442 2001 699 2083 conditioneque
716 2001 914 2083 infrascripta
931 2014 962 2063 et
985 2001 1191 2083 pertinenciis
1212 2000 1368 2062 universis
1396 1999 1540 2082 predicto
1560 1997 1694 2079 Georgio

444 2107 511 2170 filio
536 2108 634 2190 ipsius
658 2105 744 2170 Galli
769 2127 805 2169 ac
829 2127 885 2190 per
909 2127 982 2168 eum
1007 2107 1073 2168 suis
1097 2105 1268 2168 heredibus
1292 2126 1366 2168 curn
1396 2107 1619 2169 additamento
1645 2105 1693 2166 XL

444 2215 636 2277 tubulorum
660 2215 727 2276 vini
751 2233 808 2296 per
824 2214 928 2295 ipsum
955 2213 1132 2294 Georgium
1150 2212 1295 2294 predicto
1312 2213 1440 2274 Andree
1465 2213 1573 2274 adhuc
1598 2213 1629 2273 in
1646 2212 1697 2273 hoc

444 2321 553 2384 seculo
569 2320 688 2382 viventi
706 2319 800 2402 plene
818 2320 991 2402 persoluto,
1009 2320 1152 2381 cessisset
1169 2320 1200 2380 in
1226 2319 1453 2402 proprietatem
1472 2333 1503 2380 et
1519 2319 1695 2402 porcionem

445 2446 534 2488 suam
565 2425 854 2488 condivisionalem
885 2439 1040 2507 perpetuo
1071 2426 1317 2508 possidendam;
1341 2427 1403 2488 alia
1428 2440 1537 2487 autern
1564 2426 1693 2508 ipsorum

447 2533 540 2595 vinea
564 2532 711 2594 similiter
728 2531 959 2594 condicionalis
983 2533 1016 2593 in
1032 2533 1193 2594 territorio
1211 2547 1320 2594 nostro
1346 2533 1426 2594 inter
1444 2534 1553 2594 vineas
1578 2532 1694 2594 Thome

449 2639 566 2700 sutoris
590 2638 665 2701 dicti
683 2639 838 2700 Podoben
864 2650 895 2700 et
911 2637 1064 2720 Stephani
1089 2637 1145 2700 filii
1172 2638 1255 2700 Petri
1273 2639 1348 2700 dicti
1367 2637 1505 2718 Ocheth,
1529 2639 1614 2720 juxta
1630 2658 1696 2700 con·

450 2757 537 2807 tenta
560 2745 650 2806 litere
675 2744 883 2827 privilegialis
907 2744 1078 2827 superinde
1095 2743 1250 2824 conlecta,
1275 2765 1348 2806 cum
1366 2747 1518 2808 omnibus
1542 2747 1606 2807 suis
1622 2745 1694 2807 utili·

448 2851 576 2929 tatibus,
601 2850 857 2932 condicioneque
881 2851 1028 2912 similiter
1052 2849 1248 2933 infrascripta
1267 2865 1298 2913 et
1321 2852 1528 2934 pertinenciis
1552 2851 1693 2913 universis

448 2977 484 3018 ac
509 2976 581 3019 cum
617 2957 787 3018 addicione
815 2957 1032 3039 predictorum
1065 2958 1254 3019 cubulorum
1279 2957 1337 3019 XL
1370 2957 1494 3040 prefato
1519 2959 1642 3020 Andree
1663 2976 1694 3017 ac

449 3083 505 3146 per
529 3081 603 3124 eum
628 3063 693 3124 suis
709 3063 881 3125 heredibus
904 3063 1051 3125 similiter
1067 3063 1099 3125 in
1121 3064 1348 3145 proprietatem
1367 3079 1397 3126 et
1413 3066 1599 3147 porcionem
1614 3081 1692 3124 suam

449 3169 737 3232 condivisionalem
770 3169 915 3230 cessisset
945 3169 1092 3231 similiter
1125 3167 1193 3250 iure
1225 3185 1381 3253 perpetuo
1418 3171 1639 3254 possidendam
1668 3181 1693 3228 et

448 3275 757 3356 quomodocumque
788 3275 927 3336 voluerit
958 3275 1212 3356 disponendam,
1245 3275 1306 3338 hoc
1335 3297 1494 3359 expresso,
1527 3277 1611 3359 quod
1632 3293 1693 3356 pre·

449 3381 552 3442 dictus
577 3379 737 3463 Georgius
760 3401 795 3442 ac
820 3401 876 3463 per
898 3401 973 3442 eum
997 3381 1101 3444 cuncti
1124 3382 1224 3462 ipsius
1247 3401 1303 3443 sue
1328 3383 1421 3446 vinee
1447 3402 1635 3466 possessores
1658 3379 1691 3439 de

454 3487 594 3570 predicta
626 3508 681 3549 sua
715 3489 808 3549 vinea
837 3488 1037 3570 temporibus
1074 3489 1237 3570 perpetuis
1269 3489 1309 3550 ad
1342 3489 1498 3572 Vesperas
1534 3485 1691 3550 festivitatis

453 3595 552 3655 sancti
578 3594 675 3655 Marci
700 3594 905 3674 ewangeliste
934 3593 965 3654 in
991 3593 1122 3654 ecclesia
1141 3595 1286 3656 eiusdem
1310 3597 1410 3658 sancti
1436 3596 1534 3657 Marci
1565 3609 1692 3672 ewange-

454 3700 524 3760 liste
549 3699 580 3760 in
605 3700 730 3761 civitate
756 3700 896 3782 predicta
931 3698 1060 3760 fundate
1093 3699 1238 3761 medium
1270 3701 1423 3764 eubulum
1458 3702 1524 3762 vini
1548 3701 1583 3760 de
1615 3713 1691 3759 more

453 3806 530 3866 alias
547 3819 698 3866 consveto
716 3804 789 3867 dare
807 3819 838 3867 et
861 3807 1095 3867 amministrare
1111 3808 1317 3886 tenebuntur,
1342 3807 1504 3889 predictus
1520 3820 1617 3868 autem
1636 3807 1690 3863 An-

451 3911 542 3974 dreas
565 3931 600 3972 ac
624 3931 680 3993 per
704 3933 776 3973 eum
809 3913 857 3973 sui
888 3912 1020 3973 heredes
1049 3913 1248 3994 prepredicte
1280 3933 1336 3975 aue
1368 3915 1462 3975 vinee
1487 3933 1545 3996 pro
1565 3925 1690 3990 tempore

452 4038 648 4102 possessores
673 4039 772 4080 unum
797 4039 869 4080 cum
894 4019 1002 4081 medio
1027 4019 1183 4082 eubulum
1208 4021 1247 4081 de
1273 4020 1385 4082 eadem
1410 4021 1504 4083 vinea
1529 4021 1557 4081 in
1580 4014 1690 4100 propria

455 4137 582 4186 vectura
605 4125 644 4185 ad
662 4125 866 4186 calendinum
886 4126 1073 4186 Latinorum
1098 4126 1173 4187 dare
1190 4129 1395 4204 tenebuntur,
1413 4127 1552 4209 ideoque
1567 4143 1617 4186 nos
1632 4139 1690 4202 pre-

455 4231 571 4292 dictam
597 4231 723 4293 vineam
749 4232 848 4313 ipsius
872 4231 1004 4312 Georgii
1038 4233 1294 4295 condicionalem
1329 4234 1433 4294 eidem
1460 4233 1603 4314 Georgio,
1631 4246 1690 4309 pre·

456 4335 552 4398 latam
576 4351 683 4398 autern
700 4339 826 4398 vineam
845 4339 986 4400 annotati
1012 4338 1140 4400 Andree
1158 4340 1304 4402 similiter
1321 4339 1583 4414 condicionalem,
1599 4333 1689 4394 eidem

455 4443 582 4504 Andree
607 4465 641 4505 ac
659 4464 715 4526 per
740 4464 812 4506 eum
830 4445 895 4505 suis
927 4445 1098 4506 heredibus
1115 4447 1283 4507 statuimus
1300 4459 1457 4528 perpetuo
1475 4439 1688 4529 possidendam.

562 4549 637 4610 ltem
663 4552 738 4631 quia
764 4551 864 4612 Elena
890 4552 997 4612 relicta
1026 4565 1057 4612 et
1090 4551 1228 4612 Michael
1253 4551 1337 4613 filius
1368 4553 1507 4614 condam
1533 4548 1603 4613 Petri
1633 4543 1688 4605 bal·

456 4655 595 4716 neatoris
620 4655 650 4715 id
676 4675 748 4717 cum
773 4655 941 4718 sufficienti
967 4671 997 4718 et
1020 4656 1185 4739 fidedigno
1213 4671 1395 4719 nostrorum
1422 4659 1592 4720 concivium
1613 4648 1687 4710 testi·

456 4760 567 4820 monio
585 4761 616 4821 in
641 4762 716 4824 sede
733 4775 838 4824 nostra
856 4763 1022 4844 judiciaria
1046 4763 1128 4824 clare
1146 4765 1407 4844 comprobarunt,
1429 4778 1465 4826 ut
1481 4765 1553 4825 dum
1569 4755 1686 4843 prelatus

457 4866 568 4927 Petrus
592 4867 757 4929 balneator
787 4869 818 4929 in
845 4869 992 4930 extremis
1023 4870 1085 4930 vite
1118 4889 1174 4931 sue
1205 4871 1392 4952 temporalis
1424 4871 1595 4940 laborasset,
1623 4876 1685 4921 tunc

459 4972 526 5052 ipse
550 4973 680 5034 totalem
698 4975 884 5055 porcionem
916 4995 1006 5036 suam
1032 4977 1157 5054 domus,
1176 4975 1278 5056 fundi,
1302 4977 1423 5038 cellarii
1448 4991 1480 5038 et
1496 4969 1684 5037 hedificiorum
