3678 5800
209 768 293 809 uxor
320 750 486 811 Michaelis
504 750 544 811 de
561 751 808 833 Bosyalrowina,
825 766 897 832 post
914 753 1038 814 obitum
1059 753 1172 836 prelati
1187 755 1342 816 lohannis
1365 755 1479 836 judicis

207 854 288 916 dicti
314 856 506 938 Zygethsak,
530 876 586 938 per
617 856 854 938 aliquantulum
885 859 1037 940 temporis
1070 859 1101 920 in
1126 859 1186 922 hoc
1219 861 1327 923 seculo
1364 863 1474 924 vivens

209 961 251 1021 ab
277 961 338 1023 hac
362 962 434 1024 luce
457 963 606 1044 migravit
630 984 667 1024 ex
684 976 801 1042 acerto,
823 977 854 1026 et
878 965 952 1045 quia
970 963 1111 1047 prelatus
1136 967 1296 1028 lohannes
1320 967 1416 1049 judex
1440 969 1472 1032 in

207 1069 360 1130 extremis
384 1069 447 1130 vite
471 1089 527 1131 sue
551 1069 700 1130 laborans
724 1070 887 1132 universas
911 1090 984 1132 suas
1008 1073 1225 1152 possessiones
1250 1088 1280 1134 et
1303 1074 1474 1156 porciones

206 1175 477 1254 possessionarias
507 1176 622 1257 quovis
653 1175 794 1238 nominis
825 1177 985 1238 vocabulo
1015 1179 1187 1258 vocitatas,
1220 1179 1324 1262 ipsum
1356 1181 1477 1243 scilicet

209 1277 394 1343 lohannem
420 1281 557 1356 judicem
585 1281 719 1362 juridice
742 1303 798 1344 seu
826 1283 1000 1344 literatorie
1024 1297 1080 1346 atat
1111 1286 1360 1366 quomodolibet
1384 1287 1477 1349 aliter

211 1385 272 1447 rite
306 1399 338 1448 et
368 1387 525 1468 legittime
559 1403 803 1467 concernentes,
833 1409 890 1471 per
921 1389 1092 1472 ipsumque
1127 1392 1305 1454 lohannem
1337 1392 1477 1474 judicem

209 1510 347 1573 quoquo
372 1493 471 1554 modo
496 1494 666 1577 acquisitas
683 1507 714 1557 et
738 1510 948 1576 comparatas,
965 1495 1085 1578 prelate
1103 1497 1235 1559 domine
1260 1499 1357 1560 Lucie
1375 1519 1476 1580 usque

210 1597 252 1656 ad
279 1598 376 1660 vitam
401 1619 491 1660 suam
516 1601 696 1681 gubernare
720 1614 750 1662 et
778 1601 817 1662 de
850 1601 971 1662 eisdem
1004 1602 1050 1663 uti
1075 1616 1106 1664 et
1137 1601 1209 1682 lrui,
1233 1619 1305 1687 post
1338 1619 1475 1667 mortem

210 1723 288 1764 vero
315 1705 415 1786 ipsius
439 1706 570 1768 domine
595 1707 693 1769 Lucie
725 1727 784 1789 pro
816 1709 985 1770 animabus
1008 1710 1151 1771 annotati
1184 1709 1338 1772 lobannis
1362 1710 1477 1792 judicis

209 1825 242 1870 et
263 1827 433 1891 parentum
458 1833 494 1874 ac
518 1813 781 1895 predecessorum
798 1833 930 1875 suorum
956 1814 1052 1875 vendi
1070 1828 1101 1876 et
1124 1816 1260 1896 expendi
1286 1816 1474 1897 legavisset;

208 1929 319 1978 tamen
347 1919 422 1999 quia
447 1919 506 1980 viri
531 1919 658 2001 providi
690 1933 722 1982 et
752 1920 878 1983 honesti
912 1919 1092 2000 Stephanus
1123 1921 1244 2000 juratus
1268 1935 1375 1984 noster
1405 1943 1473 1984 nro-

210 2022 333 2084 demus
365 2024 449 2086 filius
483 2025 649 2088 Michaelis
679 2046 716 2086 ex
749 2027 865 2088 eodem
890 2041 921 2088 et
951 2027 1083 2088 domina
1116 2027 1238 2091 Cecilia
1267 2027 1332 2089 lilia
1363 2027 1476 2110 prelati

210 2131 338 2192 Nicolai
365 2151 475 2194 sorore
499 2133 621 2194 scilicet
644 2135 760 2194 carnali
787 2133 863 2194 dicti
893 2133 1047 2195 lohannis
1079 2133 1194 2214 judicis
1224 2135 1378 2216 legittime
1403 2155 1476 2217 pro-

207 2237 348 2316 genitus,
374 2251 405 2298 et
428 2238 540 2300 Petrus
564 2240 655 2300 aliter
679 2239 812 2300 Pethera
829 2253 971 2318 vocatus,
994 2240 1117 2321 pridem
1137 2240 1257 2320 juratus
1281 2256 1312 2303 et
1335 2242 1477 2302 concivis

209 2355 328 2419 noster,
356 2343 441 2404 lilius
465 2343 552 2406 Galli
577 2345 724 2407 similiter
749 2365 784 2405 ex
810 2346 925 2406 eodem
958 2361 988 2407 et
1012 2346 1095 2407 dicta
1129 2347 1260 2408 domina
1290 2346 1410 2409 Cecilia
1436 2348 1475 2407 si-

210 2449 331 2510 militer
361 2449 517 2531 legittime
548 2452 751 2532 progenitus,
783 2451 839 2512 lilii
872 2453 1021 2512 videlicet
1053 2453 1170 2513 sororis
1202 2453 1343 2534 predicte
1378 2453 1477 2535 ipsius

209 2553 367 2616 lobannis
391 2556 516 2637 judicis,
549 2557 798 2638 propinquiores
829 2557 962 2619 heredes
994 2557 1141 2620 eiusdem
1175 2558 1330 2621 lobannis
1363 2559 1477 2640 judicis

209 2661 365 2722 veraciter
390 2660 456 2723 lore
482 2662 787 2739 adinveniebantur;
817 2663 1034 2724 commissaria
1068 2664 1175 2746 itaque
1200 2665 1373 2746 disposicio
1399 2665 1475 2726 dicti

207 2768 393 2828 testamenti
412 2768 549 2829 verbalis
566 2768 665 2850 ipsius
678 2768 832 2830 lobannis
845 2769 959 2850 judicis
983 2770 1022 2830 de
1047 2770 1197 2852 predictis
1221 2771 1476 2852 possessionibus

209 2886 243 2933 et
274 2873 481 2954 porcionibus
511 2875 768 2956 possessionariis
801 2875 945 2937 eiusdem
978 2875 1132 2937 lobannis
1164 2875 1287 2956 judicis,
1320 2877 1389 2958 ipso
1422 2878 1475 2938 lo·

207 2977 317 3040 banne
341 2978 446 3059 judice
473 2979 597 3040 nullum
623 2981 878 3043 commissarium
903 2995 933 3042 et
957 2995 1161 3044 executorem
1185 2983 1284 3064 ipsius
1307 2983 1356 3044 sui
1380 2995 1476 3045 testa-

209 3086 313 3148 menti
337 3087 467 3168 penitus
491 3087 522 3148 in
547 3087 662 3149 ultimo
697 3107 755 3149 suo
787 3101 864 3150 voto
889 3088 1099 3167 nominando,
1131 3089 1281 3170 predictis
1312 3089 1475 3171 Stephano

207 3205 242 3253 et
277 3193 371 3254 Petro
404 3191 514 3273 juratis
548 3207 713 3275 tamquam
749 3195 1035 3276 propinquioribus
1070 3194 1242 3256 heredibus
1276 3194 1389 3277 prefati
1423 3196 1475 3258 lo·

206 3299 326 3361 hannis
358 3298 473 3382 judicis
496 3299 656 3360 testatoris
691 3301 794 3380 magis
818 3319 914 3382 quarn
947 3300 1018 3360 aliis
1049 3313 1230 3383 competere
1255 3318 1286 3363 et
1316 3302 1474 3384 pertinere

208 3405 341 3467 videtur
379 3404 502 3487 justicia
539 3417 570 3466 et
600 3405 746 3467 libertate
785 3418 892 3468 nostra
924 3407 963 3466 ab
995 3405 1128 3487 antiquo
1163 3407 1338 3489 approbata
1370 3407 1476 3488 requi-

205 3525 318 3592 rente,
355 3512 494 3593 ideoque
530 3531 589 3573 nos
623 3525 688 3574 tota
728 3513 942 3574 communitas
980 3513 1076 3573 simul
1113 3513 1145 3573 in
1180 3531 1281 3573 unum
1320 3512 1409 3573 dives
1444 3526 1475 3573 et

206 3637 334 3700 pauper
357 3617 437 3698 pari,
461 3617 605 3678 unanimi
624 3629 655 3678 et
679 3618 831 3679 concordi
855 3618 1031 3696 voluntate,
1047 3619 1177 3680 nemine
1194 3618 1322 3700 penitus
1346 3631 1471 3680 contra·

205 3725 349 3802 dicente,
374 3723 533 3806 predictas
549 3723 713 3785 universas
733 3724 949 3805 possessiones
966 3737 996 3786 et
1013 3725 1182 3806 porciones
1206 3725 1473 3806 possessionarias

207 3829 366 3911 sepedicti
392 3829 546 3891 lohannis
578 3829 710 3912 judicis,
743 3830 857 3911 quovis
889 3830 1029 3892 nominis
1059 3830 1218 3892 vocabulo
1249 3830 1413 3909 vocitatas,
1439 3843 1474 3891 ut

206 3935 379 4019 prefertur,
404 3955 476 3998 cum
501 3935 658 3998 universis
688 3937 755 3996 suis
786 3937 983 3999 utilitatibus·
1001 3949 1032 3999 et
1062 3938 1267 4020 pertinenciis
1292 3938 1469 4019 quibusvis,

207 4041 343 4125 prelatis
376 4041 539 4124 Stephano
571 4055 602 4103 et
633 4041 727 4104 Petro
756 4041 867 4124 juratis
897 4062 932 4104 ac
957 4063 1012 4124 per
1043 4063 1098 4104 eos
1129 4043 1273 4126 ipsorum
1297 4043 1469 4105 heredibus

206 4148 316 4210 taliter
338 4159 369 4209 et
392 4167 431 4209 eo
456 4147 555 4210 modo
578 4148 748 4210 statuimus
771 4160 802 4210 et
825 4149 1046 4210 commisimus
1077 4163 1232 4232 perpetuo
1264 4149 1474 4231 possidendas

208 4266 245 4315 et
262 4253 569 4336 quomodocumque
586 4254 747 4316 voluerint
768 4254 1078 4336 disponendasjuxta
1096 4255 1321 4316 condicionem
1339 4255 1474 4317 civitatis

207 4373 378 4442 prenotate
409 4360 464 4438 sic,
496 4359 584 4440 quod
616 4360 675 4443 ipsi
709 4359 889 4442 Stephanus
917 4373 948 4422 et
981 4361 1091 4422 Petrus
1121 4374 1287 4442 tamquam
1320 4361 1467 4442 legittimi

206 4467 420 4528 commissarii
445 4466 521 4528 dicti
545 4467 725 4528 testamenti
743 4465 874 4548 sepefati
900 4465 1054 4528 lobannis
1070 4467 1184 4549 judicis
1207 4487 1265 4549 pro
1290 4467 1396 4528 anima
1413 4487 1470 4527 sua

207 4587 243 4634 et
262 4586 431 4655 parentum
448 4593 483 4634 ac
506 4573 768 4655 predecessorum
785 4593 917 4634 suorum
939 4574 1061 4634 tociens
1078 4573 1232 4654 quociens
1256 4574 1469 4635 necessarium

207 4693 243 4742 et
266 4694 484 4762 opportunum
502 4678 607 4760 fuerit,
628 4679 766 4740 debeant
782 4679 1018 4742 celebraciones
1031 4693 1062 4742 et
1079 4679 1409 4742 commemoraciones
1427 4678 1470 4740 la-

207 4806 281 4848 cere
295 4785 431 4847 fideliter
442 4785 729 4864 etconscienciose,
739 4785 996 4848 contradiccione
1006 4786 1298 4866 quorumlibetnon
1314 4787 1470 4848 obstante.

316 4893 395 4956 ltem
419 4893 494 4975 quia
519 4893 614 4955 Clara
637 4891 744 4974 puella
769 4891 833 4953 filia
859 4893 1045 4954 Peterkonis
1068 4892 1126 4954 filii
1152 4891 1299 4972 Gregorii
1325 4890 1382 4952 filii
1406 4895 1471 4952 An·

207 4999 274 5082 geli
299 5021 336 5061 ex
361 4999 477 5061 eodem
502 5013 532 5061 et
555 4998 691 5082 provida
708 4999 839 5060 domina
857 4998 1033 5081 Elyzabeth
1058 4997 1121 5060 filia
1140 4999 1294 5060 lohannis
1319 4997 1468 5080 Grachyn
