3740 5810
625 556 824 636 Ann01418.
849 594 891 603 -
916 573 942 620 1.
959 557 1044 636 julii.
1432 583 1468 640 55

208 769 343 832 eandem
357 775 517 852 Agnetem
535 770 800 834 condescendisse
814 769 1015 852 perhibetur;
1027 770 1156 832 tandem
1177 772 1321 833 Andreas
1337 792 1470 854 arcupar

208 877 329 960 juratus
353 893 384 940 et
408 878 521 941 eadem
546 882 654 960 Agnes
679 890 713 938 ut
736 877 945 938 commissarii
964 877 1039 938 dicti
1065 877 1221 940 Anthonii
1245 878 1469 942 vendiderunt.

312 983 391 1046 ltem
416 983 522 1065 judex,
547 983 641 1066 jurati
666 996 697 1045 et
720 983 859 1044 universi
889 983 1073 1062 consiliarii,
1097 997 1228 1066 totaque
1253 986 1470 1047 communitas

207 1089 425 1166 adjudicatum
452 1104 508 1169 est,
532 1091 620 1172 quod
645 1090 720 1172 qnia
745 1089 861 1151 domus
885 1090 1022 1150 condam
1048 1088 1180 1171 Georgii
1199 1090 1331 1152 Sterbak
1355 1091 1387 1151 in
1404 1092 1468 1152 rui-

207 1215 281 1258 nam
304 1195 509 1275 tendebatur,
533 1196 705 1278 debitaque
730 1196 829 1278 ipsius
854 1194 986 1276 Georgii
1012 1214 1076 1256 non
1102 1195 1301 1258 habebantur
1326 1198 1463 1278 persolvi

206 1320 243 1364 ex
266 1301 388 1383 aliquo,
405 1322 464 1384 pro
487 1322 526 1365 eo
543 1304 611 1385 ipsa
628 1302 744 1364 domus
768 1302 925 1364 vendatur
945 1315 976 1362 et
999 1301 1083 1363 dicta
1108 1302 1214 1364 debita
1237 1323 1275 1364 ex
1292 1323 1327 1364 ea
1345 1304 1465 1386 persol-

207 1423 331 1487 vantur,
356 1424 387 1470 et
411 1408 628 1471 residuitatem
653 1409 788 1490 pecunie
814 1408 959 1470 Andreas
988 1407 1073 1470 filius
1098 1409 1231 1471 Fabiani
1257 1423 1287 1471 et
1311 1429 1367 1471 sua
1392 1429 1467 1471 con-

206 1535 274 1577 sors
307 1529 470 1577 reservent
501 1535 559 1598 pro
590 1514 772 1592 chhicha,
804 1527 839 1576 ut
870 1514 948 1576 dum
979 1515 1143 1594 remeabit,
1174 1515 1213 1577 de
1246 1517 1339 1578 bonis
1371 1517 1469 1598 ipsius

207 1622 335 1683 Andree
361 1636 393 1684 et
416 1623 572 1684 consortis
595 1641 651 1684 sue
676 1621 742 1704 ipsa
767 1621 938 1684 chhicha
951 1622 1051 1703 possit
1071 1621 1224 1684 rehabere
1248 1623 1465 1684 residuitatem

204 1728 342 1810 pecunie
366 1728 529 1811 porcionis
552 1727 668 1790 domus
691 1742 868 1810 prenotate.

313 1834 391 1897 ltem
417 1833 558 1896 infacto
589 1835 671 1896 inter
695 1833 850 1896 Mathiam
876 1833 1009 1896 Chalich
1044 1848 1075 1895 et
1103 1833 1280 1916 Georgium
1307 1835 1467 1897 Vidouich

205 1941 243 2002 de
269 1941 453 2024 Poobresya
477 1953 598 2019 exorte,
616 1941 742 2022 cognati
767 1955 798 2002 et
819 1939 956 2022 proximi
981 1940 1080 2022 ipsius
1098 1939 1217 2001 Mathie
1235 1941 1340 2022 ipsum
1367 1937 1467 2002 Geor·

203 2047 294 2129 giurn
318 2047 548 2110 commiserunt
572 2047 755 2129 expeditum
780 2060 811 2108 et
835 2046 982 2108 liberum.

203 2285 300 2360 Feria
329 2293 427 2360 sexta
454 2289 607 2376 proxima
638 2293 716 2358 ante
743 2286 865 2358 lestnm
894 2285 1113 2356 visitacionis
1142 2286 1283 2373 virginis
1312 2284 1465 2374 gloriose.

754 2437 798 2519 (1.
814 2437 914 2520 julia).

311 2579 390 2643 Item
415 2580 499 2642 inter
523 2579 640 2641 Malich
659 2592 689 2641 et
710 2579 883 2661 quemdam
901 2578 1019 2639 Mixam
1038 2576 1252 2639 Corintheum
1270 2589 1316 2636 est
1340 2574 1466 2656 adjudi-

203 2699 321 2765 catum,
346 2685 435 2768 quod
459 2686 526 2768 ipse
552 2687 635 2748 Mixa
663 2687 762 2748 tercio
789 2707 822 2747 se
847 2704 942 2767 super
974 2703 1013 2746 eo
1036 2683 1198 2746 tenebitur
1221 2695 1362 2764 prestare
1380 2681 1464 2764 jura-

203 2805 361 2871 mentum,
378 2793 475 2882 'quod
500 2792 567 2874 ipse
592 2793 677 2853 Mixa
695 2791 865 2853 biccellum
890 2791 989 2873 ipsius
1005 2789 1123 2851 Malich
1149 2809 1213 2850 non
1238 2789 1461 2866 subtraxisset;

202 2898 333 2962 tandem
358 2896 436 2960 seria
460 2911 547 2960 sexta
571 2913 643 2981 post
663 2897 915 2980 exspiracionern
932 2896 1138 2978 threngarum
1155 2895 1306 2957 videlicet
1330 2895 1382 2956 die
1408 2895 1462 2956 de-

201 3005 377 3090 posicionis
393 3005 492 3086 ipsius
508 3004 690 3086 juramenti,
707 3004 774 3086 ipse
798 3003 883 3065 Mixa
900 3003 1005 3084 ipsum
1028 2993 1244 3083 juramentum
1261 3014 1296 3063 ut
1313 3000 1463 3080 debebat,

203 3132 268 3175 non
293 3113 453 3195 deposuit.

307 3217 387 3281 item
411 3216 589 3298 Gregorich
613 3230 721 3278 contra
739 3216 909 3278 Nicolaum
935 3214 1112 3276 institorem
1140 3213 1244 3296 primo
1269 3213 1382 3275 citatus
1398 3232 1462 3274 non

204 3345 273 3388 com
299 3337 392 3388 arurt.

276 3345 388 3492 pItem
413 3429 530 3491 Paulus
553 3429 689 3510 sagipar,
714 3428 823 3490 Bartol
851 3441 882 3489 et
905 3427 1050 3488 Thomas
1082 3439 1205 3488 sutores
1230 3438 1339 3487 contra
1366 3425 1462 3486 Nico-

201 3540 289 3601 laum
312 3551 455 3599 sutorem
479 3535 622 3598 secundo
647 3535 732 3596 citati
758 3554 822 3596 non
848 3546 1107 3616 comparuerunt.

307 3644 387 3706 ltem
411 3642 544 3725 provida
577 3642 691 3703 mulier
724 3641 824 3702 Elena
856 3641 964 3701 relicta
989 3654 1020 3701 et
1045 3637 1182 3700 Michael
1215 3636 1298 3698 filius
1323 3636 1460 3698 condam

201 3750 357 3814 Demetrii
382 3769 455 3812 cum
472 3748 636 3830 fidedigno
653 3748 838 3809 testimonio
856 3760 1038 3808 nostrorum
1055 3744 1236 3806 concivium
1263 3743 1293 3804 id
1311 3761 1458 3824 compro·

201 3861 328 3936 barunt,
342 3869 377 3918 ut
393 3855 471 3917 dum
488 3854 574 3916 idem
589 3855 770 3916 Demetrius
795 3854 826 3913 in
851 3853 999 3914 extremis
1015 3851 1200 3927 laborasset,
1223 3862 1299 3910 tunc
1324 3849 1458 3910 domum

201 3978 232 4026 et
263 3965 374 4025 vineas
403 3981 476 4023 suas
508 3961 628 4022 eisdem
660 3959 922 4021 testamentaliter
952 3957 1138 4038 legavisset,
1172 3975 1229 4038 pro
1261 3975 1300 4016 eo
1333 3954 1461 4016 easdem

201 4071 335 4133 domurn
360 4081 391 4130 et
414 4068 524 4129 vineas
548 4067 669 4128 eisdem
692 4066 920 4128 statuissemus.

252 4189 255 4198 “
305 4176 384 4237 ltem
401 4174 554 4237 Clemens
577 4172 662 4235 lilius
685 4173 813 4234 Andree
833 4190 905 4232 cum
923 4169 1087 4250 fidedigno
1110 4169 1295 4231 testimonio
1313 4187 1462 4250 compro-

199 4283 296 4362 bavit,
321 4283 409 4364 quod
435 4279 615 4362 Stephanus
639 4293 745 4342 noster
768 4278 909 4340 concivis
933 4278 973 4339 ad
998 4276 1132 4338 domum
1157 4277 1255 4357 ipsius
1279 4276 1459 4338 Clementis

199 4387 371 4466 veniendo,
396 4389 501 4469 ipsum
525 4387 735 4468 vituperasset
757 4385 899 4467 turpiter.

307 4495 386 4557 item
400 4493 561 4575 Georgius
577 4491 776 4574 Forgachich
794 4505 903 4553 contra
922 4489 1120 4572 Stephanum
1139 4487 1339 4550 Zkerkouich
1356 4487 1460 4569 primo

200 4603 313 4665 citatus
337 4622 403 4663 non
435 4600 625 4683 comparuit.

305 4709 384 4771 ltern
398 4707 491 4789 jurati
505 4706 738 4789 adjudicarunt,
756 4704 844 4787 quod
862 4703 977 4765 mulier
994 4702 1095 4764 Elena
1113 4721 1242 4764 consors
1259 4699 1455 4782 Chueth(t)o

201 4831 329 4900 propter
353 4816 458 4877 minas
481 4827 592 4876 contra
621 4812 818 4895 Stephanum
851 4809 1086 4892 carpentarium
1117 4809 1297 4891 propositas
1319 4808 1351 4868 in
1376 4805 1459 4868 lacto

201 4923 350 5003 incendii,
375 4935 471 5005 prout
498 4919 584 4982 idem
618 4919 798 5002 Stephanus
829 4917 993 4998 fidedigno
1024 4916 1210 4977 testimonio
1240 4913 1461 4994 comprobavit

202 5045 308 5094 contra
331 5028 478 5106 eandem,
503 5027 599 5089 debet
623 5026 738 5108 expelli
763 5024 897 5106 turpiter
921 5023 961 5085 de
989 5023 1114 5084 civitate
1140 5036 1171 5083 et
1194 5020 1346 5102 deinceps
1370 5019 1458 5081 terri-
