3734 5796
597 528 684 587 Anno
702 542 796 607 1439.
820 562 864 572 -
884 543 934 606 25.
958 530 1085 605 augasn'.
1417 549 1480 612 3¹7

214 738 407 800 Ambrosius
430 738 499 800 sola
522 739 628 802 suain
653 759 791 822 persona
807 753 922 802 octavo
946 740 999 804 die
1022 761 1118 824 super
1136 761 1174 804 eo
1190 740 1294 824 jurare
1317 742 1481 804 tenebitur

214 863 309 927 super
333 863 432 922 aram,
456 858 491 907 ut
507 846 575 928 ipse
599 846 789 908 Valentinus
804 845 947 910 firmator
963 867 1113 910 vasorum
1129 861 1203 930 post
1218 848 1381 910 racionem
1399 847 1481 910 inter

214 950 320 1032 ipsum
337 963 368 1014 et
383 949 544 1034 prelatum
558 953 767 1016 Ambrosium
785 951 900 1016 factam
916 955 1021 1016 eidem
1039 956 1212 1018 Ambrosio
1229 955 1269 1016 de
1286 955 1391 1017 XXIX
1409 953 1479 1018 flor.

213 1057 281 1118 auri
305 1057 428 1121 nullam
452 1057 706 1122 satisfaccionem
731 1058 817 1139 Iecit,
841 1061 897 1122 sed
921 1060 1044 1122 eisdem
1069 1060 1138 1123 flor.
1163 1061 1232 1122 auri
1256 1061 1361 1123 XXIX
1386 1080 1476 1123 vera·

215 1163 292 1226 citer
315 1165 376 1226 sibi
401 1165 582 1247 obligatur;
605 1163 719 1248 prefati
745 1178 851 1228 autern
870 1167 994 1228 Blasius
1016 1179 1048 1229 et
1065 1165 1227 1248 Georgius
1247 1167 1394 1228 similiter
1410 1167 1479 1229 sola

216 1289 327 1332 eorum
353 1271 385 1332 in
411 1290 546 1353 persona
571 1271 686 1333 eodem
705 1271 757 1334 dIe
781 1291 877 1354 super
893 1292 980 1334 ararn
998 1272 1101 1352 jurare
1123 1274 1330 1350 tenebuntur,
1353 1285 1389 1335 ut
1412 1272 1480 1354 ipse

212 1389 285 1458 post
309 1377 473 1440 racionem
498 1390 529 1439 et
553 1377 827 1460 composicionem
853 1380 934 1440 inter
951 1379 1036 1461 ipsos
1057 1377 1172 1440 factam
1197 1377 1348 1460 predictis
1372 1378 1480 1452 Blasio

214 1495 244 1544 et
268 1481 413 1564 Georgio
439 1483 569 1546 LXXIII
594 1483 664 1548 flor.
697 1485 766 1546 auri
795 1504 860 1546 non
893 1484 1044 1564 dedisset,
1076 1484 1132 1546 sed
1165 1483 1286 1546 eisdem
1314 1482 1385 1546 flor.
1409 1482 1478 1544 auri

211 1588 288 1670 ipsis
312 1589 421 1651 Blasio
447 1604 477 1652 et
502 1589 645 1670 Georgio
669 1591 823 1654 veraciter
846 1591 1052 1671 obligaretur.

320 1713 399 1776 Item
423 1714 499 1796 quia
523 1715 708 1778 Anthonius
732 1715 865 1777 Zmetan
899 1715 1003 1778 dictus
1027 1715 1065 1776 de
1091 1716 1252 1798 Pobresya
1284 1727 1315 1776 et
1340 1713 1479 1778 MIchaeI

210 1816 296 1880 filius
321 1820 467 1882 eiusdem
490 1820 646 1883 Anthonii
672 1821 705 1882 in
729 1819 817 1883 furtu
849 1834 1006 1883 certarum
1031 1821 1153 1884 cutIum
1179 1819 1335 1883 Iohannis
1361 1819 1480 1903 judicis

210 1939 380 2008 reppertus
404 1941 435 1988 et
459 1927 608 1989 inventus
632 1940 678 1990 est
701 1925 881 2007 manifeste,
906 1928 1059 2010 idemque
1076 1947 1135 2011 pro
1160 1927 1275 1989 eodem
1301 1925 1388 1990 furtu
1412 1946 1478 1990 me-

213 2029 323 2094 diante
347 2031 545 2095 fideiussoris
563 2034 716 2096 caucione
730 2033 905 2116 quamdam
923 2034 1197 2117 composicionem
1215 2033 1332 2096 fecerat
1356 2046 1391 2096 ut
1407 2033 1476 2096 leso

211 2151 243 2201 et
266 2138 427 2220 judicibus
450 2139 629 2203 satisfacere
654 2141 826 2219 debuisset,
851 2154 882 2204 et
905 2141 1036 2204 tandem
1064 2139 1153 2204 nulla
1177 2139 1417 2223 composicione
1443 2152 1474 2201 et

213 2242 434 2307 satisfaccione
447 2247 528 2329 parti
552 2247 684 2310 adverse
707 2261 738 2310 et
754 2246 913 2329 judicibus
929 2247 1011 2310 facta
1029 2247 1115 2310 idem
1142 2246 1326 2310 Anthonius
1344 2247 1477 2308 Zmetan

209 2369 283 2412 curn
309 2351 454 2433 predIcto
477 2351 546 2415 fillo
570 2372 628 2415 suo
652 2354 693 2416 de
725 2353 809 2416 dicta
834 2354 995 2436 Pobresya
1026 2353 1120 2416 etde
1151 2353 1313 2415 territorIo
1336 2352 1475 2414 ciuitatis

208 2457 355 2540 predicte
380 2459 577 2522 clandestine
611 2460 710 2522 evasit
741 2473 772 2522 et
802 2459 918 2539 salivit,
949 2459 1102 2542 idemque
1133 2459 1319 2522 Anthonius
1342 2459 1475 2520 Zmetan

208 2583 282 2625 curn
308 2564 377 2646 ipso
402 2563 552 2628 filiosuo
577 2565 617 2627 ad
633 2566 750 2628 trinam
774 2564 935 2628 sorensem
955 2565 1249 2648 proclamacionem
1272 2576 1413 2626 nostram
1438 2563 1472 2625 in
1570 2627 1573 2634 ,

209 2671 407 2753 presenciam
426 2671 459 2733 in
484 2671 593 2734 sedem
610 2671 809 2754 judiciariam
831 2673 871 2734 ad
888 2671 1149 2735 satisfaciendum
1173 2672 1241 2734 Ieso
1259 2684 1291 2734 et
1314 2669 1475 2753 judicibus

208 2779 249 2842 de
273 2779 437 2862 premissis
460 2780 525 2842 suis
548 2778 638 2842 Iactis
661 2799 726 2842 non
752 2780 839 2842 venit
862 2799 967 2862 neque
991 2779 1087 2842 misit.

315 2905 395 2968 Item
426 2905 616 2968 Valentinus
641 2904 784 2968 firmator
806 2923 956 2966 vasorum
989 2903 1167 2986 juramenta
1192 2922 1255 2984 que
1280 2915 1394 2965 octavo
1420 2902 1472 2964 die

209 3025 320 3072 contra
353 3011 458 3092 ipsum
490 3011 646 3072 Abrosius
677 3025 708 3072 et
739 3010 864 3072 Blasius
896 3029 931 3072 ac
963 3008 1123 3091 Georgius
1154 3009 1194 3072 de
1220 3008 1308 3071 Odra
1333 3009 1365 3069 in
1391 3005 1475 3069 lacto

208 3129 338 3179 centum
363 3130 394 3178 et
422 3116 560 3178 duorum
595 3115 663 3178 flor.
695 3117 763 3178 auri
788 3129 903 3178 octavo
934 3115 985 3177 die
1010 3115 1088 3177 Ierie
1119 3129 1205 3178 sexte
1230 3115 1375 3196 proxime
1401 3126 1475 3175 ante

208 3222 324 3285 festum
351 3223 450 3284 sancti
469 3223 579 3284 Jacobi
598 3235 738 3305 prestare
755 3235 786 3285 et
802 3223 964 3305 deponere
982 3221 1154 3300 debebant,
1171 3219 1292 3283 eisdem
1310 3219 1473 3300 relaxavit,

206 3327 283 3410 ipsis
307 3329 340 3389 in
365 3327 486 3390 eisdem
511 3329 655 3411 pecuniis
679 3328 857 3390 debitorem
883 3327 940 3410 (se)
964 3347 1117 3391 asserens.

219 3582 316 3657 latin
344 3587 453 3658 tercia
480 3588 637 3675 proxima
665 3593 740 3674 post
768 3584 890 3657 festum
918 3585 1008 3656 beati
1037 3585 1264 3656 Bartholomei
1293 3585 1449 3674 apostoli.

719 3755 784 3836 (25.
815 3755 964 3837 augenti).

316 3915 394 3978 Item
430 3916 506 3998 quia
537 3915 629 3998 copie
661 3915 902 3998 privilegiorum
936 3927 1118 3977 nostrorum
1159 3913 1382 3976 communium
1414 3933 1470 3996 per

206 4037 309 4086 certos
340 4023 488 4086 homiues
520 4037 550 4084 et
582 4022 776 4085 habitatores
807 4021 943 4084 civitatis
973 4020 1114 4103 predicte
1139 4020 1198 4082 sibi
1231 4021 1307 4102 ipsis
1331 4040 1387 4102 per
1412 4039 1468 4082 eos

205 4131 345 4214 quadam
369 4129 523 4191 industria
542 4147 654 4190 eorum
671 4129 847 4210 excogitata
873 4127 913 4190 de
942 4127 1063 4190 eisdem
1085 4127 1261 4209 privilegiis
1279 4127 1467 4209 transcripte

203 4236 279 4298 hinc
303 4249 334 4297 et
357 4235 432 4298 inde
464 4254 520 4316 per
551 4235 712 4296 civitatem
745 4247 776 4296 et
807 4233 883 4295 foris
914 4233 1014 4316 Ipsam
1047 4231 1273 4295 deferebantur
1305 4245 1336 4294 et
1360 4232 1466 4294 delate

205 4343 334 4404 invente
359 4354 433 4403 sunt
456 4361 493 4402 ex
519 4361 535 4403 a
561 4354 658 4420 certo,
683 4340 770 4422 quod
796 4339 828 4402 in
853 4339 1048 4422 derogamen
1080 4352 1111 4401 et
1134 4337 1406 4420 vilipendeuciam
1431 4358 1467 4400 ac

205 4447 411 4531 dispendium
450 4447 553 4508 tocius
589 4459 695 4509 nostre
739 4446 979 4508 communitatis
1011 4441 1128 4508 'cedere
1167 4443 1336 4506 videbatur
1374 4443 1468 4506 valde

202 4554 336 4637 grande,
361 4553 499 4635 ideoque
523 4566 590 4616 tota
615 4552 830 4614 cummunitas
854 4552 933 4634 pari,
946 4539 1095 4613 'unanimi
1120 4563 1151 4613 et
1175 4548 1326 4612 concordi
1351 4549 1467 4611 volun-

203 4674 268 4724 tate
292 4660 325 4728 id
351 4659 500 4738 decrevit,
524 4659 633 4722 statuit
656 4672 687 4722 et
711 4658 881 4738 ordInavit,
907 4671 941 4720 ut
972 4658 1169 4740 quicumque
1202 4655 1279 4718 civis
1302 4669 1356 4716 aut
1379 4653 1467 4717 habi·

202 4780 287 4830 tator
318 4785 374 4828 seu
397 4765 513 4847 hospes
546 4765 681 4828 ciuitatis
713 4765 853 4847 predicte
885 4764 964 4826 tales
992 4763 1099 4846 copias
1131 4762 1373 4846 privilegIorum
1409 4781 1466 4822 no·

203 4887 343 4935 strorum
366 4892 422 4935 seu
447 4873 630 4933 libertatum
655 4885 709 4934 aut
736 4872 842 4952 aliqua
876 4869 1043 4951 privilegia
1068 4889 1124 4930 seu
1157 4870 1318 4930 libertates
1343 4882 1466 4930 nostras

202 5001 259 5043 seu
284 4978 468 5041 huiusmodi
494 4977 572 5060 jura,
590 4978 756 5060 privilegia
782 4996 817 5037 ac
841 4975 976 5037 literalis
999 4975 1208 5036 instrumenta
1232 4973 1340 5055 aIIqua
1358 4987 1464 5036 nostra
