3734 5796
369 547 430 610 352
729 531 815 588 Anno
838 543 927 608 1441.
955 563 994 574 -
1021 543 1069 590 10.
1093 530 1260 590 novembris.

367 743 561 823 judicialiter
578 741 762 817 convictus;
785 755 817 803 et
841 740 915 822 quia
933 741 992 822 ipsi
1019 740 1050 802 in
1069 740 1183 802 eodem
1202 738 1285 802 facto
1308 759 1416 802 coram
1435 741 1529 802 nobis
1546 760 1637 801 nunc

369 850 399 910 in
425 848 546 928 judicio
571 867 683 929 pacem
707 848 930 930 sollempniter
964 845 1118 923 fecerunt,
1143 846 1216 908 ideo
1248 847 1369 909 eisdem
1401 847 1636 925 commisimus,

370 967 404 1016 ut
428 955 495 1036 ipsa
519 973 597 1037 pace
622 966 735 1016 mutuo
769 954 800 1014 in
825 973 857 1014 se
892 955 979 1014 bono
1004 953 1103 1014 modo
1135 968 1321 1035 permaneat
1352 967 1382 1015 et
1407 953 1541 1015 eandem
1568 972 1636 1013 non

369 1060 543 1142 infringant
567 1061 714 1142 exemplo
739 1059 907 1121 hominum
934 1061 1105 1122 bonorum.

474 1167 552 1229 Item
585 1186 713 1228 causam
747 1166 828 1227 inter
860 1165 1067 1228 Valentinum
1107 1165 1245 1247 juratum
1279 1165 1381 1228 lilium
1415 1165 1571 1227 lobannis
1604 1180 1637 1228 et

369 1273 533 1356 Mathyam
559 1273 676 1334 Farkas
700 1292 735 1334 ac
760 1271 918 1333 luriczam
942 1291 1098 1353 generum
1117 1271 1250 1352 Georgii
1275 1272 1391 1334 literati
1416 1270 1570 1350 habitam,
1595 1292 1635 1333 ex

370 1399 409 1442 eo
434 1379 509 1460 quia
535 1381 601 1460 ipse
619 1379 743 1440 Juricza
761 1392 827 1440 erat
848 1380 972 1457 absens,
997 1398 1082 1440 nuuc
1099 1378 1138 1439 ad
1157 1379 1296 1460 primum
1314 1379 1469 1461 judicium
1487 1379 1635 1459 proxime

369 1485 542 1547 affuturum
566 1485 659 1566 jurati
685 1485 840 1568 presentis
864 1485 939 1546 anni
964 1485 1124 1547 duxerunt
1148 1485 1396 1567 prorogandam.

396 1705 493 1778 feria
523 1715 620 1777 sexta
649 1708 804 1794 proxima
834 1713 912 1776 ante
939 1705 1063 1776 festum
1090 1705 1181 1776 beati
1209 1705 1348 1776 Martini
1377 1706 1524 1794 episcopi
1554 1713 1587 1776 et

899 1829 1114 1900 confessoris.

863 1989 928 2057 (10.
959 1983 1142 2057 novembris).

476 2125 553 2186 ltem
580 2124 690 2184 Petrus
715 2124 839 2206 Ztoylto
865 2123 969 2184 dictus
992 2137 1101 2183 contra
1128 2123 1258 2184 Luciam
1284 2123 1426 2185 relictam
1452 2124 1635 2185 ....becz

370 2231 473 2312 primo
498 2231 612 2292 citatus
637 2247 701 2290 non
727 2229 916 2310 comparuit.

480 2337 555 2397 ltem
582 2337 656 2417 quia
676 2335 862 2396 leonardus
886 2334 971 2396 lilius
996 2335 1118 2397 Herrici
1137 2334 1260 2417 pridem
1278 2333 1410 2416 juratus,
1427 2334 1635 2414 concisisque

371 2457 481 2505 noster
498 2463 570 2504 cum
590 2441 758 2503 sufficienti
778 2455 808 2502 et
825 2440 989 2522 fidedigno
1006 2455 1187 2502 nostrorum
1206 2441 1388 2502 concivium
1403 2441 1588 2502 testimonio
1603 2440 1634 2500 in

369 2550 445 2610 sede
465 2564 569 2610 nostra
589 2547 754 2628 judiciaria
772 2549 855 2609 clare
873 2549 1095 2629 comprobavit
1119 2567 1226 2609 coram
1251 2548 1344 2608 nobis
1432 2547 1520 2629 quod
1532 2545 1636 2628 (dum)

370 2657 485 2717 mulier
503 2655 603 2716 Elena
621 2667 732 2715 vocata
751 2656 859 2716 relicta
877 2653 1013 2715 condam
1040 2700 1047 2715 .
1073 2704 1079 2716 .
1106 2703 1112 2716 .
1139 2653 1224 2716 Galli
1250 2654 1339 2736 olym
1356 2654 1500 2715 concivis
1517 2665 1634 2728 nostra,

371 2763 401 2823 in
434 2761 583 2822 extremis
615 2761 677 2821 vite
713 2781 769 2822 sue
800 2759 986 2842 temporalis
1022 2761 1213 2838 laborasset,
1248 2773 1324 2821 tunc
1358 2761 1423 2842 ipsa
1459 2759 1633 2840 quamdam

370 2868 504 2929 domum
531 2887 621 2928 suam
647 2886 719 2927 rum
739 2866 840 2927 fundo
866 2867 896 2926 in
922 2866 1049 2928 civitate
1065 2867 1206 2949 predicta
1226 2865 1379 2944 habitam,
1404 2867 1505 2948 ipsam
1530 2865 1635 2926 litera·

374 2975 454 3035 torie
480 2987 737 3050 concernentem,
763 2992 835 3033 cum
860 2973 925 3032 suis
953 2973 1158 3054 pertinenciis
1185 2973 1322 3034 vendere
1347 2987 1377 3035 et
1400 2973 1554 3055 pecunias
1576 2991 1635 3054 pro

371 3080 490 3160 quibus
514 3079 706 3140 venderetur
729 3078 768 3139 ad
787 3078 958 3140 claustrum
980 3079 1080 3140 sancti
1099 3079 1257 3140 Francisci
1283 3079 1439 3160 Zagrabie
1463 3077 1633 3140 fundatum

370 3205 429 3266 pro
443 3186 550 3246 anima
564 3205 621 3245 sua
634 3200 664 3245 et
678 3184 939 3266 predecessorum
953 3204 1085 3246 suorum
1103 3183 1282 3265 expendere
1296 3184 1476 3265 legavisset,
1494 3184 1634 3265 ideoque

371 3311 431 3352 nos
456 3291 630 3373 predictam
657 3290 791 3351 domum
816 3304 848 3352 et
878 3289 1016 3352 fundum
1048 3291 1147 3372 ipsius
1171 3290 1271 3352 Elene
1305 3291 1450 3352 mulieris
1473 3310 1547 3352 cum
1571 3291 1635 3352 suis

372 3397 579 3479 pertinenciis
611 3396 754 3478 predicto
784 3396 954 3458 Leonardo
987 3397 1089 3478 jurato
1121 3409 1284 3478 tamquam
1318 3416 1394 3458 vero
1419 3409 1450 3458 et
1473 3397 1635 3477 legittimo

371 3503 593 3566 commissario
617 3517 649 3564 et
677 3504 837 3564 executori
870 3503 1005 3584 predicti
1035 3503 1214 3564 testamenti
1248 3503 1387 3565 verbalis
1410 3504 1509 3586 ipsius
1534 3503 1634 3566 Elene

371 3611 516 3671 mulieris
540 3610 670 3691 plenam
695 3609 855 3670 vendendi
874 3623 904 3670 et
925 3608 1024 3670 modo
1048 3609 1202 3688 premisso
1220 3607 1412 3690 disponendi
1431 3610 1635 3671 attribuimus

371 3729 402 3776 et
426 3715 647 3776 commisimus
672 3713 864 3776 facultatem.

481 3821 558 3881 ltem
584 3821 737 3883 Nicolaus
760 3833 861 3882 sartor
885 3821 969 3883 lilius
993 3821 1077 3883 lwan
1095 3821 1224 3905 Poyeya
1248 3837 1357 3884 contra
1382 3823 1548 3906 Mathyam
1572 3843 1635 3885 sar·

370 3940 472 3988 torem
498 3927 648 3989 claudum
674 3927 816 3989 secundo
841 3927 954 3989 citatus
978 3947 1043 3990 non
1069 3930 1257 4011 comparuit.

479 4033 557 4095 ltem
583 4053 709 4095 causam
736 4053 831 4114 quam
852 4033 997 4116 Mathyas
1021 4054 1119 4115 gener
1135 4035 1278 4115 magistri
1304 4037 1458 4118 Stephani
1476 4038 1633 4100 Rakarich

371 4153 479 4200 contra
503 4159 635 4201 uxorem
664 4141 749 4201 Luce
772 4141 888 4201 sutoris
920 4139 994 4202 dicti
1020 4142 1140 4202 Arland
1166 4161 1273 4203 coram
1305 4144 1398 4204 nobis
1423 4164 1555 4206 movere
1579 4145 1634 4206 ha·

372 4247 477 4323 bebat,
503 4266 559 4326 per
582 4247 776 4327 peticionem
802 4248 978 4327 proborum
1003 4247 1144 4310 virorum
1168 4249 1209 4310 ad
1233 4249 1372 4330 primum
1396 4250 1555 4332 judicium
1578 4270 1635 4332 pro

371 4350 476 4412 fienda
503 4371 579 4431 pace
602 4351 752 4412 duximus
776 4353 1023 4433 prorogandam.

482 4457 558 4517 ltem
592 4457 664 4537 quia
691 4457 804 4517 Vrsula
838 4459 945 4519 relicta
977 4459 1114 4520 condam
1146 4460 1244 4521 Marci
1273 4459 1400 4522 Cherne
1432 4461 1520 4540 dicti,
1552 4482 1636 4524 nunc

374 4581 505 4622 consors
529 4561 694 4622 Benedicti
727 4563 867 4642 agricole
900 4562 1042 4624 confessa
1075 4579 1121 4626 est
1151 4566 1183 4625 in
1215 4565 1335 4647 judicio
1366 4566 1495 4648 publice
1529 4586 1634 4628 coram

372 4668 483 4749 juratis
508 4683 538 4728 et
563 4668 667 4748 judice
689 4689 724 4730 ac
741 4670 892 4730 omnibus
916 4671 1127 4733 assessoribus
1144 4691 1266 4752 eorum,
1284 4673 1452 4754 quomodo
1477 4673 1545 4755 ipsa
1562 4694 1634 4756 pro·

373 4774 450 4836 vido
477 4775 545 4834 viro
571 4775 728 4856 Dyonisio
753 4776 865 4836 sartori
890 4775 957 4837 filio
984 4775 1127 4858 Georgii,
1159 4779 1282 4840 concivi
1314 4793 1434 4858 nostro,
1459 4781 1632 4861 quamdam

374 4881 502 4942 vineam
530 4881 628 4961 ipsius
655 4881 799 4963 Dyonisii
826 4882 965 4960 sartoris,
990 4901 1051 4963 que
1069 4885 1205 4946 condam
1229 4885 1390 4946 Valentini
1418 4887 1540 4947 Malecz
1565 4906 1633 4968 pre-

374 4984 489 5063 fuerat,
515 5007 610 5066 quam
638 4987 703 5067 ipse
730 4987 904 5069 Dyonisius
934 5002 1035 5050 sartor
1067 4989 1210 5068 predicto
1235 4991 1343 5052 Marco
1375 4991 1503 5053 Cherne
1537 4992 1631 5074 priori
