3734 5796
404 544 466 624 316
816 546 904 606 Anno
926 561 1023 625 1439.
1049 581 1090 592 -
1113 562 1164 626 ²4·
1180 547 1265 622 julii.

401 755 470 817 tiris
494 755 575 817 duos
602 775 704 838 equos
730 759 761 818 io
786 759 1043 839 possessionibus
1075 759 1174 842 ipsius
1199 758 1352 838 Ladislai,
1377 777 1478 821 unum
1504 759 1601 820 unius
1623 759 1669 840 jo·

403 861 552 944 bagionia
575 863 720 926 eiusdem
745 864 886 927 Ladislsi
919 878 950 928 et
973 865 1073 928 alium
1106 885 1228 948 equum
1253 865 1330 928 socii
1365 866 1464 948 ipsius
1487 865 1670 948 jobagionis

401 967 514 1050 prelati
539 970 680 1032 Lsdislsi
704 971 920 1050 subtraxisset,
943 971 1017 1034 ideo
1041 970 1134 1052 jurati
1152 971 1427 1052 adjudicaverunt,
1452 985 1488 1034 ut
1511 973 1580 1054 ipse
1605 973 1668 1033 La·

402 1075 521 1138 dislaus
544 1077 718 1160 Zalowych
742 1076 937 1140 duodecimo
961 1098 994 1139 se
1018 1078 1164 1160 personis
1187 1078 1248 1139 sibi
1264 1078 1425 1139 similibus
1448 1097 1545 1160 super
1568 1093 1666 1160 ceput

402 1181 500 1263 ipsius
524 1181 654 1266 Mathye
685 1183 869 1266 Poldrugak
899 1203 995 1266 super
1026 1203 1066 1246 eo
1098 1184 1130 1245 in
1159 1184 1232 1246 loco
1264 1197 1416 1246 consveto
1448 1184 1668 1266 deposicionis

401 1289 513 1350 talium
545 1289 799 1370 juramentorum
832 1290 936 1371 jurare
967 1291 1127 1352 tenebitur
1158 1309 1196 1352 ex
1228 1310 1278 1370 eo,
1311 1291 1386 1374 quis
1418 1291 1485 1374 ipse
1518 1292 1668 1375 Methyas

401 1393 585 1476 Poldrugslr
609 1415 668 1478 pro
692 1395 795 1477 prima
820 1397 889 1459 vice
918 1397 1001 1458 dicta
1025 1395 1106 1458 facts
1138 1415 1196 1458 sua
1219 1396 1330 1458 fecisse
1363 1400 1511 1479 negabat,
1535 1413 1571 1460 ut
1594 1419 1668 1480 pre-

404 1499 487 1562 fatus
512 1501 658 1585 Mathyss
682 1502 866 1584 Poldrugsk
890 1523 983 1565 verus
1004 1503 1197 1586 depredatos
1213 1504 1313 1586 ipsius
1329 1503 1469 1566 Lsdislui
1494 1505 1666 1587 Zslowych

401 1619 432 1667 et
457 1606 507 1668 lur
532 1607 721 1670 manifestus
745 1608 904 1671 dictorum
929 1611 1027 1671 bourn
1054 1622 1085 1670 et
1105 1629 1264 1691 equorum
1287 1608 1415 1687 fuisset;
1439 1625 1471 1672 et
1494 1611 1572 1672 dum
1599 1612 1667 1694 ipse

400 1714 568 1776 Ladislaus
591 1715 696 1796 ipsum
720 1714 938 1796 juramentum
955 1735 1051 1798 super
1075 1731 1170 1798 caput
1187 1717 1322 1799 predicti
1340 1717 1468 1800 Mathye
1494 1717 1571 1779 dicti
1590 1718 1666 1780 Pol-

399 1820 523 1902 drugsk
540 1841 614 1883 cum
631 1821 888 1904 conjuratoribus
900 1823 965 1883 suis
981 1822 1144 1905 deponere
1162 1822 1328 1901 voluisset,
1340 1836 1417 1884 tunc
1434 1824 1500 1905 ipse
1519 1823 1667 1907 Mathyas

400 1926 583 2008 Poldrugak
608 1928 689 1990 circa
714 1926 947 1990 mediescinum
971 1949 1028 1990 seu
1052 1929 1200 1992 eculeum
1218 1943 1249 1991 et
1272 1929 1374 1990 eciem
1397 1930 1430 1992 in
1455 1929 1530 1991 sede
1555 1945 1663 1992 nostra

400 2032 565 2113 judiciaria
591 2053 699 2096 coram
716 2032 840 2116 prefato
857 2035 966 2096 lwano
983 2035 1023 2096 de
1041 2035 1206 2097 Ztermecz
1228 2049 1260 2098 et
1275 2055 1383 2098 coram
1401 2037 1537 2098 Nicolso
1554 2038 1663 2099 castel-

401 2139 478 2201 lano
503 2141 596 2202 castri
621 2141 831 2204 Zomzedwar
855 2141 931 2204 dicti
963 2162 999 2204 ac
1023 2141 1183 2224 Gregorio
1217 2142 1257 2204 de
1282 2143 1491 2222 Belezlowcz‚
1516 2163 1663 2206 necnon

403 2246 475 2306 aliis
499 2247 746 2330 quampluribus
769 2248 933 2312 nobilibus
961 2249 1050 2330 regni
1075 2247 1239 2310 confessus
1271 2263 1318 2312 est
1341 2269 1380 2313 eo
1405 2249 1515 2328 modo,
1541 2264 1575 2312 ut
1598 2251 1663 2332 ipse

400 2351 581 2434 predictum
608 2353 794 2416 Ladislaum
812 2355 1016 2438 deprednsset
1032 2369 1064 2416 et
1087 2375 1160 2417 cum
1178 2356 1287 2418 lances
1305 2355 1422 2418 fixisset
1445 2376 1481 2418 sc
1506 2357 1663 2438 predictos

398 2459 502 2521 boves
526 2460 625 2542 ipsius
649 2461 789 2523 Lsdislsi
814 2461 986 2544 Zslowych
1019 2482 1054 2524 ac
1086 2462 1188 2524 dictos
1212 2481 1313 2544 equos
1345 2461 1458 2545 prefati
1483 2463 1662 2546 jobagionis

398 2566 544 2629 eiusdem
570 2567 711 2629 Ladislsi
745 2581 776 2630 ct
808 2569 885 2632 socii
919 2568 1062 2630 eiusdem
1097 2569 1277 2651 iobsgionis
1301 2570 1349 2631 sui
1381 2571 1603 2647 subtraxisset3
1634 2585 1663 2631 et

400 2673 479 2734 dum
505 2660 610 2736 adhuc
633 2689 706 2756 post
729 2675 830 2758 ipsam
848 2673 1021 2737 fassionem
1044 2674 1157 2758 prefati
1175 2675 1306 2760 Mathye
1323 2677 1506 2758 Poldrugak
1525 2675 1663 2760 prefatus

399 2780 569 2842 Ladislaus
593 2781 766 2864 Zalowych
790 2801 886 2863 super
909 2795 1006 2864 caput
1024 2801 1118 2844 suurn
1143 2801 1214 2845 cum
1233 2783 1385 2864 predictis
1409 2783 1662 2865 conjuratoribus

397 2887 462 2947 suis
486 2885 705 2967 juramentum
729 2886 890 2970 deponere
914 2888 1079 2966 voluisset,
1104 2903 1179 2950 tunc
1196 2889 1282 2950 idem
1308 2888 1455 2972 Mathyss
1479 2889 1661 2971 Poldrugak

399 2991 487 3074 ipsos
509 2992 728 3074 conjuratores
752 2993 851 3076 ipsius
876 2993 1015 3056 Ladislai
1034 2993 1207 3078 Zolowych
1228 2995 1334 3057 eidem
1359 3016 1417 3078 pro
1442 2997 1658 3058 celebracione

400 3099 599 3180 singularum
624 3099 760 3162 duarum
784 3100 951 3162 missarum
971 3101 1199 3163 adnumerum
1223 3101 1461 3184 conjuratorum
1487 3103 1588 3184 ipsius
1606 3102 1660 3162 La·

398 3204 491 3266 dislai
516 3225 572 3288 per
595 3206 726 3270 eosdem
750 3207 969 3288 conjuratores
993 3207 1098 3270 fienda
1131 3208 1300 3272 relaxasset
1331 3225 1363 3271 et
1386 3209 1570 3288 dimisisset,
1594 3210 1657 3290 ipse

395 3325 502 3374 autem
526 3312 614 3374 solus
637 3313 805 3376 Ladislsus
827 3333 923 3395 super
946 3327 1042 3396 caput
1066 3315 1165 3397 ipsius
1193 3317 1323 3399 Mathye
1357 3316 1541 3397 Poldrugak
1573 3317 1657 3377 solus

398 3417 613 3499 juramentum
636 3419 773 3501 prestitit
796 3439 892 3501 super
915 3439 965 3498 eo,
990 3433 1025 3482 ut
1056 3421 1141 3483 idem
1168 3421 1314 3504 Mathyas
1338 3421 1522 3502 Poldrugsk
1547 3422 1655 3504 depre-

398 3523 489 3585 dstor
514 3539 545 3586 et
569 3523 620 3586 fur
644 3545 737 3586 verus
760 3525 860 3607 ipsius
887 3539 988 3603 esset;
1013 3541 1045 3589 et
1076 3527 1151 3609 quia
1178 3527 1263 3590 idem
1300 3528 1446 3610 Methyas
1477 3527 1657 3608 Poldrugak

398 3630 487 3692 solus
510 3649 543 3691 se
567 3651 658 3694 reum
682 3630 845 3694 confessus
869 3646 916 3693 est
940 3633 971 3694 in
997 3631 1081 3695 lacto
1097 3647 1277 3716 prenotato,
1309 3633 1448 3715 ideoque
1473 3634 1541 3716 ipse
1567 3633 1655 3696 ladi-

395 3737 480 3798 slaus
504 3735 662 3818 prefatum
695 3737 858 3820 Mathyam
890 3738 1074 3820 Poldrugalr
1106 3761 1144 3800 ex
1175 3738 1314 3801 fassione
1346 3739 1445 3820 ipsius
1469 3754 1562 3802 etex
1588 3759 1655 3822 pre-

397 3843 480 3906 dicta
505 3845 774 3927 comprobscione
799 3864 936 3927 suaper
967 3846 1243 3927 adjudicationem
1274 3845 1450 3926 juratorum
1475 3861 1656 3908 nostrorum

397 3951 628 4013 modernorum
653 3952 684 4012 in
709 3952 855 4034 patibulo
873 3953 1112 4015 communitatis
1137 3966 1242 4014 nostre
1259 3953 1426 4036 suspendit
1450 3952 1548 4035 digne
1572 3953 1654 4036 juxta

396 4057 551 4119 demerita
576 4077 632 4119 sua
656 4058 770 4120 ordine
794 4057 871 4139 juris
895 4072 1096 4140 exposcente.

465 4273 562 4348 Feria
590 4285 689 4350 sexta
719 4281 873 4367 proxima
901 4287 979 4350 ante
1017 4280 1139 4351 sestam
1167 4281 1257 4352 beati
1286 4281 1404 4371 Jncobi
1434 4283 1592 4370 apostoli.

940 4436 1005 4510 (24.
1021 4433 1121 4510 julii).

505 4571 583 4633 item
608 4573 639 4632 in
665 4591 758 4633 causa
783 4573 865 4634 inter
881 4573 1089 4635 Valentinum
1106 4572 1299 4636 firmatorem
1318 4594 1466 4637 vasorum
1492 4577 1651 4638 concivem

397 4691 543 4740 nostrum
568 4693 598 4740 et
623 4679 703 4741 inter
728 4679 868 4740 Blasium
895 4693 926 4741 et
950 4678 1128 4761 Georgium
1153 4680 1236 4743 filios
1265 4681 1419 4743 Demetrii
1444 4683 1483 4744 de
1509 4683 1597 4745 Odra
1618 4701 1651 4743 ac

396 4785 479 4847 inter
502 4786 711 4847 Ambrosium
736 4784 837 4847 filium
855 4785 1016 4848 Valentini
1038 4785 1078 4847 de
1103 4785 1216 4849 eadem
1234 4787 1322 4850 Odra
1347 4789 1476 4849 racione
1500 4804 1651 4852 certarum

397 4892 606 4973 pecuniarum
633 4911 746 4954 eorum
775 4912 830 4974 per
852 4893 938 4974 ipsos
970 4905 1078 4954 contre
1111 4893 1290 4975 predictum
1314 4893 1523 4956 Valentinum
1556 4894 1649 4957 firma·

400 5011 503 5058 torem
521 5017 669 5059 vasorum
688 5000 936 5082 propositarum,
962 5019 1000 5060 eo
1018 4999 1116 5061 modo
1134 4999 1226 5081 jurati
1243 4999 1518 5082 adjudicaverunt,
1543 5017 1577 5062 ut
1591 5000 1650 5082 ipse
