3740 5810
796 545 882 601 Anno
905 557 997 620 1420.
1020 577 1065 586 —
1089 555 1139 618 19.
1163 544 1277 618 aprilis.

535 753 613 815 Item
633 753 779 814 Andreas
802 751 911 834 (filius)
936 753 1020 814 Petri
1045 753 1168 835 Saphar
1185 765 1296 815 contra
1321 752 1533 816 Jacomellum
1550 752 1696 816 secundo

428 859 541 920 citatus
564 878 630 919 non
662 858 851 940 comparuit.

534 963 611 1026 Item
631 984 724 1026 causa
748 964 830 1025 inter
854 963 1018 1025 Thomam
1044 962 1197 1026 Ochwirk
1227 975 1258 1025 et
1281 963 1419 1024 Paulum
1445 962 1621 1025 Sallrouich
1647 983 1697 1023 re-

428 1083 518 1152 cepta
544 1084 590 1131 est
613 1071 728 1132 iterum
753 1071 792 1131 ad
817 1090 930 1152 pacem
954 1069 994 1132 ad
1018 1070 1158 1151 primurn
1182 1069 1350 1150 judicium.

535 1178 613 1240 Item
638 1177 730 1258 jurati
763 1176 987 1259 adjudIcarunt
1017 1176 1107 1258 quod
1138 1177 1213 1258 quia
1238 1175 1363 1238 Franch
1395 1175 1520 1258 pridem
1553 1177 1697 1238 decanus

428 1303 502 1345 cum
536 1282 706 1345 sulficIenti
739 1283 923 1344 testImonIo
954 1283 1110 1365 pervenit,
1142 1282 1231 1364 quod
1263 1282 1427 1344 Emericus
1459 1281 1622 1344 Benchich
1656 1281 1698 1344 de

427 1390 526 1451 domo
551 1390 651 1472 ipsius
674 1387 799 1450 Franch
823 1389 935 1450 decem
960 1401 992 1450 et
1015 1401 1088 1451 octo
1113 1387 1270 1470 quartalia
1297 1386 1450 1449 frumenti
1474 1387 1605 1469 recepit,
1631 1407 1697 1468 que

427 1515 528 1578 usque
554 1495 752 1576 qulndenam
776 1494 881 1556 eidem
905 1494 1029 1556 solvere
1053 1506 1189 1557 tenetur.

535 1602 613 1663 Item
647 1602 803 1663 MartInus
828 1599 1004 1684 Goychech
1036 1615 1145 1663 contra
1179 1601 1377 1682 Stephanum
1410 1598 1582 1682 pellificem
1614 1597 1696 1661 feria

429 1721 515 1770 sexta
539 1708 684 1790 proxima
717 1719 789 1790 post
820 1721 948 1770 octavas
981 1709 1078 1770 Pasce
1104 1708 1266 1769 tenebitur
1297 1719 1437 1789 prestare
1461 1705 1695 1787 juramentum,

427 1815 515 1898 quod
539 1835 630 1877 arcus
654 1833 712 1896 pro
737 1815 872 1896 pignore
895 1815 997 1877 relicti
1022 1835 1088 1876 non
1111 1827 1185 1876 sunt
1208 1815 1238 1876 ei
1261 1814 1407 1892 restituti,
1432 1833 1492 1875 nec
1516 1812 1611 1875 scitet
1637 1813 1694 1874 ubi

428 1935 541 1985 essent.

532 2028 611 2090 Item
644 2027 806 2089 lohannes
837 2025 926 2089 faber
959 2041 1069 2090 contra
1101 2027 1282 2090 iohannem
1317 2027 1529 2109 presbiterum
1563 2045 1695 2088 causam

430 2134 580 2212 obtinuit,
605 2132 693 2214 quod
717 2133 777 2194 sibi
802 2133 929 2195 racione
954 2133 1071 2195 domus
1087 2133 1232 2215 inpendit
1254 2126 1521 2211 satisfaccionem,
1548 2144 1583 2192 ut
1605 2131 1695 2192 testi-

428 2240 542 2302 monio
566 2239 798 2322 comprobavit.

488 2475 585 2549 Feria
613 2484 712 2548 sexta
740 2481 897 2567 proxima
926 2484 1003 2548 ante
1030 2477 1155 2548 festum
1182 2477 1273 2548 beati
1302 2475 1434 2564 Georgii
1463 2477 1628 2546 martiris.

949 2627 1015 2708 (19.
1039 2627 1170 2711 aprilis).

535 2769 614 2832 Item
638 2789 732 2831 causa
757 2770 839 2830 inter
862 2769 1064 2832 Anthonium
1088 2783 1243 2832 sartorem
1276 2783 1306 2832 et
1331 2769 1470 2831 Sabkam
1495 2781 1621 2850 recepta
1648 2780 1694 2829 est

428 2878 468 2940 ad
494 2896 605 2960 pacem
630 2876 670 2938 ad
694 2876 834 2958 primum
858 2875 1025 2958 judicium.

534 2982 612 3043 Item
646 2980 848 3062 Margaretha
879 2982 987 3043 relicta
1020 2982 1216 3045 Vinsterstan
1248 2995 1359 3043 contra
1393 2979 1590 3063 Stephanum
1624 2981 1692 3042 Bau

428 3087 572 3149 secundo
597 3087 690 3148 citata
711 3107 776 3148 non
801 3088 991 3169 comparuit.

532 3193 611 3254 Item
635 3193 748 3255 Nicola
772 3206 860 3254 sutor
884 3205 915 3254 et
939 3192 1099 3276 Georgius
1122 3195 1270 3256 similiter
1293 3208 1382 3257 sutor
1406 3215 1478 3256 cum
1503 3194 1690 3256 testImonio

427 3301 687 3382 comprobarunt,
712 3299 800 3380 quod
825 3299 903 3360 dum
935 3300 1127 3363 Benedictus
1160 3301 1192 3361 iu
1223 3301 1373 3362 extremis
1404 3301 1589 3378 laborasset,
1613 3313 1690 3361 tunc

427 3406 561 3467 domum
585 3425 676 3467 suam
700 3405 908 3487 disposIcioni
933 3426 1045 3468 eorum
1074 3407 1296 3486 commisisset,
1321 3421 1352 3469 et
1377 3407 1436 3489 ipsi
1462 3406 1598 3468 eandem
1624 3411 1691 3467 An-

428 3511 543 3573 thonio
567 3512 666 3573 sutori
690 3511 919 3573 vendidissent.

537 3619 616 3680 Item
641 3617 836 3680 Jacomellus
860 3631 969 3679 contra
998 3617 1160 3679 Andream
1194 3619 1225 3680 In
1250 3620 1355 3702 prImo
1388 3619 1508 3700 judicio
1532 3619 1692 3681 tenebitur

429 3723 607 3806 producere
630 3736 725 3785 testes
749 3724 781 3784 In
807 3743 899 3785 causa
924 3725 1006 3785 inter
1030 3724 1172 3787 eosdem.

533 3829 612 3890 Item
636 3828 766 3912 Mathey
790 3828 930 3891 carnifex
953 3843 1062 3891 contra
1087 3831 1216 3893 Petrum
1241 3831 1326 3892 ribar
1350 3831 1455 3913 prImo
1488 3831 1601 3892 citatus
1625 3849 1689 3892 non

427 3935 617 4018 comparuit.

532 4041 611 4104 Item
636 4041 789 4105 Clemens
813 4042 1027 4124 Zlepcheuich
1051 4057 1161 4104 contra
1193 4048 1321 4106 Annam
1347 4044 1559 4106 Zwechanam
1584 4045 1689 4126 prImo

427 4149 539 4210 citatus
566 4169 630 4210 non
654 4150 843 4231 comparuit.

533 4255 610 4316 Item
636 4255 745 4316 relicta
771 4255 969 4335 Sigismundi
987 4269 1097 4318 contra
1128 4256 1307 4318 lohannem
1333 4255 1472 4337 judicem
1497 4271 1610 4318 octavo
1640 4258 1689 4317 die

425 4361 584 4422 tenebitur
602 4375 740 4443 prestare
764 4361 980 4442 juramentum
1003 4382 1098 4444 super
1122 4383 1171 4440 en,
1196 4363 1283 4443 quod
1308 4363 1396 4424 nulla
1421 4361 1489 4444 jura
1514 4363 1613 4444 ipsius
1637 4364 1688 4423 lo-

425 4467 539 4528 bannis
564 4481 595 4528 et
619 4487 675 4549 per
699 4487 898 4548 consequens
923 4469 1078 4529 consortis
1102 4489 1157 4530 sue
1183 4489 1247 4530 non
1272 4468 1403 4530 haberet
1427 4488 1486 4530 nec
1510 4469 1610 4532 sciret.

532 4573 610 4634 Item
636 4574 793 4634 Martinus
817 4585 906 4634 sutor
938 4573 1077 4635 Chartha
1111 4587 1220 4636 contra
1248 4574 1436 4636 MIchaelem
1470 4573 1612 4653 judicem
1644 4595 1688 4634 se-

427 4679 535 4740 cundo
549 4680 662 4740 citatus
679 4700 744 4741 non
760 4679 939 4760 comparuit
953 4680 1167 4760 proclamatus
1181 4681 1310 4742 racione
1329 4679 1493 4757 lurticInII‚
1510 4699 1575 4740 non
1593 4682 1687 4741 venit.

532 4784 610 4846 Item
636 4785 797 4846 lohannes
829 4784 984 4866 lagodich
1017 4799 1126 4847 contra
1159 4786 1360 4848 Anthonium
1393 4786 1518 4867 pridem
1550 4785 1687 4867 judicem

426 4911 519 4952 suum
545 4891 694 4973 deposuit
711 4891 926 4973 juramentum
944 4893 1206 4974 suprascrIptum,
1225 4893 1315 4975 quod
1333 4892 1400 4976 ipse
1425 4893 1457 4956 it1
1481 4911 1536 4954 sua
1560 4892 1688 4954 accione

426 5009 510 5058 esset
536 5016 698 5059 innocens.
