3876 5798
369 579 432 644 374
740 561 940 637 Ann01442.
965 593 1009 604 -
1031 571 1060 635 7.
1085 557 1248 619 decembres.

367 666 653 678 Μ

395 781 491 852 Ferla
519 795 618 850 sexta
645 783 803 868 proxima
829 788 906 848 ante
934 778 1057 848 testum
1087 773 1319 864 Concepclouis
1346 777 1442 846 beate
1470 795 1599 862 semper

853 901 997 988 virginis
1025 897 1141 969 llarie.

872 1067 913 1144 (7.
938 1065 1115 1142 decembris).

476 1231 554 1292 Item
578 1228 767 1290 Valentinus
784 1223 1018 1308 Tergowchich
1040 1237 1150 1287 contra
1168 1223 1286 1286 Rosam
1312 1223 1480 1286 mulierem
1497 1240 1629 1283 uxorem

368 1337 492 1400 Vrbani
517 1335 659 1397 secundo
683 1334 796 1397 citatus
820 1351 884 1394 non
913 1332 1102 1412 comparuit.
1564 1337 1568 1346 '

475 1459 553 1522 Item
578 1478 705 1521 causam
732 1459 814 1520 inter
838 1457 1048 1520 Benedictutu
1077 1455 1180 1517 filium
1204 1454 1371 1517 Michaelis
1396 1453 1572 1516 Sebastiani
1596 1459 1633 1513 u't

369 1580 509 1628 actorem
545 1579 577 1627 et
608 1565 690 1626 inter
721 1564 885 1625 Thomam
916 1581 1070 1644 generum
1104 1561 1200 1623 blasii
1232 1559 1509 1642 Czaranthowych
1540 1559 1632 1622 utin

370 1689 497 1733 causam
516 1682 696 1749 attractum,
713 1689 820 1732 coram
846 1670 938 1730 nobis
954 1689 1011 1750 per
1028 1668 1132 1750 ipsum
1150 1666 1361 1728 benedictum
1386 1681 1520 1744 motam,
1535 1678 1633 1726 testes

369 1776 554 1860 peripsum
580 1775 791 1838 Benedictum
817 1774 964 1857 producti
990 1792 1048 1856 pro
1077 1771 1182 1834 fienda
1213 1792 1290 1855 pace
1315 1772 1396 1833 inter
1421 1771 1505 1853 ipsas
1527 1783 1633 1853 partes

370 1902 472 1964 usque
496 1882 536 1943 ad
560 1881 701 1963 primum
727 1880 882 1962 judicium
908 1899 945 1942 ex
973 1879 1105 1940 licencia
1130 1877 1296 1961 judiciaria
1320 1878 1360 1940 ad
1384 1878 1524 1961 primum
1549 1875 1632 1958 judi·

370 1989 454 2050 cium
478 1999 701 2070 prorogarunt.
1383 2035 1386 2042 .
1421 2047 1423 2050 .

480 2093 558 2156 ltem
584 2094 721 2155 lacobus
744 2091 865 2174 juratus
889 2091 973 2154 filius
998 2091 1082 2154 Petri
1109 2089 1231 2172 Saphar
1247 2105 1357 2152 contra
1381 2090 1543 2173 Mathyam
1562 2089 1635 2151 zea:

375 2199 484 2263 ltorich
509 2201 541 2261 in
567 2197 650 2262 facto
674 2198 889 2280 quorumdam
915 2215 1086 2280 porcorum
1104 2197 1203 2279 ipsius
1228 2195 1357 2278 Mathye
1383 2195 1553 2257 Ztakorich
1577 2213 1634 2277 per

373 2309 478 2390 ipsum
512 2307 667 2368 Jacobum
697 2304 837 2386 juratum
869 2307 1102 2366 subtractorum
1135 2317 1165 2364 et
1197 2317 1306 2364 contra
1338 2302 1419 2364 alios
1450 2315 1572 2364 actores
1602 2313 1634 2362 et

371 2411 551 2496 specialiter
575 2425 685 2472 contra
710 2411 874 2493 Mathyam
888 2429 1059 2492 preconem
1085 2428 1180 2490 quem
1199 2407 1326 2486 occidit,
1350 2407 1401 2468 vel
1426 2407 1494 2470 eius
1517 2425 1634 2490 procu·

370 2532 520 2598 retorem,
544 2517 734 2580 secundario
759 2517 790 2578 in
816 2515 887 2578 loro
911 2515 1038 2598 publice
1063 2513 1301 2596 (proclamatus)
1318 2514 1358 2576 ad
1379 2512 1635 2596 comparendum

371 2625 411 2688 ad
439 2624 597 2708 justiciam
621 2643 708 2684 nunc
730 2642 795 2685 non
819 2621 907 2684 venit
930 2641 1036 2703 neque
1064 2621 1206 2702 aliquem
1230 2641 1288 2702 pro
1311 2641 1345 2683 se
1369 2620 1464 2682 misit.

477 2749 556 2812 Item
588 2747 770 2809 Anthonius
802 2744 1073 2828 Janchechewych
1109 2759 1218 2806 contra
1252 2743 1395 2806 Blasium
1427 2742 1531 2807 filium
1554 2741 1634 2804 Wllt

372 2857 513 2921 secundo
537 2856 652 2918 citatus
675 2873 740 2916 non
765 2853 955 2936 comparuit.

479 2963 556 3024 ltem
581 2961 742 3042 Georgius
766 2959 853 3022 faber
878 2959 963 3021 filius
988 2959 1147 3021 Francisci
1172 2956 1253 3019 fabri
1276 2975 1333 3038 per
1357 2955 1635 3038 adjudicationem

373 3069 550 3152 juratorum
575 3081 689 3130 octavo
714 3067 765 3128 die
791 3086 886 3148 super
910 3085 996 3127 aram
1021 3066 1125 3146 jurare
1145 3064 1305 3126 tenebitur
1328 3075 1438 3125 contra
1456 3061 1635 3144 Georgium

375 3175 524 3238 clientem
549 3174 736 3236 servitorem
767 3173 890 3234 domini
918 3171 1075 3253 Prepositi
1107 3169 1248 3232 infacto
1279 3169 1446 3232 cuiusdam
1477 3169 1551 3250 equi
1574 3169 1636 3248 sui,

375 3295 410 3344 ut
433 3283 500 3364 ipse
526 3279 686 3361 Georgius
710 3278 799 3342 faber
816 3299 879 3340 non
905 3278 1075 3360 assumpsit
1093 3297 1213 3360 equum
1238 3277 1336 3359 ipsius
1361 3275 1492 3357 Georgii
1511 3275 1637 3337 clientis

374 3407 521 3450 resanare
546 3406 604 3448 nec
629 3386 799 3468 assumpsit
822 3404 895 3446 eum
920 3385 1055 3446 liberare
1078 3405 1095 3446 a
1120 3397 1233 3447 morte.

480 3511 556 3573 ltem
582 3512 657 3592 quia
682 3510 865 3571 Anthonius
883 3509 1101 3592 Kerzowaych
1125 3509 1213 3570 testis
1235 3527 1290 3590 per
1307 3507 1514 3569 Dominicum
1540 3505 1637 3568 ireni-

374 3637 483 3701 parem
508 3616 609 3678 filium
635 3616 787 3698 Stephani
813 3630 843 3677 et
860 3637 915 3698 per
932 3615 1107 3697 Georgium
1126 3614 1358 3677 Mozlawchich
1383 3615 1415 3676 in
1439 3634 1533 3676 causa
1551 3614 1642 3676 inter·

376 3743 431 3786 eos
463 3742 570 3784 coram
604 3723 697 3784 nobis
727 3742 783 3805 per
807 3723 912 3804 ipsum
946 3722 1152 3783 Dominicum
1185 3735 1283 3800 mota,
1315 3720 1500 3803 productus,
1531 3720 1637 3802 ipsum

378 3830 555 3911 Georgium
580 3828 822 3912 Mozlawehych
856 3829 960 3910 ipsum
993 3827 1171 3910 Georgium
1201 3828 1347 3890 liberavit
1377 3829 1417 3889 ab
1442 3826 1638 3909 inpeticione

375 3950 406 3998 et
422 3935 651 4018 prosecucione
669 3935 744 3996 dicti
759 3935 921 3996 Dominici
936 3934 1040 4016 jurati,
1058 3934 1131 3996 ideo
1149 3935 1216 4016 ipse
1231 3932 1390 4014 Georgius
1407 3931 1638 3995 Mozlawchich

375 4055 422 4104 est
445 4062 500 4124 per
523 4041 758 4122 judicaciouem
782 4041 959 4122 juratorum
984 4041 1136 4102 liberatus
1160 4053 1190 4102 et
1213 4039 1390 4122 expeditus.

482 4166 558 4228 ltem
577 4165 670 4247 jurati
687 4165 951 4246 adjudicaverunt
967 4185 1095 4227 causam
1113 4165 1195 4228 Pero
1212 4163 1305 4246 jurati
1329 4163 1386 4226 filii
1412 4163 1497 4226 Petri
1515 4161 1641 4245 Saphar

381 4284 412 4334 et
436 4271 532 4333 Blasii
558 4271 672 4352 judicis
695 4271 752 4333 filii
777 4273 867 4333 Pauli
892 4292 931 4333 eo
955 4272 1054 4333 modo
1071 4270 1345 4352 adjudicaverunt,
1369 4284 1404 4332 ut
1428 4269 1495 4352 ipse
1513 4269 1639 4332 Blasius

379 4377 475 4461 judex
507 4391 620 4440 octavo
653 4378 704 4439 die
736 4398 831 4461 super
861 4397 947 4440 aram
980 4377 1082 4458 jurare
1113 4377 1274 4440 tenebitur
1304 4395 1399 4458 super
1431 4395 1482 4456 e0,
1513 4389 1548 4438 ut
1571 4376 1640 4458 ipse

381 4485 525 4566 quinque
548 4484 617 4548 flor.
643 4485 722 4565 auri,
747 4504 828 4566 quos
859 4485 927 4566 ipse
952 4484 1032 4546 Pero
1064 4483 1185 4566 juratus
1209 4485 1249 4546 ab
1273 4484 1342 4566 ipso
1374 4483 1639 4566 prosequebatur,

378 4593 502 4655 solvere
527 4611 585 4655 nec
609 4593 684 4654 dare
708 4592 863 4674 promisit.

484 4699 561 4761 ltem
586 4717 712 4761 causam
740 4697 1010 4781 Mathyesutoris
1026 4697 1168 4779 magistri
1194 4711 1225 4759 et
1244 4695 1373 4758 Andree
1397 4695 1513 4757 sutoris
1527 4696 1639 4775 generi

379 4807 471 4870 Pauli
504 4805 694 4888 Kerpanych
727 4803 819 4886 jurati
851 4823 953 4886 usque
985 4804 1024 4866 ad
1061 4805 1200 4886 primum
1233 4790 1388 4886 judicium
1421 4821 1478 4884 pro
1512 4801 1639 4863 meliori

377 4915 477 4998 ipsius
501 4901 595 4976 cause
619 4912 855 4975 deliberacione
880 4924 1104 4993 prorogarunt.
