3740 5810
544 568 629 625 Anno
654 580 743 643 1422.
770 599 810 610 —
833 579 883 644 27.
907 568 1075 628 novembris.
1380 587 1435 629 111

177 675 294 683 ——.--.-.
329 675 436 680 ——..-..
465 676 472 680 .
489 675 644 680 --....—..

175 799 260 861 filios
286 797 372 860 Galli
398 811 483 858 mota
509 810 541 858 et
569 809 746 880 expressata
779 797 925 880 superius
955 798 1083 880 penitus
1105 811 1136 860 et
1166 799 1300 861 omnino
1324 798 1442 862 confir-

176 919 315 984 marunt,
348 904 422 986 quia
455 917 539 965 recte
564 902 656 986 jurati
687 903 870 984 judicarunt
900 903 986 984 juxta
1016 905 1233 968 continenciaa
1265 907 1442 970 literarum.

176 1105 275 1180 Ferit
303 1115 401 1179 sexta
423 1108 578 1196 proxima
597 1114 675 1196 post
694 1105 818 1178 festum
833 1105 1052 1180 visitacionis
1064 1097 1113 1202 (i)
1129 1109 1273 1198 virginis
1288 1110 1444 1199 gloriose.

726 1265 771 1340 (3-
787 1260 890 1340 joop.

283 1403 383 1464 Jurati
408 1401 643 1485 adjudicarunt,
668 1401 744 1482 quia
770 1400 927 1462 Martinus
958 1399 1043 1464 filius
1067 1401 1192 1464 Ctiaani
1217 1403 1440 1484 generationis

176 1508 242 1590 (de)
264 1508 411 1572 Klokoch
430 1509 461 1570 in
487 1506 571 1570 furto
589 1505 759 1570 manifesto
784 1520 832 1569 est
855 1520 1008 1589 repertus,
1033 1507 1107 1570 ideo
1124 1528 1200 1571 aure
1218 1529 1280 1572 una
1298 1511 1439 1593 privatus

177 1629 235 1693 est,
260 1615 412 1697 expulsus
436 1614 475 1676 de
501 1614 627 1676 civitate
651 1626 682 1675 et
705 1614 774 1675 eius
797 1613 967 1692 territorio,
1000 1613 1032 1674 in
1057 1633 1122 1696 quo
1146 1615 1172 1676 si
1197 1615 1237 1677 de
1261 1630 1367 1680 cetero
1393 1617 1442 1678 in·

178 1721 336 1803 venietur,
359 1720 572 1804 suspendetur
599 1739 639 1782 eo
663 1717 757 1783 iactu.

191 1921 288 1996 Feria
316 1931 414 1996 sexta
442 1925 595 2013 proxima
625 1930 701 2014 post
729 1923 851 1994 iestum
881 1921 1081 1994 Nativitatis
1106 1925 1250 2012 virginis
1287 1925 1444 2013 gloriose.

677 2076 737 2149 (rt.
767 2073 952 2150 septembris).

287 2215 366 2279 item
391 2216 502 2278 Petrus
526 2213 710 2276 Zudrouich
736 2213 927 2277 Michaelem
951 2213 1054 2276 filium
1072 2215 1223 2299 Symonis
1247 2217 1371 2300 pridem
1396 2215 1445 2300 ju·

181 2323 286 2386 dicem
311 2322 453 2386 reddidit
477 2321 661 2404 expeditum
681 2341 776 2404 super
792 2319 984 2403 juramento,
1001 2321 1089 2404 quod
1114 2336 1223 2384 contra
1249 2323 1353 2406 ipsum
1370 2345 1444 2408 pre·

180 2443 261 2492 stare
292 2429 455 2492 debuisset
479 2429 607 2490 racione
639 2428 802 2490 literarum
835 2427 1059 2509 antiquarum,
1091 2428 1123 2490 in
1155 2430 1273 2511 quibus
1306 2429 1446 2493 eundem

181 2536 378 2618 inculpabat.
654 2527 658 2534 ’

289 2643 369 2705 item
393 2653 459 2704 tota
483 2641 697 2704 communitas
728 2639 841 2702 annuit
865 2639 1014 2703 Michaeli
1046 2639 1113 2704 filio
1147 2641 1298 2726 Symonis
1322 2643 1447 2726 pridem

182 2748 280 2826 judici
305 2763 342 2810 ut
365 2761 484 2810 statuas
500 2749 560 2809 sub
581 2745 665 2810 solio
681 2766 740 2810 suo
757 2759 844 2808 extra
868 2765 886 2808 a
907 2747 981 2809 loco
997 2767 1056 2810 suo
1073 2761 1159 2811 extra
1183 2749 1290 2812 locare
1309 2745 1447 2833 possit.⁸)

198 2949 295 3024 ieria
323 2959 424 3024 sexta
450 2952 604 3042 proxima
632 2957 711 3022 ante
739 2949 862 3022 festum
889 2949 986 3022 beate
1015 2951 1197 3023 Ratherine
1225 2953 1368 3041 virginis
1397 2959 1430 3024 et

734 3076 899 3146 martiris.

673 3225 740 3308 (20.
774 3226 964 3308 novembris).

290 3370 369 3433 item
405 3369 480 3450 quia
514 3368 660 3430 Andreas
696 3367 937 3430 Stamberchich
974 3365 1153 3448 Georgium
1188 3365 1314 3430 fabrum
1345 3367 1448 3430 filium

185 3476 345 3538 Francisci
371 3475 518 3537 similiter
542 3473 622 3536 fabri
647 3493 755 3536 coram
780 3473 885 3554 judice
920 3473 1127 3556 vituperavit,
1152 3473 1226 3534 ideo
1250 3473 1449 3556 perjuratus

184 3582 388 3663 adjudicatus
411 3593 458 3642 est
482 3580 512 3642 in
547 3580 658 3642 decem
693 3579 818 3658 marcis,
851 3599 909 3662 pro
941 3579 1067 3642 residuo
1096 3593 1203 3642 autem
1236 3599 1329 3642 causa
1353 3580 1449 3642 debet

182 3706 368 3770 comparere
392 3685 515 3768 justicie
540 3685 579 3746 ad
604 3687 744 3768 primum
769 3685 935 3768 judicium.

292 3795 370 3856 item
395 3794 471 3875 quia
496 3791 625 3875 Maiych
649 3793 763 3854 idriam
783 3811 879 3854 unam
905 3793 973 3854 sine
990 3813 1153 3856 consensu
1176 3791 1290 3874 judicis
1314 3806 1344 3854 et
1367 3792 1449 3875 jura-

182 3917 290 3964 torum
316 3901 348 3962 in
373 3900 472 3961 domo
499 3898 668 3961 Laurentii
694 3899 726 3960 in
752 3899 822 3960 vico
847 3897 1036 3961 carnificum
1055 3899 1285 3962 commorantis
1308 3898 1338 3959 vi
1364 3917 1448 3960 rece·

183 4023 283 4090 perat,
308 4007 383 4068 ideo
408 4005 474 4089 ipse
499 4006 666 4066 convictus
689 4017 736 4068 est
760 4005 792 4066 in
817 4005 957 4086 birsagio
982 4005 1093 4068 decem
1119 4024 1309 4069 marcarum.

291 4113 370 4175 Item
388 4112 529 4195 Kyrinus
553 4110 650 4173 debet
672 4109 889 4194 juramentum
913 4126 1054 4194 prestare
1078 4111 1265 4174 terciusmet
1288 4110 1385 4172 hodie
1409 4110 1448 4172 ad

184 4235 259 4284 octo
283 4220 352 4282 dies
377 4233 487 4281 contra
511 4217 676 4296 Cosmum,
700 4218 789 4300 quod
814 4218 845 4279 in
868 4217 922 4279 illa
948 4237 1042 4280 causa
1067 4219 1181 4300 inqua
1205 4237 1279 4280 eum
1305 4217 1447 4298 inculpat

184 4329 246 4389 sibi
272 4326 406 4388 minime
430 4323 512 4387 foret
536 4323 715 4407 culpabilis.

246 4528 344 4602 Feria
372 4535 471 4600 sexta
498 4529 653 4617 proxima
681 4534 759 4598 onte
786 4527 910 4598 iestom
941 4527 1030 4598 beati
1061 4523 1192 4598 Andree
1220 4525 1376 4615 apostoli.

674 4659 739 4742 (27.
761 4659 950 4741 novembris).

291 4788 372 4850 Item
396 4785 644 4848 Bartholomeus
675 4783 760 4847 iilius
784 4785 868 4846 Isvan
901 4785 979 4845 civis
1004 4797 1113 4846 contra
1148 4783 1323 4846 Martinum
1347 4781 1447 4844 filium

188 4893 440 4976 Plemenachyait
464 4893 570 4975 primo
594 4893 708 4954 citatus
732 4911 797 4952 non
823 4891 1013 4973 comparuit.

289 5051 302 5080 '⁸
322 5054 412 5102 Unum
431 5052 523 5102 toltum
541 5067 657 5103 vacuum.
