<?xml version="1.0" encoding="UTF-8"?>
<!DOCTYPE html PUBLIC "-//W3C//DTD XHTML 1.0 Transitional//EN"
    "http://www.w3.org/TR/xhtml1/DTD/xhtml1-transitional.dtd">
<html xmlns="http://www.w3.org/1999/xhtml" xml:lang="en" lang="en">
 <head>
  <title>
</title>
<meta http-equiv="Content-Type" content="text/html;charset=utf-8" />
  <meta name='ocr-system' content='tesseract 3.04.00' />
  <meta name='ocr-capabilities' content='ocr_page ocr_carea ocr_par ocr_line ocrx_word'/>
</head>
<body>
  <div class='ocr_page' id='page_1' title='image "./monumentahistor14laszgoog_0534.png"; bbox 0 0 3796 5812; ppageno 0'>
   <div class='ocr_carea' id='block_1_1' title="bbox 438 754 1708 1264">
    <p class='ocr_par' dir='ltr' id='par_1_1' title="bbox 438 754 1708 1264">
     <span class='ocr_line' id='line_1_1' title="bbox 440 754 1705 837; baseline -0.002 -19"><span class='ocrx_word' id='word_1_1' title='bbox 440 757 513 820; x_wconf 90' lang='lat' dir='ltr'>liter</span> <span class='ocrx_word' id='word_1_2' title='bbox 535 769 641 818; x_wconf 88' lang='lat' dir='ltr'>astans</span> <span class='ocrx_word' id='word_1_3' title='bbox 664 775 770 818; x_wconf 88' lang='lat' dir='ltr'>coram</span> <span class='ocrx_word' id='word_1_4' title='bbox 796 756 889 818; x_wconf 92' lang='lat' dir='ltr'>nobis</span> <span class='ocrx_word' id='word_1_5' title='bbox 914 755 1089 837; x_wconf 82' lang='lat' dir='ltr'>injudicio</span> <span class='ocrx_word' id='word_1_6' title='bbox 1114 755 1159 817; x_wconf 91' lang='lat' dir='ltr'>ira</span> <span class='ocrx_word' id='word_1_7' title='bbox 1180 769 1212 817; x_wconf 89' lang='lat' dir='ltr'>et</span> <span class='ocrx_word' id='word_1_8' title='bbox 1235 755 1316 818; x_wconf 86' lang='lat' dir='ltr'>furia</span> <span class='ocrx_word' id='word_1_9' title='bbox 1342 755 1477 818; x_wconf 85' lang='lat' dir='ltr'>inlectus</span> <span class='ocrx_word' id='word_1_10' title='bbox 1501 756 1540 816; x_wconf 93' lang='lat' dir='ltr'>de</span> <span class='ocrx_word' id='word_1_11' title='bbox 1566 756 1639 836; x_wconf 92' lang='lat' dir='ltr'>ipso</span> <span class='ocrx_word' id='word_1_12' title='bbox 1658 754 1705 835; x_wconf 78' lang='lat' dir='ltr'>ju-</span> 
     </span>
     <span class='ocr_line' id='line_1_2' title="bbox 440 860 1707 945; baseline -0.002 -21"><span class='ocrx_word' id='word_1_13' title='bbox 440 863 524 924; x_wconf 93' lang='lat' dir='ltr'>dicio</span> <span class='ocrx_word' id='word_1_14' title='bbox 555 861 697 945; x_wconf 84' lang='lat' dir='ltr'>profugit</span> <span class='ocrx_word' id='word_1_15' title='bbox 728 876 760 924; x_wconf 92' lang='lat' dir='ltr'>et</span> <span class='ocrx_word' id='word_1_16' title='bbox 790 883 823 923; x_wconf 89' lang='lat' dir='ltr'>se</span> <span class='ocrx_word' id='word_1_17' title='bbox 854 883 871 923; x_wconf 91' lang='lat' dir='ltr'>a</span> <span class='ocrx_word' id='word_1_18' title='bbox 904 860 983 924; x_wconf 86' lang='lat' dir='ltr'>facie</span> <span class='ocrx_word' id='word_1_19' title='bbox 1015 862 1092 944; x_wconf 85' lang='lat' dir='ltr'>juris</span> <span class='ocrx_word' id='word_1_20' title='bbox 1121 863 1318 940; x_wconf 81' lang='lat' dir='ltr'>absentavit,</span> <span class='ocrx_word' id='word_1_21' title='bbox 1350 863 1424 925; x_wconf 90' lang='lat' dir='ltr'>ideo</span> <span class='ocrx_word' id='word_1_22' title='bbox 1456 863 1524 945; x_wconf 89' lang='lat' dir='ltr'>ipse</span> <span class='ocrx_word' id='word_1_23' title='bbox 1556 861 1707 922; x_wconf 85' lang='lat' dir='ltr'>Francha</span> 
     </span>
     <span class='ocr_line' id='line_1_3' title="bbox 442 968 1707 1051; baseline -0.004 -19"><span class='ocrx_word' id='word_1_24' title='bbox 442 990 569 1032; x_wconf 90' lang='lat' dir='ltr'>causam</span> <span class='ocrx_word' id='word_1_25' title='bbox 594 989 685 1030; x_wconf 90' lang='lat' dir='ltr'>suam</span> <span class='ocrx_word' id='word_1_26' title='bbox 710 989 806 1050; x_wconf 90' lang='lat' dir='ltr'>quam</span> <span class='ocrx_word' id='word_1_27' title='bbox 832 983 942 1030; x_wconf 88' lang='lat' dir='ltr'>contra</span> <span class='ocrx_word' id='word_1_28' title='bbox 969 987 1043 1030; x_wconf 88' lang='lat' dir='ltr'>eum</span> <span class='ocrx_word' id='word_1_29' title='bbox 1076 969 1172 1050; x_wconf 83' lang='lat' dir='ltr'>gessit</span> <span class='ocrx_word' id='word_1_30' title='bbox 1196 969 1346 1047; x_wconf 85' lang='lat' dir='ltr'><strong>obtinuit,</strong></span> <span class='ocrx_word' id='word_1_31' title='bbox 1378 969 1509 1051; x_wconf 86' lang='lat' dir='ltr'>ipseque</span> <span class='ocrx_word' id='word_1_32' title='bbox 1535 968 1707 1028; x_wconf 86' lang='lat' dir='ltr'>Emericus</span> 
     </span>
     <span class='ocr_line' id='line_1_4' title="bbox 444 1074 1708 1159; baseline -0.002 -23"><span class='ocrx_word' id='word_1_33' title='bbox 444 1075 605 1159; x_wconf 88' lang='lat' dir='ltr'>predictus</span> <span class='ocrx_word' id='word_1_34' title='bbox 629 1089 758 1157; x_wconf 92' lang='lat' dir='ltr'>propter</span> <span class='ocrx_word' id='word_1_35' title='bbox 785 1093 897 1136; x_wconf 88' lang='lat' dir='ltr'>ausum</span> <span class='ocrx_word' id='word_1_36' title='bbox 928 1075 1096 1136; x_wconf 80' lang='lat' dir='ltr'>temerarie</span> <span class='ocrx_word' id='word_1_37' title='bbox 1128 1074 1336 1156; x_wconf 79' lang='lat' dir='ltr'>effugationis</span> <span class='ocrx_word' id='word_1_38' title='bbox 1367 1075 1518 1136; x_wconf 82' lang='lat' dir='ltr'>remansit</span> <span class='ocrx_word' id='word_1_39' title='bbox 1548 1074 1650 1156; x_wconf 77' lang='lat' dir='ltr'>judici</span> <span class='ocrx_word' id='word_1_40' title='bbox 1676 1088 1708 1134; x_wconf 90' lang='lat' dir='ltr'>et</span> 
     </span>
     <span class='ocr_line' id='line_1_5' title="bbox 438 1181 1120 1264; baseline 0.001 -20"><span class='ocrx_word' id='word_1_41' title='bbox 438 1183 549 1264; x_wconf 90' lang='lat' dir='ltr'>juratis</span> <span class='ocrx_word' id='word_1_42' title='bbox 574 1184 606 1243; x_wconf 93' lang='lat' dir='ltr'>in</span> <span class='ocrx_word' id='word_1_43' title='bbox 630 1183 769 1264; x_wconf 85' lang='lat' dir='ltr'>birsagio</span> <span class='ocrx_word' id='word_1_44' title='bbox 794 1181 905 1243; x_wconf 91' lang='lat' dir='ltr'>decern</span> <span class='ocrx_word' id='word_1_45' title='bbox 931 1200 1120 1245; x_wconf 91' lang='lat' dir='ltr'>marcarum.</span> 
     </span>
    </p>
   </div>
   <div class='ocr_carea' id='block_1_2' title="bbox 459 1417 1688 1508">
    <p class='ocr_par' dir='ltr' id='par_1_2' title="bbox 459 1417 1688 1508">
     <span class='ocr_line' id='line_1_6' title="bbox 459 1417 1688 1508; baseline 0 -18"><span class='ocrx_word' id='word_1_46' title='bbox 459 1417 554 1490; x_wconf 87' lang='lat' dir='ltr'>Feria</span> <span class='ocrx_word' id='word_1_47' title='bbox 583 1427 681 1490; x_wconf 85' lang='lat' dir='ltr'>sexta</span> <span class='ocrx_word' id='word_1_48' title='bbox 709 1419 864 1508; x_wconf 87' lang='lat' dir='ltr'>proxima</span> <span class='ocrx_word' id='word_1_49' title='bbox 892 1426 968 1508; x_wconf 86' lang='lat' dir='ltr'>post</span> <span class='ocrx_word' id='word_1_50' title='bbox 995 1419 1118 1490; x_wconf 79' lang='lat' dir='ltr'>festum</span> <span class='ocrx_word' id='word_1_51' title='bbox 1151 1419 1240 1490; x_wconf 86' lang='lat' dir='ltr'>beati</span> <span class='ocrx_word' id='word_1_52' title='bbox 1269 1419 1495 1492; x_wconf 79' lang='lat' dir='ltr'>bartholomei</span> <span class='ocrx_word' id='word_1_53' title='bbox 1525 1420 1688 1508; x_wconf 86' lang='lat' dir='ltr'>apostoli.</span> 
     </span>
    </p>
   </div>
   <div class='ocr_carea' id='block_1_3' title="bbox 439 1586 1708 2199">
    <p class='ocr_par' dir='ltr' id='par_1_3' title="bbox 439 1586 1708 2199">
     <span class='ocr_line' id='line_1_7' title="bbox 547 1586 1708 1670; baseline -0.002 -20"><span class='ocrx_word' id='word_1_54' title='bbox 547 1588 624 1650; x_wconf 89' lang='lat' dir='ltr'>Item</span> <span class='ocrx_word' id='word_1_55' title='bbox 659 1586 751 1665; x_wconf 88' lang='lat' dir='ltr'>jurati</span> <span class='ocrx_word' id='word_1_56' title='bbox 783 1586 1057 1667; x_wconf 87' lang='lat' dir='ltr'>adjudicaverunt,</span> <span class='ocrx_word' id='word_1_57' title='bbox 1090 1587 1177 1670; x_wconf 91' lang='lat' dir='ltr'>quod</span> <span class='ocrx_word' id='word_1_58' title='bbox 1211 1588 1346 1670; x_wconf 88' lang='lat' dir='ltr'>Egidius</span> <span class='ocrx_word' id='word_1_59' title='bbox 1377 1589 1508 1670; x_wconf 89' lang='lat' dir='ltr'>jobagio</span> <span class='ocrx_word' id='word_1_60' title='bbox 1535 1587 1708 1650; x_wconf 81' lang='lat' dir='ltr'>Michaelis</span> 
     </span>
     <span class='ocr_line' id='line_1_8' title="bbox 441 1693 1706 1780; baseline -0.002 -22"><span class='ocrx_word' id='word_1_61' title='bbox 441 1697 566 1780; x_wconf 88' lang='lat' dir='ltr'>pridem</span> <span class='ocrx_word' id='word_1_62' title='bbox 598 1694 712 1776; x_wconf 84' lang='lat' dir='ltr'>judicis</span> <span class='ocrx_word' id='word_1_63' title='bbox 736 1693 792 1754; x_wconf 86' lang='lat' dir='ltr'>lilii</span> <span class='ocrx_word' id='word_1_64' title='bbox 826 1693 1003 1756; x_wconf 81' lang='lat' dir='ltr'>Sebastiani</span> <span class='ocrx_word' id='word_1_65' title='bbox 1035 1693 1075 1755; x_wconf 93' lang='lat' dir='ltr'>ad</span> <span class='ocrx_word' id='word_1_66' title='bbox 1107 1709 1255 1756; x_wconf 83' lang='lat' dir='ltr'>octavum</span> <span class='ocrx_word' id='word_1_67' title='bbox 1282 1695 1367 1756; x_wconf 93' lang='lat' dir='ltr'>diem</span> <span class='ocrx_word' id='word_1_68' title='bbox 1400 1694 1554 1757; x_wconf 85' lang='lat' dir='ltr'>hodierne</span> <span class='ocrx_word' id='word_1_69' title='bbox 1579 1694 1647 1756; x_wconf 89' lang='lat' dir='ltr'>diei</span> <span class='ocrx_word' id='word_1_70' title='bbox 1674 1695 1706 1755; x_wconf 94' lang='lat' dir='ltr'>in</span> 
     </span>
     <span class='ocr_line' id='line_1_9' title="bbox 441 1799 1708 1882; baseline -0.004 -17"><span class='ocrx_word' id='word_1_71' title='bbox 441 1803 525 1865; x_wconf 89' lang='lat' dir='ltr'>lacto</span> <span class='ocrx_word' id='word_1_72' title='bbox 549 1801 713 1882; x_wconf 88' lang='lat' dir='ltr'>sanguinis</span> <span class='ocrx_word' id='word_1_73' title='bbox 737 1813 847 1860; x_wconf 93' lang='lat' dir='ltr'>contra</span> <span class='ocrx_word' id='word_1_74' title='bbox 873 1799 1050 1881; x_wconf 85' lang='lat' dir='ltr'>Georgium</span> <span class='ocrx_word' id='word_1_75' title='bbox 1079 1799 1218 1880; x_wconf 90' lang='lat' dir='ltr'>juratum</span> <span class='ocrx_word' id='word_1_76' title='bbox 1250 1801 1441 1863; x_wconf 90' lang='lat' dir='ltr'>modernum</span> <span class='ocrx_word' id='word_1_77' title='bbox 1474 1801 1708 1862; x_wconf 87' lang='lat' dir='ltr'>secundusmet</span> 
     </span>
     <span class='ocr_line' id='line_1_10' title="bbox 439 1905 1707 1990; baseline -0.005 -18"><span class='ocrx_word' id='word_1_78' title='bbox 439 1929 511 1971; x_wconf 92' lang='lat' dir='ltr'>cum</span> <span class='ocrx_word' id='word_1_79' title='bbox 537 1908 707 1984; x_wconf 83' lang='lat' dir='ltr'>similibus,</span> <span class='ocrx_word' id='word_1_80' title='bbox 731 1907 830 1967; x_wconf 91' lang='lat' dir='ltr'>tercio</span> <span class='ocrx_word' id='word_1_81' title='bbox 851 1925 928 1968; x_wconf 86' lang='lat' dir='ltr'>vero</span> <span class='ocrx_word' id='word_1_82' title='bbox 945 1907 1033 1969; x_wconf 89' lang='lat' dir='ltr'>testis</span> <span class='ocrx_word' id='word_1_83' title='bbox 1052 1907 1252 1990; x_wconf 62' lang='lat' dir='ltr'>sanguilnih,</span> <span class='ocrx_word' id='word_1_84' title='bbox 1275 1926 1474 1989; x_wconf 81' lang='lat' dir='ltr'>superatam</span> <span class='ocrx_word' id='word_1_85' title='bbox 1499 1907 1595 1968; x_wconf 88' lang='lat' dir='ltr'>dehet</span> <span class='ocrx_word' id='word_1_86' title='bbox 1618 1905 1707 1986; x_wconf 82' lang='lat' dir='ltr'>jura-</span> 
     </span>
     <span class='ocr_line' id='line_1_11' title="bbox 439 2012 1706 2094; baseline -0.003 -17"><span class='ocrx_word' id='word_1_87' title='bbox 439 2029 582 2077; x_wconf 91' lang='lat' dir='ltr'>mentum</span> <span class='ocrx_word' id='word_1_88' title='bbox 616 2013 778 2094; x_wconf 88' lang='lat' dir='ltr'>deponere</span> <span class='ocrx_word' id='word_1_89' title='bbox 810 2031 905 2094; x_wconf 89' lang='lat' dir='ltr'>super</span> <span class='ocrx_word' id='word_1_90' title='bbox 937 2033 987 2091; x_wconf 90' lang='lat' dir='ltr'>eo,</span> <span class='ocrx_word' id='word_1_91' title='bbox 1019 2013 1107 2094; x_wconf 91' lang='lat' dir='ltr'>quod</span> <span class='ocrx_word' id='word_1_92' title='bbox 1140 2013 1226 2076; x_wconf 86' lang='lat' dir='ltr'>idern</span> <span class='ocrx_word' id='word_1_93' title='bbox 1252 2012 1412 2094; x_wconf 85' lang='lat' dir='ltr'>Georgius</span> <span class='ocrx_word' id='word_1_94' title='bbox 1442 2012 1564 2094; x_wconf 87' lang='lat' dir='ltr'>juratus</span> <span class='ocrx_word' id='word_1_95' title='bbox 1596 2013 1706 2094; x_wconf 90' lang='lat' dir='ltr'>ipsum</span> 
     </span>
     <span class='ocr_line' id='line_1_12' title="bbox 439 2118 1643 2199; baseline -0.002 -17"><span class='ocrx_word' id='word_1_96' title='bbox 439 2122 634 2182; x_wconf 86' lang='lat' dir='ltr'>verberasset</span> <span class='ocrx_word' id='word_1_97' title='bbox 656 2138 757 2199; x_wconf 90' lang='lat' dir='ltr'>usque</span> <span class='ocrx_word' id='word_1_98' title='bbox 781 2118 821 2179; x_wconf 86' lang='lat' dir='ltr'>ad</span> <span class='ocrx_word' id='word_1_99' title='bbox 845 2119 1010 2198; x_wconf 88' lang='lat' dir='ltr'>sanguinis</span> <span class='ocrx_word' id='word_1_100' title='bbox 1032 2118 1222 2180; x_wconf 80' lang='lat' dir='ltr'>effusionem</span> <span class='ocrx_word' id='word_1_101' title='bbox 1247 2120 1336 2181; x_wconf 91' lang='lat' dir='ltr'>omni</span> <span class='ocrx_word' id='word_1_102' title='bbox 1361 2139 1416 2180; x_wconf 89' lang='lat' dir='ltr'>sua</span> <span class='ocrx_word' id='word_1_103' title='bbox 1441 2119 1510 2180; x_wconf 91' lang='lat' dir='ltr'>sine</span> <span class='ocrx_word' id='word_1_104' title='bbox 1533 2118 1643 2199; x_wconf 92' lang='lat' dir='ltr'>culpa.</span> 
     </span>
    </p>
   </div>
   <div class='ocr_carea' id='block_1_4' title="bbox 440 2241 1705 2432">
    <p class='ocr_par' dir='ltr' id='par_1_4' title="bbox 440 2241 1705 2432">
     <span class='ocr_line' id='line_1_13' title="bbox 545 2241 1705 2305; baseline -0.003 -1"><span class='ocrx_word' id='word_1_105' title='bbox 545 2243 622 2305; x_wconf 90' lang='lat' dir='ltr'>ltem</span> <span class='ocrx_word' id='word_1_106' title='bbox 646 2241 798 2305; x_wconf 83' lang='lat' dir='ltr'>Clemens</span> <span class='ocrx_word' id='word_1_107' title='bbox 828 2255 916 2304; x_wconf 87' lang='lat' dir='ltr'>sutor</span> <span class='ocrx_word' id='word_1_108' title='bbox 940 2255 1049 2303; x_wconf 88' lang='lat' dir='ltr'>contra</span> <span class='ocrx_word' id='word_1_109' title='bbox 1081 2243 1223 2304; x_wconf 87' lang='lat' dir='ltr'>Blasium</span> <span class='ocrx_word' id='word_1_110' title='bbox 1255 2243 1401 2304; x_wconf 89' lang='lat' dir='ltr'>similiter</span> <span class='ocrx_word' id='word_1_111' title='bbox 1432 2255 1574 2305; x_wconf 92' lang='lat' dir='ltr'>sutorem</span> <span class='ocrx_word' id='word_1_112' title='bbox 1599 2241 1705 2302; x_wconf 87' lang='lat' dir='ltr'>filiurn</span> 
     </span>
     <span class='ocr_line' id='line_1_14' title="bbox 440 2347 1163 2432; baseline -0.003 -20"><span class='ocrx_word' id='word_1_113' title='bbox 440 2349 593 2432; x_wconf 89' lang='lat' dir='ltr'>Stephani</span> <span class='ocrx_word' id='word_1_114' title='bbox 616 2347 722 2432; x_wconf 92' lang='lat' dir='ltr'>primo</span> <span class='ocrx_word' id='word_1_115' title='bbox 746 2349 859 2409; x_wconf 86' lang='lat' dir='ltr'>citatus</span> <span class='ocrx_word' id='word_1_116' title='bbox 883 2367 949 2409; x_wconf 91' lang='lat' dir='ltr'>non</span> <span class='ocrx_word' id='word_1_117' title='bbox 973 2349 1163 2430; x_wconf 86' lang='lat' dir='ltr'>comparuit.</span> 
     </span>
    </p>
   </div>
   <div class='ocr_carea' id='block_1_5' title="bbox 439 2470 1707 3299">
    <p class='ocr_par' dir='ltr' id='par_1_5' title="bbox 439 2470 1707 3299">
     <span class='ocr_line' id='line_1_15' title="bbox 547 2470 1707 2553; baseline -0.002 -20"><span class='ocrx_word' id='word_1_118' title='bbox 547 2472 625 2533; x_wconf 91' lang='lat' dir='ltr'>ltem</span> <span class='ocrx_word' id='word_1_119' title='bbox 643 2470 749 2551; x_wconf 83' lang='lat' dir='ltr'>judex,</span> <span class='ocrx_word' id='word_1_120' title='bbox 766 2471 870 2551; x_wconf 90' lang='lat' dir='ltr'>jurati,</span> <span class='ocrx_word' id='word_1_121' title='bbox 886 2484 1017 2553; x_wconf 87' lang='lat' dir='ltr'>totaque</span> <span class='ocrx_word' id='word_1_122' title='bbox 1035 2471 1249 2533; x_wconf 89' lang='lat' dir='ltr'>communitas</span> <span class='ocrx_word' id='word_1_123' title='bbox 1266 2472 1403 2534; x_wconf 91' lang='lat' dir='ltr'>civitatis</span> <span class='ocrx_word' id='word_1_124' title='bbox 1421 2472 1707 2552; x_wconf 88' lang='lat' dir='ltr'>Montisgrecensis</span> 
     </span>
     <span class='ocr_line' id='line_1_16' title="bbox 439 2577 1707 2662; baseline -0.001 -21"><span class='ocrx_word' id='word_1_125' title='bbox 439 2579 505 2662; x_wconf 90' lang='lat' dir='ltr'>pari</span> <span class='ocrx_word' id='word_1_126' title='bbox 531 2593 561 2640; x_wconf 91' lang='lat' dir='ltr'>et</span> <span class='ocrx_word' id='word_1_127' title='bbox 585 2578 729 2639; x_wconf 90' lang='lat' dir='ltr'>unanimi</span> <span class='ocrx_word' id='word_1_128' title='bbox 753 2577 1002 2656; x_wconf 85' lang='lat' dir='ltr'>deliberacione,</span> <span class='ocrx_word' id='word_1_129' title='bbox 1027 2597 1185 2640; x_wconf 89' lang='lat' dir='ltr'>consensu</span> <span class='ocrx_word' id='word_1_130' title='bbox 1205 2593 1236 2639; x_wconf 88' lang='lat' dir='ltr'>et</span> <span class='ocrx_word' id='word_1_131' title='bbox 1252 2579 1416 2640; x_wconf 92' lang='lat' dir='ltr'>voluntate</span> <span class='ocrx_word' id='word_1_132' title='bbox 1442 2579 1658 2641; x_wconf 87' lang='lat' dir='ltr'>decreverunt</span> <span class='ocrx_word' id='word_1_133' title='bbox 1675 2593 1707 2640; x_wconf 90' lang='lat' dir='ltr'>et</span> 
     </span>
     <span class='ocr_line' id='line_1_17' title="bbox 439 2683 1707 2766; baseline -0.002 -19"><span class='ocrx_word' id='word_1_134' title='bbox 439 2686 681 2762; x_wconf 87' lang='lat' dir='ltr'>ordinaverunt,</span> <span class='ocrx_word' id='word_1_135' title='bbox 706 2683 794 2764; x_wconf 92' lang='lat' dir='ltr'>quod</span> <span class='ocrx_word' id='word_1_136' title='bbox 819 2684 937 2744; x_wconf 86' lang='lat' dir='ltr'>Paulus</span> <span class='ocrx_word' id='word_1_137' title='bbox 960 2683 1045 2745; x_wconf 89' lang='lat' dir='ltr'>filius</span> <span class='ocrx_word' id='word_1_138' title='bbox 1070 2685 1224 2746; x_wconf 85' lang='lat' dir='ltr'>lobannis</span> <span class='ocrx_word' id='word_1_139' title='bbox 1256 2687 1385 2746; x_wconf 89' lang='lat' dir='ltr'>sartoris</span> <span class='ocrx_word' id='word_1_140' title='bbox 1409 2699 1439 2746; x_wconf 91' lang='lat' dir='ltr'>et</span> <span class='ocrx_word' id='word_1_141' title='bbox 1463 2685 1606 2746; x_wconf 90' lang='lat' dir='ltr'>Briccius</span> <span class='ocrx_word' id='word_1_142' title='bbox 1640 2685 1707 2766; x_wconf 91' lang='lat' dir='ltr'>pis-</span> 
     </span>
     <span class='ocr_line' id='line_1_18' title="bbox 439 2789 1706 2854; baseline 0 -1"><span class='ocrx_word' id='word_1_143' title='bbox 439 2805 526 2854; x_wconf 93' lang='lat' dir='ltr'>cator</span> <span class='ocrx_word' id='word_1_144' title='bbox 549 2790 633 2852; x_wconf 89' lang='lat' dir='ltr'>lilius</span> <span class='ocrx_word' id='word_1_145' title='bbox 657 2789 812 2851; x_wconf 83' lang='lat' dir='ltr'>lobannis</span> <span class='ocrx_word' id='word_1_146' title='bbox 836 2790 974 2852; x_wconf 89' lang='lat' dir='ltr'>debeant</span> <span class='ocrx_word' id='word_1_147' title='bbox 998 2804 1029 2851; x_wconf 87' lang='lat' dir='ltr'>et</span> <span class='ocrx_word' id='word_1_148' title='bbox 1052 2791 1143 2852; x_wconf 89' lang='lat' dir='ltr'>liberi</span> <span class='ocrx_word' id='word_1_149' title='bbox 1169 2793 1232 2852; x_wconf 91' lang='lat' dir='ltr'>sint</span> <span class='ocrx_word' id='word_1_150' title='bbox 1256 2792 1401 2853; x_wconf 87' lang='lat' dir='ltr'>emittere</span> <span class='ocrx_word' id='word_1_151' title='bbox 1426 2791 1548 2853; x_wconf 88' lang='lat' dir='ltr'>canalia</span> <span class='ocrx_word' id='word_1_152' title='bbox 1574 2791 1614 2851; x_wconf 92' lang='lat' dir='ltr'>de</span> <span class='ocrx_word' id='word_1_153' title='bbox 1640 2791 1706 2853; x_wconf 90' lang='lat' dir='ltr'>cel·</span> 
     </span>
     <span class='ocr_line' id='line_1_19' title="bbox 440 2897 1706 2980; baseline -0.001 -21"><span class='ocrx_word' id='word_1_154' title='bbox 440 2898 526 2960; x_wconf 83' lang='lat' dir='ltr'>lnriis</span> <span class='ocrx_word' id='word_1_155' title='bbox 550 2915 662 2958; x_wconf 91' lang='lat' dir='ltr'>eorum</span> <span class='ocrx_word' id='word_1_156' title='bbox 687 2898 852 2979; x_wconf 86' lang='lat' dir='ltr'>perviam</span> <span class='ocrx_word' id='word_1_157' title='bbox 884 2909 915 2958; x_wconf 93' lang='lat' dir='ltr'>et</span> <span class='ocrx_word' id='word_1_158' title='bbox 945 2911 1061 2958; x_wconf 90' lang='lat' dir='ltr'>terram</span> <span class='ocrx_word' id='word_1_159' title='bbox 1093 2898 1255 2980; x_wconf 88' lang='lat' dir='ltr'>publicam</span> <span class='ocrx_word' id='word_1_160' title='bbox 1280 2911 1311 2959; x_wconf 88' lang='lat' dir='ltr'>et</span> <span class='ocrx_word' id='word_1_161' title='bbox 1335 2898 1417 2959; x_wconf 91' lang='lat' dir='ltr'>inter</span> <span class='ocrx_word' id='word_1_162' title='bbox 1448 2897 1581 2959; x_wconf 88' lang='lat' dir='ltr'>macella</span> <span class='ocrx_word' id='word_1_163' title='bbox 1615 2917 1706 2958; x_wconf 91' lang='lat' dir='ltr'>com-</span> 
     </span>
     <span class='ocr_line' id='line_1_20' title="bbox 440 3003 1706 3086; baseline -0.002 -20"><span class='ocrx_word' id='word_1_164' title='bbox 440 3005 606 3066; x_wconf 87' lang='lat' dir='ltr'>munitatis</span> <span class='ocrx_word' id='word_1_165' title='bbox 630 3024 724 3086; x_wconf 90' lang='lat' dir='ltr'>supra</span> <span class='ocrx_word' id='word_1_166' title='bbox 749 3003 842 3064; x_wconf 88' lang='lat' dir='ltr'>civile</span> <span class='ocrx_word' id='word_1_167' title='bbox 874 3004 966 3065; x_wconf 91' lang='lat' dir='ltr'>Jacus</span> <span class='ocrx_word' id='word_1_168' title='bbox 998 3005 1183 3065; x_wconf 88' lang='lat' dir='ltr'>kinterniste</span> <span class='ocrx_word' id='word_1_169' title='bbox 1208 3004 1247 3065; x_wconf 94' lang='lat' dir='ltr'>ad</span> <span class='ocrx_word' id='word_1_170' title='bbox 1280 3003 1487 3066; x_wconf 88' lang='lat' dir='ltr'>emittendam</span> <span class='ocrx_word' id='word_1_171' title='bbox 1520 3023 1639 3085; x_wconf 90' lang='lat' dir='ltr'>aquam</span> <span class='ocrx_word' id='word_1_172' title='bbox 1665 3005 1706 3064; x_wconf 89' lang='lat' dir='ltr'>de</span> 
     </span>
     <span class='ocr_line' id='line_1_21' title="bbox 439 3109 1706 3192; baseline -0.002 -20"><span class='ocrx_word' id='word_1_173' title='bbox 439 3111 576 3172; x_wconf 86' lang='lat' dir='ltr'>cellariis</span> <span class='ocrx_word' id='word_1_174' title='bbox 599 3111 664 3170; x_wconf 91' lang='lat' dir='ltr'>suis</span> <span class='ocrx_word' id='word_1_175' title='bbox 688 3111 808 3190; x_wconf 85' lang='lat' dir='ltr'>absque</span> <span class='ocrx_word' id='word_1_176' title='bbox 833 3110 921 3170; x_wconf 90' lang='lat' dir='ltr'>omni</span> <span class='ocrx_word' id='word_1_177' title='bbox 950 3109 1139 3191; x_wconf 90' lang='lat' dir='ltr'>preiudici0‚</span> <span class='ocrx_word' id='word_1_178' title='bbox 1173 3109 1314 3192; x_wconf 88' lang='lat' dir='ltr'>dampno</span> <span class='ocrx_word' id='word_1_179' title='bbox 1340 3125 1371 3172; x_wconf 90' lang='lat' dir='ltr'>et</span> <span class='ocrx_word' id='word_1_180' title='bbox 1394 3123 1589 3171; x_wconf 90' lang='lat' dir='ltr'>nocumento</span> <span class='ocrx_word' id='word_1_181' title='bbox 1613 3129 1706 3171; x_wconf 91' lang='lat' dir='ltr'>corn·</span> 
     </span>
     <span class='ocr_line' id='line_1_22' title="bbox 441 3215 1304 3299; baseline 0.001 -22"><span class='ocrx_word' id='word_1_182' title='bbox 441 3217 606 3278; x_wconf 89' lang='lat' dir='ltr'>munitatis</span> <span class='ocrx_word' id='word_1_183' title='bbox 630 3229 661 3278; x_wconf 91' lang='lat' dir='ltr'>et</span> <span class='ocrx_word' id='word_1_184' title='bbox 685 3216 784 3296; x_wconf 89' lang='lat' dir='ltr'>ipsius</span> <span class='ocrx_word' id='word_1_185' title='bbox 808 3215 901 3276; x_wconf 87' lang='lat' dir='ltr'>lacus</span> <span class='ocrx_word' id='word_1_186' title='bbox 926 3216 1112 3278; x_wconf 88' lang='lat' dir='ltr'>lrinterniste</span> <span class='ocrx_word' id='word_1_187' title='bbox 1137 3217 1304 3299; x_wconf 89' lang='lat' dir='ltr'>prenotati.</span> 
     </span>
    </p>
   </div>
   <div class='ocr_carea' id='block_1_6' title="bbox 439 3338 1703 3528">
    <p class='ocr_par' dir='ltr' id='par_1_6' title="bbox 439 3338 1703 3528">
     <span class='ocr_line' id='line_1_23' title="bbox 545 3338 1703 3423; baseline 0.002 -23"><span class='ocrx_word' id='word_1_188' title='bbox 545 3339 624 3401; x_wconf 88' lang='lat' dir='ltr'>ltem</span> <span class='ocrx_word' id='word_1_189' title='bbox 642 3338 780 3422; x_wconf 87' lang='lat' dir='ltr'>Jagycha</span> <span class='ocrx_word' id='word_1_190' title='bbox 794 3340 903 3400; x_wconf 89' lang='lat' dir='ltr'>relicta</span> <span class='ocrx_word' id='word_1_191' title='bbox 916 3340 1053 3400; x_wconf 90' lang='lat' dir='ltr'>condam</span> <span class='ocrx_word' id='word_1_192' title='bbox 1072 3340 1162 3401; x_wconf 89' lang='lat' dir='ltr'>Pauli</span> <span class='ocrx_word' id='word_1_193' title='bbox 1176 3340 1357 3423; x_wconf 85' lang='lat' dir='ltr'>Naglichyn</span> <span class='ocrx_word' id='word_1_194' title='bbox 1375 3353 1485 3403; x_wconf 90' lang='lat' dir='ltr'>contra</span> <span class='ocrx_word' id='word_1_195' title='bbox 1500 3339 1703 3423; x_wconf 89' lang='lat' dir='ltr'>Stephanum</span> 
     </span>
     <span class='ocr_line' id='line_1_24' title="bbox 439 3444 1275 3528; baseline 0.005 -24"><span class='ocrx_word' id='word_1_196' title='bbox 439 3444 563 3526; x_wconf 90' lang='lat' dir='ltr'>pridem</span> <span class='ocrx_word' id='word_1_197' title='bbox 588 3444 725 3524; x_wconf 90' lang='lat' dir='ltr'>juratum</span> <span class='ocrx_word' id='word_1_198' title='bbox 750 3445 855 3527; x_wconf 93' lang='lat' dir='ltr'>primo</span> <span class='ocrx_word' id='word_1_199' title='bbox 879 3445 972 3506; x_wconf 90' lang='lat' dir='ltr'>citata</span> <span class='ocrx_word' id='word_1_200' title='bbox 997 3465 1060 3506; x_wconf 93' lang='lat' dir='ltr'>non</span> <span class='ocrx_word' id='word_1_201' title='bbox 1087 3447 1275 3528; x_wconf 91' lang='lat' dir='ltr'>comparuit.</span> 
     </span>
    </p>
   </div>
   <div class='ocr_carea' id='block_1_7' title="bbox 439 3567 1705 3756">
    <p class='ocr_par' dir='ltr' id='par_1_7' title="bbox 439 3567 1705 3756">
     <span class='ocr_line' id='line_1_25' title="bbox 545 3567 1705 3632; baseline 0.002 -4"><span class='ocrx_word' id='word_1_202' title='bbox 545 3567 623 3629; x_wconf 87' lang='lat' dir='ltr'>ltem</span> <span class='ocrx_word' id='word_1_203' title='bbox 648 3567 809 3628; x_wconf 85' lang='lat' dir='ltr'>lohannes</span> <span class='ocrx_word' id='word_1_204' title='bbox 832 3569 999 3630; x_wconf 91' lang='lat' dir='ltr'>Jacomelli</span> <span class='ocrx_word' id='word_1_205' title='bbox 1031 3583 1140 3632; x_wconf 91' lang='lat' dir='ltr'>contra</span> <span class='ocrx_word' id='word_1_206' title='bbox 1173 3570 1336 3632; x_wconf 89' lang='lat' dir='ltr'>Thomam</span> <span class='ocrx_word' id='word_1_207' title='bbox 1368 3569 1470 3632; x_wconf 91' lang='lat' dir='ltr'>filium</span> <span class='ocrx_word' id='word_1_208' title='bbox 1496 3569 1619 3632; x_wconf 90' lang='lat' dir='ltr'>Franch</span> <span class='ocrx_word' id='word_1_209' title='bbox 1655 3591 1705 3631; x_wconf 89' lang='lat' dir='ltr'>se-</span> 
     </span>
     <span class='ocr_line' id='line_1_26' title="bbox 439 3673 985 3756; baseline 0.004 -22"><span class='ocrx_word' id='word_1_210' title='bbox 439 3673 545 3734; x_wconf 93' lang='lat' dir='ltr'>cundo</span> <span class='ocrx_word' id='word_1_211' title='bbox 571 3673 683 3734; x_wconf 89' lang='lat' dir='ltr'>citatus</span> <span class='ocrx_word' id='word_1_212' title='bbox 707 3693 772 3734; x_wconf 91' lang='lat' dir='ltr'>non</span> <span class='ocrx_word' id='word_1_213' title='bbox 796 3675 985 3756; x_wconf 86' lang='lat' dir='ltr'>comparuit.</span> 
     </span>
    </p>
   </div>
   <div class='ocr_carea' id='block_1_8' title="bbox 438 3797 1703 4306">
    <p class='ocr_par' dir='ltr' id='par_1_8' title="bbox 438 3797 1703 4092">
     <span class='ocr_line' id='line_1_27' title="bbox 547 3797 1703 3881; baseline 0.005 -24"><span class='ocrx_word' id='word_1_214' title='bbox 547 3797 624 3858; x_wconf 91' lang='lat' dir='ltr'>ltem</span> <span class='ocrx_word' id='word_1_215' title='bbox 650 3797 768 3858; x_wconf 88' lang='lat' dir='ltr'>Paulus</span> <span class='ocrx_word' id='word_1_216' title='bbox 791 3799 869 3859; x_wconf 92' lang='lat' dir='ltr'>alias</span> <span class='ocrx_word' id='word_1_217' title='bbox 893 3799 1100 3881; x_wconf 91' lang='lat' dir='ltr'>Zydouchich</span> <span class='ocrx_word' id='word_1_218' title='bbox 1118 3799 1221 3862; x_wconf 89' lang='lat' dir='ltr'>dictus</span> <span class='ocrx_word' id='word_1_219' title='bbox 1245 3816 1275 3862; x_wconf 89' lang='lat' dir='ltr'>et</span> <span class='ocrx_word' id='word_1_220' title='bbox 1297 3801 1489 3863; x_wconf 87' lang='lat' dir='ltr'>Benedictus</span> <span class='ocrx_word' id='word_1_221' title='bbox 1512 3800 1598 3862; x_wconf 91' lang='lat' dir='ltr'>filius</span> <span class='ocrx_word' id='word_1_222' title='bbox 1615 3801 1703 3863; x_wconf 90' lang='lat' dir='ltr'>Mar-</span> 
     </span>
     <span class='ocr_line' id='line_1_28' title="bbox 438 3902 1703 3987; baseline 0.002 -23"><span class='ocrx_word' id='word_1_223' title='bbox 438 3903 496 3964; x_wconf 90' lang='lat' dir='ltr'>tini</span> <span class='ocrx_word' id='word_1_224' title='bbox 522 3903 633 3964; x_wconf 89' lang='lat' dir='ltr'>Wdile</span> <span class='ocrx_word' id='word_1_225' title='bbox 651 3902 754 3965; x_wconf 89' lang='lat' dir='ltr'>dictus</span> <span class='ocrx_word' id='word_1_226' title='bbox 778 3919 887 3965; x_wconf 91' lang='lat' dir='ltr'>contra</span> <span class='ocrx_word' id='word_1_227' title='bbox 913 3905 1092 3986; x_wconf 81' lang='lat' dir='ltr'>Fabianum</span> <span class='ocrx_word' id='word_1_228' title='bbox 1110 3906 1270 3968; x_wconf 90' lang='lat' dir='ltr'>literatum</span> <span class='ocrx_word' id='word_1_229' title='bbox 1294 3906 1397 3968; x_wconf 90' lang='lat' dir='ltr'>lilium</span> <span class='ocrx_word' id='word_1_230' title='bbox 1422 3905 1577 3967; x_wconf 87' lang='lat' dir='ltr'>lobannis</span> <span class='ocrx_word' id='word_1_231' title='bbox 1594 3907 1703 3987; x_wconf 92' lang='lat' dir='ltr'>primo</span> 
     </span>
     <span class='ocr_line' id='line_1_29' title="bbox 439 4009 897 4092; baseline 0.007 -22"><span class='ocrx_word' id='word_1_232' title='bbox 439 4009 524 4071; x_wconf 89' lang='lat' dir='ltr'>citati</span> <span class='ocrx_word' id='word_1_233' title='bbox 549 4028 614 4070; x_wconf 93' lang='lat' dir='ltr'>non</span> <span class='ocrx_word' id='word_1_234' title='bbox 639 4025 897 4092; x_wconf 89' lang='lat' dir='ltr'>comparuerunt.</span> 
     </span>
    </p>

    <p class='ocr_par' dir='ltr' id='par_1_9' title="bbox 439 4115 1702 4306">
     <span class='ocr_line' id='line_1_30' title="bbox 547 4115 1702 4201; baseline 0.003 -25"><span class='ocrx_word' id='word_1_235' title='bbox 547 4115 623 4176; x_wconf 91' lang='lat' dir='ltr'>ltem</span> <span class='ocrx_word' id='word_1_236' title='bbox 650 4117 800 4178; x_wconf 87' lang='lat' dir='ltr'>Katerina</span> <span class='ocrx_word' id='word_1_237' title='bbox 818 4117 925 4178; x_wconf 90' lang='lat' dir='ltr'>relicta</span> <span class='ocrx_word' id='word_1_238' title='bbox 951 4118 1081 4200; x_wconf 88' lang='lat' dir='ltr'>Matbey</span> <span class='ocrx_word' id='word_1_239' title='bbox 1098 4119 1138 4180; x_wconf 90' lang='lat' dir='ltr'>de</span> <span class='ocrx_word' id='word_1_240' title='bbox 1156 4119 1315 4181; x_wconf 90' lang='lat' dir='ltr'>Kraleuch</span> <span class='ocrx_word' id='word_1_241' title='bbox 1339 4135 1449 4182; x_wconf 89' lang='lat' dir='ltr'>contra</span> <span class='ocrx_word' id='word_1_242' title='bbox 1466 4118 1702 4201; x_wconf 88' lang='lat' dir='ltr'>Margaretham</span> 
     </span>
     <span class='ocr_line' id='line_1_31' title="bbox 439 4221 1204 4306; baseline 0.008 -25"><span class='ocrx_word' id='word_1_243' title='bbox 439 4268 446 4282; x_wconf 97' lang='lat'>.</span> <span class='ocrx_word' id='word_1_244' title='bbox 472 4271 479 4283; x_wconf 94' lang='lat'>.</span> <span class='ocrx_word' id='word_1_245' title='bbox 504 4272 510 4283; x_wconf 93' lang='lat'>.</span> <span class='ocrx_word' id='word_1_246' title='bbox 536 4221 653 4282; x_wconf 90' lang='lat' dir='ltr'>dictam</span> <span class='ocrx_word' id='word_1_247' title='bbox 678 4224 782 4304; x_wconf 91' lang='lat' dir='ltr'>primo</span> <span class='ocrx_word' id='word_1_248' title='bbox 807 4224 900 4284; x_wconf 89' lang='lat' dir='ltr'>citata</span> <span class='ocrx_word' id='word_1_249' title='bbox 926 4243 989 4284; x_wconf 94' lang='lat' dir='ltr'>non</span> <span class='ocrx_word' id='word_1_250' title='bbox 1016 4225 1204 4306; x_wconf 90' lang='lat' dir='ltr'>comparuit.</span> 
     </span>
    </p>
   </div>
   <div class='ocr_carea' id='block_1_9' title="bbox 438 4347 1700 4537">
    <p class='ocr_par' dir='ltr' id='par_1_10' title="bbox 438 4347 1700 4537">
     <span class='ocr_line' id='line_1_32' title="bbox 543 4347 1700 4432; baseline 0.003 -25"><span class='ocrx_word' id='word_1_251' title='bbox 543 4347 621 4408; x_wconf 90' lang='lat' dir='ltr'>ltem</span> <span class='ocrx_word' id='word_1_252' title='bbox 645 4348 836 4409; x_wconf 88' lang='lat' dir='ltr'>Valentinus</span> <span class='ocrx_word' id='word_1_253' title='bbox 853 4350 884 4409; x_wconf 91' lang='lat' dir='ltr'>in</span> <span class='ocrx_word' id='word_1_254' title='bbox 909 4349 1008 4410; x_wconf 93' lang='lat' dir='ltr'>domo</span> <span class='ocrx_word' id='word_1_255' title='bbox 1032 4350 1169 4411; x_wconf 88' lang='lat' dir='ltr'>condam</span> <span class='ocrx_word' id='word_1_256' title='bbox 1187 4351 1342 4432; x_wconf 83' lang='lat' dir='ltr'>lagodicb</span> <span class='ocrx_word' id='word_1_257' title='bbox 1367 4371 1570 4412; x_wconf 91' lang='lat' dir='ltr'>commorans</span> <span class='ocrx_word' id='word_1_258' title='bbox 1588 4365 1700 4412; x_wconf 88' lang='lat' dir='ltr'>contra</span> 
     </span>
     <span class='ocr_line' id='line_1_33' title="bbox 438 4452 1287 4537; baseline 0.004 -22"><span class='ocrx_word' id='word_1_259' title='bbox 438 4452 614 4536; x_wconf 88' lang='lat' dir='ltr'>Georgium</span> <span class='ocrx_word' id='word_1_260' title='bbox 641 4504 647 4515; x_wconf 96' lang='lat'>.</span> <span class='ocrx_word' id='word_1_261' title='bbox 675 4507 680 4518; x_wconf 92' lang='lat'>.</span> <span class='ocrx_word' id='word_1_262' title='bbox 709 4455 845 4536; x_wconf 81' lang='lat' dir='ltr'>,primo</span> <span class='ocrx_word' id='word_1_263' title='bbox 870 4455 983 4516; x_wconf 88' lang='lat' dir='ltr'>citatus</span> <span class='ocrx_word' id='word_1_264' title='bbox 1008 4477 1072 4517; x_wconf 92' lang='lat' dir='ltr'>non</span> <span class='ocrx_word' id='word_1_265' title='bbox 1097 4457 1287 4537; x_wconf 89' lang='lat' dir='ltr'>comparuit.</span> 
     </span>
    </p>
   </div>
   <div class='ocr_carea' id='block_1_10' title="bbox 437 4577 1701 5084">
    <p class='ocr_par' dir='ltr' id='par_1_11' title="bbox 437 4577 1701 5084">
     <span class='ocr_line' id='line_1_34' title="bbox 544 4577 1701 4664; baseline 0.003 -26"><span class='ocrx_word' id='word_1_266' title='bbox 544 4577 621 4639; x_wconf 90' lang='lat' dir='ltr'>ltem</span> <span class='ocrx_word' id='word_1_267' title='bbox 654 4578 747 4658; x_wconf 90' lang='lat' dir='ltr'>jurati</span> <span class='ocrx_word' id='word_1_268' title='bbox 767 4579 1041 4659; x_wconf 83' lang='lat' dir='ltr'>adjudicaverunt,</span> <span class='ocrx_word' id='word_1_269' title='bbox 1067 4581 1154 4660; x_wconf 89' lang='lat' dir='ltr'>quod</span> <span class='ocrx_word' id='word_1_270' title='bbox 1173 4579 1333 4662; x_wconf 90' lang='lat' dir='ltr'>Georgius</span> <span class='ocrx_word' id='word_1_271' title='bbox 1349 4595 1450 4644; x_wconf 89' lang='lat' dir='ltr'>sartor</span> <span class='ocrx_word' id='word_1_272' title='bbox 1467 4581 1552 4643; x_wconf 91' lang='lat' dir='ltr'>filius</span> <span class='ocrx_word' id='word_1_273' title='bbox 1570 4580 1701 4664; x_wconf 83' lang='lat' dir='ltr'>Mathye</span> 
     </span>
     <span class='ocr_line' id='line_1_35' title="bbox 439 4683 1701 4769; baseline 0.005 -25"><span class='ocrx_word' id='word_1_274' title='bbox 439 4683 590 4746; x_wconf 91' lang='lat' dir='ltr'>institoris</span> <span class='ocrx_word' id='word_1_275' title='bbox 615 4698 723 4745; x_wconf 89' lang='lat' dir='ltr'>contra</span> <span class='ocrx_word' id='word_1_276' title='bbox 749 4685 940 4746; x_wconf 89' lang='lat' dir='ltr'>Michaelem</span> <span class='ocrx_word' id='word_1_277' title='bbox 965 4686 1109 4747; x_wconf 87' lang='lat' dir='ltr'>italicum</span> <span class='ocrx_word' id='word_1_278' title='bbox 1134 4687 1285 4748; x_wconf 90' lang='lat' dir='ltr'>claudum</span> <span class='ocrx_word' id='word_1_279' title='bbox 1304 4689 1335 4748; x_wconf 91' lang='lat' dir='ltr'>in</span> <span class='ocrx_word' id='word_1_280' title='bbox 1361 4687 1445 4750; x_wconf 88' lang='lat' dir='ltr'>lacto</span> <span class='ocrx_word' id='word_1_281' title='bbox 1469 4689 1635 4769; x_wconf 88' lang='lat' dir='ltr'>sanguinis</span> <span class='ocrx_word' id='word_1_282' title='bbox 1652 4709 1701 4750; x_wconf 91' lang='lat' dir='ltr'>se·</span> 
     </span>
     <span class='ocr_line' id='line_1_36' title="bbox 437 4790 1698 4873; baseline 0.003 -23"><span class='ocrx_word' id='word_1_283' title='bbox 437 4790 543 4851; x_wconf 92' lang='lat' dir='ltr'>cundo</span> <span class='ocrx_word' id='word_1_284' title='bbox 568 4810 601 4851; x_wconf 89' lang='lat' dir='ltr'>se</span> <span class='ocrx_word' id='word_1_285' title='bbox 625 4791 794 4868; x_wconf 89' lang='lat' dir='ltr'>similibus,</span> <span class='ocrx_word' id='word_1_286' title='bbox 819 4792 917 4852; x_wconf 90' lang='lat' dir='ltr'>tercio</span> <span class='ocrx_word' id='word_1_287' title='bbox 943 4805 1021 4853; x_wconf 86' lang='lat' dir='ltr'>teste</span> <span class='ocrx_word' id='word_1_288' title='bbox 1052 4792 1218 4873; x_wconf 87' lang='lat' dir='ltr'>sanguine,</span> <span class='ocrx_word' id='word_1_289' title='bbox 1243 4793 1339 4854; x_wconf 90' lang='lat' dir='ltr'>hodie</span> <span class='ocrx_word' id='word_1_290' title='bbox 1372 4793 1412 4854; x_wconf 92' lang='lat' dir='ltr'>ad</span> <span class='ocrx_word' id='word_1_291' title='bbox 1437 4807 1586 4855; x_wconf 91' lang='lat' dir='ltr'>octavum</span> <span class='ocrx_word' id='word_1_292' title='bbox 1612 4793 1698 4854; x_wconf 92' lang='lat' dir='ltr'>diem</span> 
     </span>
     <span class='ocr_line' id='line_1_37' title="bbox 437 4896 1700 4982; baseline 0.005 -27"><span class='ocrx_word' id='word_1_293' title='bbox 437 4915 532 4976; x_wconf 89' lang='lat' dir='ltr'>super</span> <span class='ocrx_word' id='word_1_294' title='bbox 556 4915 642 4957; x_wconf 88' lang='lat' dir='ltr'>aram</span> <span class='ocrx_word' id='word_1_295' title='bbox 668 4896 762 4957; x_wconf 88' lang='lat' dir='ltr'>debet</span> <span class='ocrx_word' id='word_1_296' title='bbox 787 4896 1001 4978; x_wconf 86' lang='lat' dir='ltr'>juramentum</span> <span class='ocrx_word' id='word_1_297' title='bbox 1034 4899 1195 4979; x_wconf 89' lang='lat' dir='ltr'>deponere</span> <span class='ocrx_word' id='word_1_298' title='bbox 1219 4920 1314 4982; x_wconf 90' lang='lat' dir='ltr'>super</span> <span class='ocrx_word' id='word_1_299' title='bbox 1346 4921 1395 4978; x_wconf 90' lang='lat' dir='ltr'>eo,</span> <span class='ocrx_word' id='word_1_300' title='bbox 1422 4899 1510 4981; x_wconf 89' lang='lat' dir='ltr'>quod</span> <span class='ocrx_word' id='word_1_301' title='bbox 1537 4901 1605 4982; x_wconf 91' lang='lat' dir='ltr'>ipsa</span> <span class='ocrx_word' id='word_1_302' title='bbox 1630 4921 1700 4962; x_wconf 87' lang='lat' dir='ltr'>san·</span> 
     </span>
     <span class='ocr_line' id='line_1_38' title="bbox 438 5002 1362 5084; baseline 0.008 -23"><span class='ocrx_word' id='word_1_303' title='bbox 438 5002 544 5081; x_wconf 86' lang='lat' dir='ltr'>guinis</span> <span class='ocrx_word' id='word_1_304' title='bbox 569 5002 681 5063; x_wconf 86' lang='lat' dir='ltr'>effusio</span> <span class='ocrx_word' id='word_1_305' title='bbox 705 5005 744 5063; x_wconf 90' lang='lat' dir='ltr'>ab</span> <span class='ocrx_word' id='word_1_306' title='bbox 770 5004 838 5084; x_wconf 90' lang='lat' dir='ltr'>ipso</span> <span class='ocrx_word' id='word_1_307' title='bbox 864 5004 1020 5065; x_wconf 90' lang='lat' dir='ltr'>Michaele</span> <span class='ocrx_word' id='word_1_308' title='bbox 1044 5006 1102 5065; x_wconf 89' lang='lat' dir='ltr'>sibi</span> <span class='ocrx_word' id='word_1_309' title='bbox 1129 5006 1216 5067; x_wconf 91' lang='lat' dir='ltr'>illata</span> <span class='ocrx_word' id='word_1_310' title='bbox 1242 5005 1362 5068; x_wconf 89' lang='lat' dir='ltr'>fuisset.</span> 
     </span>
    </p>
   </div>
   <div class='ocr_carea' id='block_1_11' title="bbox 0 0 1902 5812">
    <p class='ocr_par' dir='ltr' id='par_1_12' title="bbox 0 0 1902 5812">
     <span class='ocr_line' id='line_1_39' title="bbox 0 0 1902 5812; baseline 0 0"><span class='ocrx_word' id='word_1_311' title='bbox 0 0 1902 5812; x_wconf 95' lang='lat' dir='ltr'> </span> 
     </span>
    </p>
   </div>
  </div>
 </body>
</html>
