3876 5798
433 746 488 806 die
513 747 728 827 deposicionis
753 745 896 827 ipsorum
922 744 1173 818 juramentorum
1191 746 1231 808 de
1256 747 1381 809 civitate
1406 748 1547 830 predicta
1571 745 1697 808 eteius

429 851 589 912 territorio
617 871 690 913 curn
714 871 813 914 uxore
838 865 869 914 et
893 851 999 933 pueris
1023 852 1088 913 suis
1112 854 1246 934 aufugit.

466 1087 562 1161 Feria
590 1099 689 1161 sexta
717 1093 871 1178 proxima
900 1101 977 1180 post
1004 1091 1126 1162 festum
1156 1092 1375 1164 Visitacionls
1404 1093 1499 1163 beate
1527 1112 1658 1182 semper

920 1217 1207 1304 nmmshmh

982 1383 1026 1464 (3.
1043 1385 1144 1466 julia).

540 1541 616 1603 Item
642 1543 734 1624 jurati
760 1543 1025 1624 adjudicaverunt
1041 1563 1168 1606 causam
1187 1544 1318 1628 Georgii
1343 1545 1494 1608 aurifabri
1520 1561 1550 1608 et
1567 1545 1695 1608 Nicolai

430 1648 548 1708 literati
583 1649 639 1710 tali
672 1649 782 1726 modo,
811 1665 845 1710 ut
877 1651 943 1733 ipse
977 1631 1128 1712 Nicolaus
1159 1652 1301 1713 literatus
1325 1653 1394 1714 sola
1425 1673 1481 1714 sua
1503 1653 1535 1714 in
1560 1673 1696 1736 persona

430 1767 544 1815 octavo
571 1754 623 1816 die
648 1775 742 1837 super
776 1775 862 1817 aram
894 1769 1001 1818 sancte
1034 1757 1146 1819 Crucis
1171 1772 1279 1820 contra
1312 1759 1492 1841 predictum
1518 1758 1695 1840 Georgium

430 1859 643 1938 aurifabrum,
667 1873 813 1943 presente
838 1881 903 1924 uno
936 1882 973 1923 ex
998 1862 1118 1942 juratis,
1151 1863 1253 1946 jurare
1277 1865 1438 1926 tenebitur
1468 1885 1562 1947 super
1587 1885 1636 1942 e0,
1660 1877 1698 1926 ut

435 1967 501 2049 ipse
527 1967 681 2028 Nicolaus
711 1968 854 2030 literatus
885 1989 939 2030 sex
970 1968 1040 2030 flor.
1071 1971 1139 2031 auri
1171 1971 1230 2052 ipsi
1264 1970 1405 2052 Georgio
1438 1969 1610 2050 aurifabr0,
1639 1971 1696 2052 qui

430 2074 561 2134 eosdem
585 2093 638 2134 sex
662 2073 732 2136 flor.
757 2075 826 2136 auri
851 2075 910 2156 ipsi
944 2075 1080 2137 Nicolao
1105 2077 1231 2139 literato
1262 2077 1479 2156 concessisset,
1503 2078 1584 2138 sicut
1607 2077 1694 2138 idem

431 2177 592 2260 Georgius
617 2178 777 2241 aurifaber
808 2181 971 2242 accionem
1005 2201 1094 2243 suam
1121 2196 1230 2244 contra
1264 2183 1402 2244 eundem
1429 2183 1599 2245 Nicolaum
1623 2183 1696 2244 lite·

432 2299 534 2346 ratum
560 2287 772 2367 proponebat,
797 2287 902 2348 eidem
925 2286 1067 2369 Georgio
1085 2287 1245 2350 aurifabro
1270 2291 1427 2352 debitorie
1443 2310 1508 2352 non
1534 2290 1697 2370 obligatur

432 2411 489 2453 nec
514 2392 581 2474 ipse
607 2391 767 2474 Georgius
792 2394 923 2455 eosdem
947 2415 999 2455 sex
1028 2395 1096 2457 flor.
1122 2396 1191 2458 auri
1224 2397 1282 2478 ipsi
1307 2397 1443 2458 Nicolao
1468 2395 1592 2458 literato
1617 2416 1695 2457 con-

430 2499 582 2578 cessisset,
606 2499 661 2559 sed
687 2499 717 2560 in
743 2501 833 2562 totali
858 2501 988 2562 accione
1005 2515 1036 2562 et
1059 2503 1275 2583 acquisicione
1292 2503 1391 2584 ipsius
1416 2501 1549 2584 Georgii
1579 2503 1696 2564 actoris

430 2607 583 2668 innocens
608 2618 690 2668 esset
714 2607 841 2688 penitus
864 2623 895 2670 et
919 2609 1079 2670 innoxius.

536 2731 614 2792 ltem
639 2751 768 2792 causam
794 2731 881 2793 Galli
909 2733 1098 2815 Fermelych
1123 2733 1163 2794 de
1196 2734 1356 2817 Pobresya
1380 2734 1427 2818 (ut
1449 2735 1586 2818 actoris),
1613 2736 1696 2797 inter

431 2836 534 2916 ipsum
553 2851 583 2898 et
599 2837 680 2898 inter
701 2836 894 2918 Gregorium
912 2838 1050 2920 juratum
1074 2859 1229 2921 generum
1247 2841 1331 2903 Petri
1349 2841 1565 2925 Wrecharycb
1584 2861 1693 2904 coram

430 2941 542 3022 juratis
559 2955 691 3022 motam,
716 2944 808 3025 probi
827 2959 857 3004 et
873 2943 999 3006 honesti
1024 2946 1082 3006 viri
1107 2946 1256 3008 videlicet
1274 2947 1419 3031 Mathyas
1435 2969 1533 3029 gener
1549 2949 1694 3029 magistri

434 3049 587 3131 Stephani
613 3049 779 3132 Rakarych
804 3071 876 3112 curn
906 3052 1002 3113 sociis
1026 3053 1091 3112 suis
1115 3053 1154 3113 ad
1187 3053 1327 3135 primum
1351 3052 1507 3135 judicium
1532 3074 1590 3136 pro
1613 3074 1693 3137 pace

435 3154 540 3216 fierrda
565 3156 696 3237 exlege
722 3157 999 3219 consuetudinaria
1024 3158 1159 3220 civitatis
1183 3158 1323 3240 predicte
1348 3176 1570 3242 prorogarunt.

540 3263 617 3324 Item
644 3263 755 3324 Petrus
779 3284 861 3325 unus
878 3279 908 3324 et
932 3264 1010 3325 alter
1027 3265 1138 3326 Petrus
1161 3280 1284 3328 sutores
1301 3281 1410 3328 contra
1436 3267 1599 3349 Mathyam
1616 3268 1697 3329 alias

432 3389 604 3430 rreconem
631 3369 726 3430 hodie
751 3370 855 3450 primo
879 3371 964 3432 citati
990 3390 1056 3432 non
1081 3386 1339 3454 comparuerunt.

541 3493 617 3555 Item
643 3493 761 3554 Paulus
784 3505 873 3555 sutor
896 3494 999 3556 dictus
1024 3496 1158 3579 Kopryn
1183 3511 1292 3558 contra
1318 3497 1517 3579 Stephanum
1541 3498 1695 3579 juratum,

432 3614 574 3661 sutorem
599 3599 718 3660 dictum
745 3599 871 3682 Rosych
897 3602 1000 3682 primo
1024 3603 1137 3663 citatus
1161 3622 1225 3664 non
1255 3605 1444 3684 comparuit.

538 3705 614 3767 ltent
641 3705 817 3786 Gregorius
842 3708 918 3768 Mali
952 3721 1061 3770 contra
1086 3709 1252 3770 Vrbanum
1283 3725 1425 3771 sutorem
1449 3711 1554 3792 primo
1579 3711 1695 3772 citatus

433 3832 497 3873 non
522 3813 711 3893 comparuit.

538 3919 615 3980 ltem
649 3919 766 3979 Paulus
791 3918 875 3980 filius
904 3921 1057 3981 Anthonii
1091 3921 1129 3982 de
1155 3922 1347 3985 Deschewcz
1378 3936 1466 3984 sexto
1491 3943 1523 3984 se
1548 3923 1696 4005 personis

432 4025 492 4085 sibi
518 4025 677 4086 similibus
701 4039 813 4086 octavo
839 4026 890 4086 die
916 4027 946 4088 in
972 4029 1103 4089 ecclesia
1129 4029 1211 4090 beati
1243 4029 1339 4090 Marci
1370 4029 1574 4108 ewangeliste
1599 4048 1697 4110 super

433 4151 519 4191 ararn
546 4145 652 4192 sancte
678 4130 790 4192 Crucis
824 4147 931 4193 contra
959 4135 1190 4214 Margaretham
1223 4135 1321 4196 filiam
1347 4135 1500 4216 Stephani
1526 4135 1565 4196 de
1590 4135 1697 4196 Jabla-

434 4256 544 4298 nowcz
569 4236 671 4316 jurare
695 4239 855 4299 tenebitur
879 4259 974 4319 super
998 4259 1036 4299 eo
1061 4259 1117 4321 per
1149 4240 1423 4322 adjudicationem
1450 4242 1636 4323 iuratorum,
1661 4256 1698 4304 ut

434 4343 500 4423 ipse
519 4344 550 4402 in
573 4344 793 4404 subtraccione
811 4344 916 4425 supari
934 4345 1032 4425 vulgo
1051 4346 1194 4428 surlycza
1212 4347 1316 4408 vocati
1341 4360 1371 4408 et
1395 4348 1532 4409 aliorum
1557 4348 1697 4409 vestium

436 4450 579 4531 predicte
604 4451 802 4529 Margarethe
835 4451 978 4511 mulieris
1010 4471 1074 4511 non
1108 4465 1154 4512 est
1181 4453 1339 4534 particeps
1365 4473 1421 4514 uec
1455 4454 1611 4532 conscius,
1636 4473 1698 4515 nec

436 4557 503 4637 ipse
528 4557 654 4617 easdem
674 4569 777 4618 vestes
794 4558 892 4638 ipsius
909 4559 1123 4636 subtraxisset,
1147 4558 1201 4618 sed
1220 4559 1250 4619 in
1269 4559 1358 4621 totali
1376 4561 1507 4622 accione
1532 4575 1563 4623 et
1586 4562 1697 4643 acqui·

432 4663 552 4724 sicione
577 4663 675 4743 ipsius
699 4663 821 4723 actricis
845 4677 926 4725 esset
951 4665 1076 4745 penitus
1101 4665 1259 4726 innoxius.

541 4785 619 4846 ltem
645 4787 811 4848 Emericus
834 4785 922 4849 faber
955 4789 1057 4850 dictus
1090 4791 1212 4851 Ztanko
1244 4805 1352 4852 contra
1380 4791 1516 4852 Paulum
1549 4791 1699 4853 similiter

434 4890 557 4953 fabrum
590 4893 750 4954 tenebitur
782 4893 821 4953 ad
853 4895 993 4975 primurn
1024 4895 1179 4974 judicium
1205 4897 1348 4978 proxime
1381 4917 1534 4960 occurens
1570 4897 1698 4978 justicie

434 5017 543 5080 parere
569 5011 599 5058 et
622 4999 681 5080 ipsi
708 5000 807 5061 Paulo
832 5001 871 5061 ad
897 5002 1061 5062 accionem
1083 5022 1173 5063 suam
1198 5003 1401 5086 respondere.
