3740 5810
580 551 666 609 Anno
685 565 774 629 1431.
799 585 842 596 —
862 547 915 611 28.
939 554 1067 626 augusti.
1392 573 1448 635 143

289 760 367 822 Item
400 762 474 843 quia
506 761 697 824 Valentinus
729 761 814 824 filius
845 762 1000 824 Johannis
1031 763 1261 844 juramentum,
1292 765 1380 847 quod
1414 767 1445 826 in

180 886 277 929 causa
306 881 338 930 et
367 865 452 930 iacto
476 868 559 930 inter
590 869 730 931 eundem
763 883 797 932 ut
827 869 859 930 in
884 889 1012 932 causam
1042 884 1222 948 attractum,
1261 886 1293 934 et
1319 872 1449 933 Petrum

180 973 307 1054 pridem
333 973 473 1054 juratum
507 973 609 1036 filium
641 975 725 1036 Petri
751 974 873 1056 Saphar
904 987 938 1036 ut
962 989 1112 1052 actorem,
1147 976 1272 1058 pridem
1297 976 1448 1039 videlicet

180 1079 260 1142 leria
286 1096 372 1142 sexta
395 1081 539 1163 proxima
565 1096 636 1143 ante
662 1081 777 1144 festum
805 1081 987 1144 Nativitatis
1015 1083 1100 1146 beati
1128 1082 1283 1146 Iohannis
1307 1083 1450 1165 Baptista

179 1200 249 1248 erat
281 1207 440 1269 supereo
472 1187 702 1270 adjudicatum,
734 1203 769 1249 ut
800 1189 867 1271 ipse
891 1189 1081 1250 Valentinus
1113 1189 1145 1250 in
1183 1191 1277 1250 rebus
1301 1203 1332 1252 et
1357 1191 1450 1252 bonis

181 1293 323 1356 condam
348 1294 477 1356 Andree
494 1293 609 1376 judicis
632 1293 689 1356 filii
706 1293 820 1376 prelati
847 1295 932 1357 Petri
950 1294 1073 1378 Saphar
1097 1293 1201 1357 fratris
1224 1295 1358 1358 senioris
1374 1295 1448 1360 dicti

179 1399 268 1462 Petri
292 1399 385 1480 jurati
410 1414 442 1462 et
467 1400 612 1463 eiusdem
638 1401 721 1462 Petri
744 1400 850 1483 jurati,
874 1402 1003 1464 nullum
1033 1402 1208 1480 dampnum
1234 1423 1292 1464 nec
1316 1403 1449 1485 aliquod

179 1501 381 1568 lurticinium
412 1526 469 1568 seu
501 1520 732 1568 nocumentum
765 1506 946 1586 intullisset,
978 1507 1033 1568 sed
1067 1509 1098 1568 in
1131 1508 1223 1571 totali
1257 1509 1387 1572 accione
1419 1524 1449 1572 et

181 1613 401 1694 acquisicione
427 1613 526 1696 ipsius
550 1614 634 1676 Petri
658 1612 752 1694 jurati
784 1614 940 1676 innocens
964 1627 1045 1675 esset
1077 1628 1108 1675 et
1132 1615 1288 1694 inmunis,
1313 1616 1448 1698 prestitit

180 1732 212 1780 et
238 1718 390 1801 deposuit
420 1721 548 1802 penitus
579 1733 615 1782 ut
641 1720 764 1800 debuit,
796 1721 934 1802 ideoque
966 1723 1033 1804 ipse
1062 1721 1173 1784 Petrus
1206 1722 1328 1802 juratus
1352 1722 1448 1786 frater

181 1825 292 1906 junior
305 1825 380 1889 dicti
393 1827 523 1890 Andree
539 1825 655 1909 judicia
675 1839 864 1890 annotatum
878 1827 1086 1890 Valentinum
1101 1829 1132 1890 in
1147 1849 1276 1890 causam
1291 1843 1446 1892 attactum

181 1933 317 1995 racione
340 1947 405 1996 tam
429 1932 643 2016 predictarum
670 1953 776 1996 rerum
801 1947 831 1995 et
855 1933 1015 1996 bonorum
1040 1933 1154 2016 prelati
1179 1935 1307 1997 Andree
1332 1935 1447 2016 judicis

179 2059 281 2122 quam
307 2041 408 2102 eciam
432 2059 577 2119 suorum,
594 2059 705 2123 ymmo
722 2039 875 2123 premisse
899 2041 1008 2102 totalis
1024 2041 1164 2102 accionis
1180 2056 1211 2103 et
1224 2043 1448 2124 acquisicionis

178 2167 249 2227 sue,
275 2148 315 2208 de
341 2148 480 2225 racione,
505 2145 588 2210 lacto
613 2160 643 2208 et
667 2166 761 2208 causa
786 2147 947 2229 premissis
976 2145 1117 2210 reddidit
1141 2159 1172 2209 et
1194 2149 1356 2210 commisit
1380 2147 1446 2212 lore

181 2255 383 2336 expeditum,
407 2255 601 2338 quinymmo
625 2253 738 2316 eedem
762 2266 877 2336 partes,
906 2253 1055 2316 videlicet
1086 2255 1197 2317 Petrus
1221 2269 1309 2317 actor
1332 2269 1363 2318 et
1386 2257 1447 2318 Va·

179 2361 326 2424 lentinus
351 2362 381 2423 iu
407 2381 536 2423 causam
561 2373 698 2422 attactus
720 2379 787 2422 sese
817 2373 927 2421 mutua
959 2359 1179 2424 vicissitudine
1204 2361 1324 2424 scilicet
1349 2361 1446 2424 altera

179 2467 317 2530 alteram
341 2467 461 2529 amodo
486 2480 518 2530 et
541 2467 692 2549 deinceps
708 2486 745 2528 ac
769 2465 801 2528 in
827 2480 991 2548 posterum
1008 2481 1164 2548 perpetuo
1189 2465 1272 2529 lacto
1297 2482 1327 2530 et
1352 2453 1445 2530 causa

179 2575 213 2638 iu
239 2575 393 2658 predictis
417 2574 627 2637 reddiderunt
663 2587 694 2636 et
723 2573 955 2636 commiserunt
986 2573 1160 2655 expeditas,
1192 2589 1390 2638 assumentes
1413 2595 1447 2638 se

180 2681 305 2744 amodo
331 2695 362 2742 et
385 2682 416 2742 in
441 2695 604 2762 posterum
622 2692 733 2742 mutua
756 2677 972 2740 vicissitudine
990 2677 1165 2740 honorifice
1183 2692 1214 2740 et
1237 2681 1448 2744 amicabiliter

178 2809 218 2849 ac
241 2786 462 2850 favorabiliter
485 2789 659 2850 confovere
682 2783 812 2868 pacifice
837 2797 868 2846 et
891 2785 1010 2866 quiete.

289 2893 368 2956 ltem
392 2893 468 2976 quis
492 2891 637 2954 Andreas
661 2889 746 2953 filius
763 2890 847 2952 Petri
871 2890 1030 2953 habitator
1054 2891 1138 2953 dicte
1163 2891 1299 2954 civitatis
1323 2891 1354 2953 id
1373 2911 1445 2954 cum

178 3000 354 3064 sufficienti
388 3014 418 3061 et
449 2998 615 3080 fidedigno
645 3011 827 3060 nostrorum
862 2997 1043 3058 concivium
1084 2997 1272 3059 testimonio
1308 2998 1339 3060 in
1371 2998 1446 3061 sede

179 3123 291 3173 nostra
306 3107 473 3189 judiciaria
497 3103 692 3168 sufficienter
708 3123 816 3166 coram
833 3103 927 3164 nobis
943 3105 1175 3185 comprobavit,
1200 3119 1234 3165 ut
1256 3123 1329 3166 cum
1347 3108 1446 3189 probe

178 3215 320 3277 condam
345 3213 476 3275 domina
500 3215 629 3294 Agycza
655 3223 777 3289 vocata,
801 3208 865 3272 filia
891 3209 980 3271 Pauli
1006 3209 1082 3270 dicti
1107 3210 1317 3290 Zudlrowich,
1338 3213 1446 3274 relicta

179 3321 261 3382 olim
279 3319 369 3382 Pauli
385 3317 443 3380 filii
458 3316 590 3398 Georgii
604 3317 680 3378 dicti
691 3314 849 3393 Gerdech,
866 3327 1030 3398 postremo
1047 3335 1178 3377 consors
1193 3315 1292 3398 ipsius
1308 3317 1446 3396 Andree,

178 3429 212 3490 in
226 3426 378 3490 extremis
390 3426 453 3488 vite
466 3443 522 3486 sue
539 3423 725 3506 temporalis
745 3421 930 3500 laborasset,
944 3435 1019 3483 tunc
1036 3421 1104 3504 ipsa
1120 3422 1294 3504 quamdam
1312 3423 1446 3486 domum

179 3547 212 3598 et
236 3531 376 3596 fundum
400 3549 505 3608 suum,
529 3529 670 3592 mediam
694 3529 814 3590 curiam
840 3528 872 3590 in
896 3547 930 3590 se
959 3527 1190 3607 continentem,
1215 3529 1317 3610 ipsam
1341 3529 1445 3592 litera·

178 3641 264 3703 torie
289 3651 547 3716 concernentem,
572 3655 645 3699 cum
669 3636 735 3698 suis
762 3633 968 3717 pertinenciis
987 3631 1112 3717 prefato
1137 3632 1264 3696 Andree
1289 3650 1446 3719 protunc

178 3747 317 3810 domino
341 3759 372 3808 et
395 3744 510 3807 marito
533 3761 592 3804 suo
617 3742 786 3824 legavisset
810 3739 878 3820 jure
903 3740 1089 3823 perhennali
1122 3741 1362 3823 possidendam,
1387 3763 1445 3825 pro

179 3875 221 3917 eo
247 3872 307 3915 nos
338 3851 474 3914 eaodem
507 3849 639 3912 domum
672 3861 703 3910 et
735 3846 871 3910 lundam
904 3847 1011 3909 medie
1046 3847 1132 3909 curie
1164 3867 1237 3911 cum
1262 3849 1327 3910 suis
1350 3850 1446 3932 perti·

179 3959 307 4023 nenciis
331 3955 417 4038 juxta
441 3967 589 4018 contenta
608 3954 771 4017 literarum
789 3954 889 4036 ipsius
905 3953 1037 4036 Agycbe
1055 3954 1198 4036 predicto
1223 3955 1351 4018 Andree
1369 3957 1447 4018 alias

179 4080 212 4129 et
237 4065 301 4146 jam
326 4077 435 4126 nostro
456 4061 582 4124 concivi
606 4080 642 4122 ac
658 4079 714 4143 per
730 4079 805 4122 eum
828 4059 894 4121 suis
909 4059 1081 4121 heredibus
1097 4059 1266 4122 statuimus
1290 4075 1446 4144 perpetuo

180 4170 412 4256 possidendam
430 4183 462 4232 et
484 4167 793 4251 quomodocumque
818 4165 957 4228 voluerit
975 4165 1209 4249 disponendam
1226 4165 1311 4248 juxta
1336 4168 1446 4230 condi-

179 4277 309 4340 cionem
334 4275 470 4338 civitatis
493 4285 669 4358 prenotate.

208 4474 308 4550 lesia
336 4477 443 4549 tercia
470 4477 505 4548 in
533 4475 618 4550 lesto
647 4477 778 4549 scilicet
806 4476 896 4548 beati
926 4477 1104 4566 Augustini
1143 4479 1288 4566 episcopi
1317 4483 1419 4568 atque

737 4603 898 4674 doctoris.

691 4752 758 4829 (28.
782 4756 925 4832 augusti).

288 4894 367 4957 ltem
385 4893 459 4975 quia
478 4892 614 4956 Michael
631 4913 794 4956 successor
810 4894 947 4956 condam
971 4892 1127 4956 lobannis
1151 4893 1330 4976 Zygethsalr
1356 4893 1446 4976 olym

182 5001 296 5085 judicis
328 5015 360 5062 et
390 5001 531 5063 concivis
563 5001 674 5079 nostri,
705 5019 762 5082 per
792 4999 900 5083 plures
924 4999 1105 5081 fidedignos
1137 5013 1168 5061 et
1192 4999 1328 5062 idoneos
1360 5001 1446 5061 viros
