3740 5810
566 563 652 620 Anno
674 576 766 641 1420.
793 597 832 606 -
851 579 886 641 3.
908 565 1070 626 decembris.
1412 587 1450 648 95

290 772 371 834 ltem
385 772 479 854 jurati
492 773 769 855 adjudicaverunt,
783 774 872 856 quod
886 775 1077 838 Dominicus
1085 796 1185 858 gener
1194 777 1452 860 Wythecheuich

184 878 282 940 debet
299 878 518 961 juramentum
537 879 698 964 deponere
715 899 811 962 super
824 881 922 943 altare
939 895 1054 943 octavo
1071 881 1123 944 die
1139 897 1249 946 contra
1272 882 1451 946 lohannem

183 983 286 1047 filium
312 983 416 1063 fabri3
449 999 480 1048 et
502 1006 598 1070 super
629 1006 836 1070 quocumque
865 987 1080 1068 juramentum
1115 989 1310 1072 deposuerit,
1342 989 1375 1052 id
1400 991 1453 1052 Jo-

183 1090 307 1153 hannes
332 1092 428 1154 debet
451 1093 512 1154 eibi
535 1091 716 1156 satisfacere
740 1093 773 1154 iu
798 1092 881 1156 iacto
908 1092 1060 1155 frumenti
1085 1095 1181 1157 unius
1204 1097 1323 1160 scrinii.

237 1309 335 1384 Faria
366 1315 475 1386 tercia
502 1316 658 1403 proxima
688 1321 766 1386 ante
794 1314 917 1387 festam
943 1314 1040 1386 beate
1068 1312 1218 1386 Barbare
1243 1317 1396 1404 virginis.

696 1463 741 1546 (3.
765 1467 939 1542 decembris).

297 1605 375 1667 ltem
407 1603 518 1668 fratres
542 1606 669 1668 claustri
702 1607 786 1668 beati
811 1605 970 1668 Francisci
994 1607 1148 1688 Zagrabie
1181 1627 1254 1669 cum
1279 1607 1450 1672 sufficienti

186 1712 373 1774 testimonio
387 1713 688 1794 comprobaverunt,
701 1713 788 1794 quod
803 1713 936 1795 quidam
949 1711 1068 1775 fundus
1081 1713 1225 1776 desertus
1237 1734 1294 1796 per
1307 1715 1451 1778 relictam

184 1818 324 1880 condam
341 1818 466 1880 Nicolai
485 1818 601 1901 Ztrych
626 1818 747 1880 eisdem
764 1839 822 1902 pro
847 1819 963 1880 debitis
978 1819 1157 1881 stacionum
1176 1819 1268 1882 datus
1286 1819 1397 1884 luisset
1421 1835 1452 1884 et

186 1925 364 2006 assignatus
387 1944 446 2006 pro
471 1937 545 1987 octo
562 1923 692 1986 florenis
715 1925 783 1986 auri
800 1925 840 1986 ad
865 1925 1090 2003 vendendum
1115 1937 1146 1987 et
1170 1925 1236 2008 ipsa
1254 1927 1450 2008 probacione

186 2029 268 2093 iacta
294 2031 433 2092 eundem
459 2029 596 2092 fundum
621 2031 715 2092 Petro
740 2029 911 2092 balniatori
935 2029 1158 2093 vendiderunt.

289 2137 367 2198 ltem
393 2136 467 2218 quia
481 2136 622 2218 quedam
646 2135 762 2198 mulier
779 2136 877 2198 Lucia
901 2149 1024 2216 vocata,
1041 2137 1185 2199 servitrix
1205 2136 1372 2200 Michaelis
1389 2137 1448 2200 filii

188 2241 342 2323 Stephani
368 2242 443 2303 dicti
469 2241 601 2324 Caprin,
619 2242 852 2324 aliquantulam
885 2243 1054 2324 pecuniam
1079 2243 1119 2303 ab
1152 2242 1267 2304 eodem
1292 2241 1450 2306 Michaele

184 2350 394 2426 subtraxerat,
418 2361 449 2409 et
472 2348 615 2430 aliquam
640 2367 756 2428 penam
774 2347 858 2430 juxta
883 2367 939 2410 sua
956 2348 1111 2410 demerita
1129 2349 1194 2430 pati
1212 2348 1359 2428 debebat,
1376 2349 1450 2413 ideo

185 2453 223 2514 ad
249 2454 446 2536 peticionem
472 2454 616 2516 eiusdem
642 2453 808 2518 Michaelis
839 2453 878 2517 de
903 2455 1030 2516 civitate
1062 2455 1197 2537 turpiter
1220 2467 1266 2517 est
1290 2456 1390 2538 ejecta
1415 2470 1446 2518 ct

185 2579 353 2642 nunquam
377 2560 418 2622 ad
442 2561 638 2622 territorium
662 2560 757 2622 huius
780 2561 917 2623 civitatis
941 2560 1055 2623 debeat
1079 2561 1207 2624 intrare.

291 2665 370 2728 ltem
395 2686 489 2728 causa
522 2666 604 2728 iuter
637 2666 803 2728 dominam
836 2667 969 2728 Luciam
993 2679 1023 2728 et
1047 2665 1210 2728 Andream
1242 2680 1368 2749 recepta
1402 2681 1449 2729 est

184 2770 223 2832 ad
248 2791 361 2854 pacem
385 2772 425 2834 ad
451 2773 590 2855 primum
616 2771 782 2853 judicium,
814 2773 889 2854 quia
914 2772 982 2854 ipsa
1014 2771 1145 2834 domina
1170 2773 1339 2856 assumpsit
1370 2792 1442 2855 pro·

184 2876 301 2940 ducere
317 2891 430 2941 testes:
455 2878 608 2942 Chonum
633 2877 824 2941 Michaelem
848 2877 988 2960 judicem
1012 2891 1043 2942 et
1068 2878 1247 2940 Fabianum
1271 2878 1445 2940 notarium.

290 2983 368 3047 ltem
394 2986 426 3046 in
450 3005 543 3048 causa
568 2985 650 3048 inter
666 2985 835 3048 dominum
854 2983 1033 3048 lohannem
1058 2997 1090 3048 et
1109 2984 1311 3046 Anthonium
1336 2984 1446 3046 Vodo-

181 3109 304 3171 gasam,
329 3091 414 3153 idem
439 3091 623 3153 Anthonius
645 3105 741 3154 testes
775 3089 927 3174 produxit
950 3090 1039 3172 quod
1063 3109 1136 3152 cum
1161 3089 1276 3152 eodem
1302 3089 1448 3152 lohanne

183 3197 385 3258 convenisset
409 3217 467 3279 pro
491 3197 700 3259 ordinacione
724 3197 852 3276 domus,
877 3197 951 3257 ideo
975 3195 1068 3279 jurati
1092 3196 1316 3278 adjudicarunt
1340 3196 1447 3260 eidem

184 3302 351 3365 Anthonio
375 3303 535 3383 ordinare,
552 3317 716 3385 tamquam
742 3323 814 3366 curn
836 3301 982 3386 quoiam
1006 3302 1183 3364 convencio
1197 3301 1277 3364 facta
1295 3315 1394 3380 esset;
1419 3316 1449 3365 et

185 3407 253 3490 ipse
277 3428 343 3470 non
368 3422 536 3471 contentus
558 3409 653 3471 traxit
676 3409 716 3471 ad
740 3409 892 3472 seniores.

289 3513 368 3576 ltem
401 3515 434 3576 in
459 3535 552 3577 causa
584 3515 666 3577 inter
697 3515 884 3596 magistrum
917 3515 1095 3576 Fabianum
1124 3527 1155 3576 et
1189 3514 1327 3576 Katham
1351 3513 1446 3594 jurati

183 3617 421 3700 adjudicarunt,
448 3635 482 3682 ut
499 3635 612 3683 octavo
637 3621 689 3682 die
707 3621 773 3703 ipsa
790 3620 1006 3702 juramentum
1023 3621 1177 3703 prestabit
1193 3640 1288 3702 super
1305 3620 1448 3702 dampno

182 3725 243 3786 sibi
268 3725 400 3808 (illato);
425 3740 456 3788 et
479 3727 565 3789 idem
590 3747 655 3790 non
680 3739 849 3791 contentus
872 3727 967 3789 traxit
990 3727 1030 3788 ad
1055 3727 1206 3790 seniores.

288 3832 368 3894 ltem
397 3833 514 3922 mulier¹
537 3834 661 3896 Martha
693 3834 802 3896 relicta
834 3832 971 3895 condam
1003 3833 1132 3894 Andree
1164 3833 1444 3894 contra'Marcum

182 3936 365 4000 carnificem
389 3939 557 4021 proposuit
581 3960 620 4002 eo
644 3940 754 4017 modo,
778 3939 866 4021 quod
899 3938 985 4000 idem
1010 3940 1136 4000 Marcus
1168 3936 1392 4020 potencialiter
1417 3951 1447 3998 et

183 4061 274 4105 more
300 4044 499 4106 latronorum
525 4045 564 4106 ad
583 4045 716 4108 domum
740 4065 830 4107 suam
855 4045 1027 4124 venienda,
1045 4045 1146 4127 ipsam
1171 4058 1320 4126 exempto
1336 4043 1447 4124 gladio

183 4149 363 4211 interficere
387 4151 541 4214 voluisset
565 4165 596 4215 et
628 4151 762 4213 eandem
789 4151 1028 4213 incantatricem
1061 4150 1208 4227 dixisset3
1232 4169 1298 4231 quo
1322 4148 1446 4227 audito,

182 4256 267 4318 idern
294 4257 420 4318 Marcus
444 4257 653 4339 personaliter
674 4257 889 4340 respondebat
913 4269 944 4318 et
975 4257 1135 4338 allegabat
1158 4257 1247 4339 quod
1272 4257 1359 4318 citari
1387 4255 1442 4317 de·

184 4363 290 4440 beret;
315 4363 434 4446 quibus
456 4365 614 4447 perceptis
647 4363 789 4446 judicare
812 4362 917 4444 jurati,
949 4363 1037 4444 quod
1062 4362 1119 4446 (in)
1143 4363 1198 4426 tali
1223 4362 1307 4425 lacto
1339 4362 1443 4444 ipsum

182 4469 341 4532 incumbit
371 4469 492 4552 pluries
522 4471 611 4532 citari
643 4483 674 4533 et
705 4469 952 4547 commiserunt,
985 4481 1019 4530 ut
1050 4469 1162 4531 eadem
1196 4469 1228 4530 in
1252 4469 1442 4550 comproba·

183 4576 309 4638 cionem
334 4597 390 4638 sue
414 4577 555 4639 accionis
579 4577 611 4637 in
635 4577 741 4659 primo
765 4574 885 4657 judicio
904 4575 1065 4637 tenebitur
1087 4575 1268 4658 producere
1292 4585 1387 4636 testes
1412 4573 1444 4637 iu

183 4682 266 4746 lacto
290 4697 470 4767 prenotato.

288 4789 368 4852 ltem
385 4809 458 4852 cum
475 4789 591 4852 mulier
609 4788 777 4852 Elizabeth
794 4788 886 4850 aliter
907 4789 1011 4850 Sablra
1036 4787 1144 4850 relicta
1163 4786 1300 4849 condam
1327 4784 1446 4847 Mathie

183 4895 274 4976 jurati
301 4909 412 4960 contra
437 4895 608 4958 Nicolaum
642 4892 828 4976 Bogdanich
859 4894 1028 4976 proposuit
1060 4913 1099 4954 eo
1131 4892 1241 4971 modo,
1264 4892 1353 4974 quod
1378 4891 1445 4973 ipse

185 5004 323 5066 eundem
351 5002 504 5064 Mathiam
529 5001 667 5084 juratum
696 5021 799 5084 nuper
831 4998 1049 5079 interfecisset,
1081 5011 1177 5082 prout
1201 4998 1312 5080 auditu
1337 5017 1446 5080 perce·
