3740 5810
352 550 390 610 52
725 534 809 588 Anno
832 526 924 606 1418.
951 563 990 572 —
1014 525 1067 589 28.
1084 528 1246 603 februarii.

349 757 447 804 rasset
472 756 548 804 tunc
574 740 779 803 medietatem
811 741 927 801 domus
958 757 1015 800 sue
1047 739 1079 798 iu
1104 738 1175 799 vIco
1208 735 1355 798 exteriori
1379 736 1462 798 inter
1492 735 1605 796 domos

355 849 446 911 Pauli
471 848 738 910 molendinatoris
762 860 792 908 et
822 845 960 908 Emerici
993 843 1108 906 sutoris
1131 843 1284 918 habitam,
1301 841 1415 904 Vrsule
1438 841 1503 903 filie
1534 839 1608 902 dicti

354 955 503 1038 Gregorii
528 954 667 1016 consorti
692 954 768 1016 dicti
787 951 940 1014 Demetrii
968 949 1230 1012 testamentaliter
1246 948 1391 1030 legasset,
1413 947 1486 1009 ideo
1504 946 1609 1009 eidem

352 1061 465 1124 Vrsule
490 1061 709 1122 commisimus
733 1057 970 1142 possidendam.

457 1167 535 1230 Item
552 1167 645 1248 jurati
663 1165 887 1248 adjudicarunt
911 1163 999 1246 quod
1024 1162 1215 1225 Dominicus
1232 1160 1401 1222 Marsetich
1425 1173 1539 1222 octavo
1556 1158 1608 1220 die

350 1273 415 1334 diei
440 1272 596 1355 presentis
619 1285 728 1333 contra
753 1271 928 1332 Martinam
945 1283 1101 1332 sartorem
1124 1267 1192 1330 sola
1217 1267 1329 1330 suain
1352 1286 1490 1349 persona
1514 1283 1609 1347 super

350 1400 388 1441 eo
422 1391 656 1441 sacramentum
691 1390 817 1439 tenetur
851 1389 1001 1459 prestare,
1037 1374 1125 1457 quod
1162 1393 1235 1436 cum
1272 1374 1339 1456 lpse
1377 1372 1533 1434 Martinus
1568 1370 1608 1432 ad

350 1485 522 1547 Chasmam
548 1485 592 1544 Ire
625 1483 738 1562 voluit,
769 1495 845 1544 tunc
871 1483 937 1564 ipse
971 1481 1161 1543 Dominicus
1189 1480 1339 1542 dixisset:
1371 1476 1533 1540 custodias
1554 1476 1610 1538 tibi

349 1592 472 1670 vinum,
496 1590 595 1651 clavis
618 1589 707 1650 domi
731 1601 787 1652 est.

456 1697 534 1760 Item
559 1697 634 1778 quia
658 1695 815 1757 Martinus
837 1709 925 1758 sutor
949 1715 1022 1758 cum
1050 1694 1190 1757 evidenti
1214 1692 1401 1757 testimonIo
1428 1703 1609 1752 nostrorum

351 1805 530 1866 concivium
557 1803 589 1863 id
613 1801 845 1884 comprobavit,
862 1801 951 1883 quod
969 1801 1149 1884 Stephanus
1166 1799 1301 1880 Keneht,
1323 1817 1396 1860 cum
1421 1797 1506 1859 idem
1528 1797 1610 1858 Mar·

350 1911 436 1972 tinus
472 1909 615 1990 quinque
647 1907 788 1970 florenos
822 1908 999 1989 persolvet,
1030 1921 1107 1971 tunc
1138 1907 1344 1968 medietatem
1380 1904 1496 1966 domus
1532 1903 1612 1964 inter

352 2016 467 2076 domos
484 2015 554 2076 Elie
577 2028 608 2075 et
631 2013 807 2076 liberorum
833 2012 988 2075 Demetrii
1014 2061 1047 2076 ..
1072 2013 1241 2095 optinebit.

351 2197 445 2270 Faria
476 2201 583 2270 tercia
610 2200 764 2286 proxima
791 2197 950 2270 videlicet
969 2201 1003 2269 in
1031 2197 1117 2270 festo
1145 2195 1379 2269 Conversionis
1407 2197 1497 2267 beati
1517 2195 1611 2266 Pauli

909 2322 1066 2411 apostoli.

758 2459 822 2532 (25.
837 2455 989 2536 januaria}
1012 2475 1082 2517 ann.
1106 2451 1214 2534 1418).

458 2581 535 2644 Item
567 2601 660 2643 causa
685 2581 766 2642 inter
791 2579 952 2641 Andream
985 2579 1110 2658 pridem
1142 2577 1281 2660 judicem
1313 2591 1344 2640 et
1369 2577 1497 2638 Petrum
1522 2575 1612 2638 Hun-

351 2709 464 2770 garum
489 2708 524 2749 ac
549 2688 691 2769 ipsorum
723 2701 886 2748 consortes
917 2687 957 2747 de
988 2685 1084 2748 tercia
1118 2685 1274 2746 citacione
1299 2699 1345 2746 est
1376 2697 1545 2766 prorogata
1568 2682 1609 2743 ad

353 2795 492 2876 primum
517 2795 682 2874 judicium.

354 2976 449 3050 Faria
469 2986 565 3050 sexta
594 2982 749 3068 proxima
768 2989 845 3050 ante
873 2979 995 3051 festum
1016 2977 1269 3050 PurIficacionis
1287 2979 1431 3065 virginis
1459 2977 1613 3064 gloriose.

867 3109 932 3188 (28.
950 3114 1125 3189 februarii).

463 3236 559 3310 Quod
596 3237 671 3318 quia
704 3237 858 3298 discretus
888 3235 937 3296 vir
968 3235 1119 3296 dominus
1150 3235 1261 3296 Petrus
1295 3234 1452 3316 plebanus
1482 3232 1614 3295 ecclesie

356 3356 462 3404 nostre
494 3343 593 3403 sancti
618 3341 716 3403 Marci
749 3356 780 3402 et
804 3343 916 3402 Kauka
956 3355 1058 3403 mater
1080 3361 1155 3419 sua,
1188 3341 1296 3402 relicta
1328 3341 1466 3402 condam
1497 3340 1612 3401 Valen-

354 3449 413 3510 tini
447 3447 561 3529 jurati,
605 3467 677 3510 cum
709 3446 877 3510 sufficienti
910 3449 1096 3510 testimonio
1139 3463 1322 3510 nostrorum
1362 3448 1542 3510 concivium
1583 3447 1616 3509 id

358 3574 464 3617 coram
490 3555 584 3616 nobis
608 3555 870 3635 comprobarunt,
894 3555 982 3636 quod
999 3553 1076 3616 dum
1094 3555 1179 3616 idem
1198 3554 1389 3616 Valentinus
1412 3555 1444 3615 in
1469 3554 1617 3616 extremis

357 3660 541 3737 laborasset,
565 3673 641 3721 tnnc
666 3661 781 3721 domos
805 3679 876 3720 suas
909 3660 940 3720 in
973 3673 1075 3721 castro
1107 3674 1216 3721 nostro
1243 3660 1326 3722 inter
1356 3659 1472 3721 domos
1495 3659 1616 3720 Vrbani

359 3765 510 3827 Ansetich
535 3778 566 3826 et
590 3765 711 3827 Cozme
744 3765 906 3846 aucupicis
922 3765 1046 3828 habitas
1071 3779 1101 3828 et
1118 3767 1244 3826 vineam
1270 3766 1303 3826 in
1325 3779 1433 3828 nostro
1457 3766 1617 3827 territorio

356 3872 497 3933 habitam
522 3871 644 3933 eisdem
668 3872 802 3933 domino
827 3872 920 3934 Petro
946 3885 977 3934 et
997 3873 1089 3934 matri
1112 3892 1169 3933 sue
1192 3873 1340 3954 legasset,
1366 3872 1439 3932 ideo
1464 3871 1617 3953 premissa

358 3978 476 4038 eisdem
503 3977 637 4038 domino
662 3977 755 4038 Petro
781 3991 812 4039 et
835 3977 962 4039 mulieri
992 3979 1104 4040 Kauka
1138 3979 1232 4040 matri
1256 3997 1312 4038 sue
1344 3977 1564 4039 commisimus
1588 3991 1619 4038 et

357 4083 546 4165 reliquimus
570 4097 725 4166 perpetuo
750 4083 954 4165 possidenda.

462 4188 539 4250 Item
565 4187 727 4250 Osualdus
755 4189 794 4249 de
827 4189 918 4250 Buda
950 4208 1045 4270 super
1076 4189 1257 4270 juramento
1291 4203 1400 4250 contra
1431 4189 1538 4270 ipsum
1562 4207 1619 4270 per

357 4295 522 4356 domInam
559 4295 791 4375 Margaretham
835 4296 979 4357 relictam
1015 4295 1180 4356 Vintestan
1221 4314 1318 4378 super
1353 4294 1484 4356 accione
1520 4293 1619 4376 ipsius

358 4398 501 4461 Osvvaldi
527 4401 586 4461 sibi
612 4399 806 4482 adjudicat0,
824 4400 909 4462 idem
935 4399 1107 4462 Oswaldus
1123 4401 1225 4483 ipsam
1250 4400 1410 4462 commisit
1427 4400 1618 4482 expeditam,

356 4519 521 4588 tamquam
546 4507 650 4588 ipsum
675 4506 889 4587 juramentum
915 4507 1101 4588 prestitisset
1125 4506 1257 4568 domina
1282 4518 1460 4588 prenotata.

464 4612 542 4673 Item
567 4614 641 4694 quia
665 4632 724 4695 pro
750 4613 882 4674 domina
904 4612 997 4692 Vida,
1015 4611 1146 4675 domina
1161 4611 1328 4675 Elizabeth
1353 4631 1483 4674 consors
1508 4611 1619 4674 Jacobi

362 4719 463 4780 nostri
489 4719 629 4780 concivis
653 4733 761 4781 contra
780 4719 889 4780 Hanse
913 4718 1091 4781 Chacbulia
1120 4719 1240 4781 dictum
1265 4739 1360 4801 super
1384 4739 1423 4781 eo
1436 4719 1514 4780 alias
1538 4719 1619 4800 jura·

360 4839 502 4886 mentum
530 4827 675 4908 prestitit,
690 4825 778 4907 quod
804 4826 869 4907 ipsa
887 4825 946 4886 sibi
970 4825 1071 4886 tribus
1095 4825 1224 4886 florenis
1248 4826 1327 4904 auri,
1352 4845 1433 4906 quos
1449 4826 1488 4886 ab
1506 4824 1618 4886 eadem

358 4931 553 5012 requirebat,
577 4933 731 4994 innocens
760 4931 881 5010 fuisset,
914 4932 987 4993 ideo
1018 4931 1152 4993 eandem
1185 4933 1404 4994 commisImus
1428 4931 1618 5014 expeditam.

885 5050 1095 5069 m—
