3734 5796
664 591 750 649 Anno
773 605 865 669 1442.
892 623 932 634 -
956 605 1008 652 20.
1024 593 1177 667 januarii.
1490 613 1548 674 355

283 801 412 864 Thome
438 798 590 864 Oczwirk
615 822 762 885 expresse
794 802 935 864 vidimus
966 801 1134 880 contineri,
1158 802 1298 884 ideoque
1330 825 1390 867 nos
1413 805 1549 867 eandem

281 909 396 970 silvam
423 928 496 970 cum
521 910 673 971 omnibus
705 909 771 970 suis
803 908 995 970 utilitatibus
1019 921 1050 968 et
1082 908 1287 989 pertinenciis
1311 911 1468 973 universis
1490 913 1550 974 sub

281 1015 351 1076 eius
375 1015 537 1096 prioribus
560 1017 643 1078 veris
667 1029 698 1077 et
722 1013 863 1096 antiquis
880 1011 997 1096 (metis)
1021 1011 1145 1094 prelato
1171 1015 1278 1076 Blasio
1302 1015 1407 1098 jurato
1432 1037 1468 1078 ac
1491 1037 1549 1100 per

281 1140 356 1182 eum
381 1121 447 1182 suis
471 1120 644 1183 heredibus
661 1121 830 1184 statuimus
854 1133 885 1182 et
909 1119 1130 1181 commisimus
1147 1139 1184 1181 ex
1209 1122 1371 1203 premissis
1394 1135 1551 1206 perpetuo

280 1226 512 1308 possidendam
539 1241 570 1290 et
593 1227 903 1310 quomodocumque
936 1227 1074 1288 voluerit
1103 1225 1339 1309 disponendam
1362 1229 1450 1311 juxta
1474 1249 1550 1292 con·

280 1333 447 1396 dicionem
472 1334 608 1396 civitatis
631 1347 797 1416 prenotate
822 1335 861 1396 ab
889 1333 1023 1414 antiquo
1047 1334 1268 1416 approbatam.

388 1439 467 1501 Item
492 1441 626 1502 sabbato
650 1439 796 1522 sequenti
820 1440 962 1501 seniores
986 1437 1109 1520 judices
1133 1459 1261 1501 causam
1286 1441 1367 1504 inter
1391 1442 1548 1524 Marynka

285 1564 431 1606 socerum
459 1545 577 1607 nobilis
594 1545 731 1607 condam
750 1545 809 1606 viri
826 1544 992 1606 Michaelis
1016 1545 1106 1627 olym
1122 1544 1310 1608 habitatoris
1326 1547 1462 1610 civitatis
1478 1569 1550 1630 pre-

281 1650 377 1730 dicte,
394 1649 452 1712 lilii
471 1651 601 1714 Andree
618 1651 658 1714 de
676 1652 769 1734 lapra
787 1664 821 1712 ut
839 1664 978 1712 actorem
996 1652 1036 1712 ab
1053 1671 1127 1730 una,
1144 1665 1175 1714 et
1191 1667 1279 1734 parte
1296 1655 1335 1714 ab
1353 1654 1450 1716 altera
1468 1655 1552 1717 inter

282 1757 438 1818 Jacobum
455 1757 557 1819 lilium
575 1757 659 1819 Petri
675 1757 797 1840 Saphar
813 1769 848 1819 ut
868 1757 900 1818 in
922 1776 1050 1818 causam
1070 1769 1239 1820 attractum
1253 1759 1381 1821 racione
1401 1759 1550 1844 redemp-

280 1863 383 1924 cionis
415 1877 488 1926 octo
505 1863 684 1925 sessionum
708 1876 739 1926 et
761 1877 843 1925 terre
868 1863 997 1924 arabilis
1020 1863 1121 1945 ipsius
1145 1864 1255 1926 Jacobi
1283 1864 1377 1944 jurati
1400 1866 1432 1927 in
1456 1867 1550 1929 terri·

283 1969 368 2031 torio
386 1969 521 2031 civitatis
537 1969 679 2052 predicte
703 1967 895 2046 habitarum,
924 1968 1066 2031 habitam
1090 1981 1121 2030 et
1145 1969 1343 2050 existentem,
1368 1971 1470 2052 pridie
1494 1992 1551 2054 per

283 2075 403 2156 juratos
416 2075 629 2158 adjudicatam
648 2095 687 2137 eo
698 2075 797 2137 modo
815 2074 1081 2156 adjudicaverunt
1097 2087 1128 2136 et
1141 2076 1443 2155 determinaverunt,
1461 2079 1550 2160 quod

280 2182 355 2263 quia
374 2182 441 2264 ipse
459 2183 597 2243 lacobus
613 2181 734 2264 juratus
747 2181 808 2243 hoe
822 2201 907 2242 anno
923 2195 1068 2263 tempore
1085 2182 1240 2262 presentis
1252 2181 1411 2264 judicatus
1427 2183 1550 2266 predic·

279 2301 347 2349 tum
375 2287 565 2350 Michaelem
599 2301 884 2370 procuratoresque
913 2287 981 2349 eiua
1012 2307 1050 2349 eo
1076 2288 1175 2349 modo
1199 2289 1389 2368 ammonuit,
1422 2303 1457 2351 ut
1482 2290 1549 2372 ipse

280 2392 418 2474 prelatas
443 2407 516 2456 octo
541 2394 698 2455 sessiones
716 2406 746 2454 et
764 2394 865 2476 ipsam
882 2406 999 2455 terram
1020 2393 1175 2454 arabilem
1195 2414 1301 2456 suasa
1324 2395 1470 2476 predicto
1488 2396 1549 2457 Mi·

282 2499 391 2562 chaele
418 2500 575 2561 redimere
592 2499 747 2561 voluisset
770 2500 795 2560 si
813 2500 920 2560 literas
937 2500 1198 2582 inpignoraticias
1221 2520 1317 2583 super
1333 2501 1454 2562 eisdem
1472 2515 1547 2562 octo

280 2606 479 2667 sessionibus
503 2619 534 2668 et
558 2606 624 2688 ipsa
649 2619 729 2667 terra
755 2605 867 2666 arabili
892 2605 1052 2667 confectas
1076 2605 1181 2666 eidem
1207 2605 1327 2668 Jacobo
1351 2606 1455 2688 jurato
1479 2607 1547 2690 ipse

279 2711 416 2774 Michael
442 2713 493 2774 vel
517 2727 705 2796 procurator
730 2731 807 2773 suus
830 2711 1037 2787 ostendisset;
1070 2723 1101 2772 et
1124 2711 1201 2792 quia
1232 2712 1292 2794 ipsi
1318 2711 1468 2773 Michaeli
1492 2712 1542 2773 vel

280 2819 479 2900 procuratori
504 2838 563 2880 suo
581 2817 683 2880 fuerat
707 2818 801 2880 datus
816 2817 972 2879 terminus
989 2816 1028 2878 ad
1046 2817 1292 2899 producendum
1318 2817 1401 2899 ipsas
1425 2817 1542 2897 literas,

280 2926 419 3008 primum
446 2925 597 2987 videlicet
628 2923 784 3006 judicium
815 2937 887 3006 post
919 2923 1035 2986 festum
1067 2924 1167 2985 sancti
1191 2923 1318 2985 Nicolai
1349 2924 1492 3006 episcopi
1516 2937 1548 2986 et

279 3029 470 3093 contessoris
493 3031 638 3113 proxime
662 3030 861 3113 preteritum,
890 3043 924 3090 ut
953 3031 1020 3110 ipse
1044 3029 1135 3091 litere
1167 3029 1413 3112 inpignoraticie
1439 3030 1546 3092 eidem

279 3137 399 3199 Jacobo
423 3137 528 3219 jurato
554 3156 612 3220 pro
637 3137 864 3218 redempcione
889 3136 1030 3217 ipsarum
1055 3136 1233 3197 sessionum
1259 3148 1289 3197 et
1313 3148 1395 3198 terre
1420 3136 1549 3198 arabilis

279 3244 404 3304 ostendi
430 3257 460 3306 et
485 3243 697 3305 demonstrari
722 3242 887 3321 deberent,
912 3241 1036 3323 ipsique
1061 3241 1162 3304 eciam
1187 3242 1308 3304 Jacobo
1333 3241 1437 3323 jurato
1461 3242 1548 3304 idem

279 3349 436 3411 terminus
460 3349 608 3410 similiter
624 3367 719 3430 super
743 3368 781 3410 eo
806 3346 866 3409 luit
890 3346 982 3408 datus
999 3361 1033 3409 ut
1050 3347 1116 3429 ipse
1140 3348 1278 3410 lacobus
1302 3347 1421 3428 juratus
1444 3367 1548 3429 usque

279 3454 318 3516 ad
345 3455 524 3537 predictum
550 3455 723 3517 terminum
749 3453 1036 3516 demonstracionis
1057 3453 1198 3535 ipsarum
1216 3453 1379 3515 literarum
1396 3453 1547 3535 inpigno-

276 3561 457 3622 raticiarum
482 3560 582 3622 dictas
616 3561 768 3642 pecunias
792 3579 850 3642 pro
878 3560 995 3642 quibus
1020 3560 1086 3640 ipse
1119 3559 1335 3640 possessiones
1366 3559 1453 3620 dicto
1480 3560 1546 3620 Mi-

281 3666 384 3730 chaeli
408 3667 520 3748 vigore
545 3666 759 3750 predictarum
784 3667 944 3728 literatum
963 3665 1281 3747 inpignoraticiarum
1306 3665 1546 3746 reinpignorate

277 3771 417 3853 luerunt,
442 3773 542 3855 judici
566 3773 726 3835 moderno
750 3772 886 3834 civitatis
917 3772 1059 3854 predicte
1083 3791 1139 3832 seu
1163 3769 1337 3852 justitiario
1370 3769 1466 3832 alicui
1490 3770 1547 3832 de·

279 3893 457 3940 monstrare
482 3879 660 3953 debuisset;
685 3891 716 3940 et
738 3879 813 3959 quia
837 3898 895 3939 nec
920 3878 986 3960 ipse
1012 3877 1150 3940 Michael
1174 3895 1232 3938 nec
1256 3889 1443 3959 procurator
1467 3895 1546 3938 suus

279 3985 444 4067 usquead
469 3985 649 4067 predictum
680 3984 855 4050 terminum
886 3983 1175 4046 demonstracionis
1205 3983 1347 4064 ipsarum
1379 3981 1545 4043 literarum

278 4091 409 4152 easdem
435 4091 542 4152 literas
567 4110 631 4155 non
656 4089 887 4152 demonstravit
915 4109 972 4151 nec
1003 4089 1154 4170 produxit
1186 4107 1245 4150 nec
1270 4087 1329 4170 ipsi
1354 4087 1475 4149 Jacobo
1499 4086 1546 4169 ju·

279 4210 347 4258 rato
364 4216 422 4257 nec
439 4197 525 4258 dicto
542 4196 641 4278 judici
667 4195 834 4274 modern0,
852 4214 910 4257 nec
927 4195 1027 4256 eciam
1053 4194 1120 4276 ipse
1137 4195 1276 4256 lacobus
1288 4193 1410 4276 juratus
1427 4192 1545 4254 dictam

276 4303 446 4385 pecuniam
482 4323 539 4384 pro
565 4323 629 4383 qua
654 4303 737 4384 ipsas
761 4321 833 4363 suas
865 4301 1083 4383 possessiones
1113 4300 1271 4362 redimere
1295 4299 1458 4361 debuisset
1482 4319 1542 4361 nec

277 4407 399 4491 prelato
425 4408 523 4490 judici
549 4407 707 4470 moderno
731 4427 789 4469 nec
814 4407 909 4469 alicui
937 4407 1111 4488 justiciario
1136 4407 1377 4485 demonstravit,
1401 4405 1543 4488 ideoque

278 4515 344 4597 ipse
370 4515 509 4576 lacobus
543 4513 664 4596 juratus
696 4513 853 4596 predictas
884 4513 1101 4596 possessiones
1124 4534 1140 4574 a
1166 4511 1289 4595 prelato
1314 4513 1468 4595 Marynka
1491 4525 1551 4574 aut¹

278 4635 486 4702 procuratore
510 4641 568 4682 suo
593 4641 695 4702 usque
720 4620 760 4682 ad
777 4619 956 4700 quindenas
974 4621 1129 4702 presentis
1146 4619 1209 4680 diei
1234 4617 1391 4680 redimere
1417 4617 1545 4696 debeat,

277 4739 308 4788 et
332 4727 410 4788 dum
428 4727 557 4788 easdem
579 4726 797 4808 possessiones
814 4745 887 4788 suas
907 4726 1088 4804 redemerit,
1112 4737 1187 4786 tunc
1204 4737 1378 4806 proventus
1403 4723 1544 4806 ipsarum

276 4831 516 4913 possessionum
534 4845 564 4892 et
590 4831 674 4894 dicte
698 4845 780 4894 terre
805 4831 933 4892 arabilis
949 4832 1105 4914 presentis
1129 4831 1202 4892 anni
1229 4850 1284 4891 seu
1302 4828 1450 4891 moderni
1467 4829 1544 4889 anni

275 4951 450 5020 proventus
478 4937 564 4999 idem
589 4938 728 4999 lacobus
752 4936 873 5018 juratus
905 4957 963 5019 pro
994 4958 1027 4998 se
1051 4937 1164 5000 tollere
1189 4951 1219 4997 et
1249 4937 1390 5018 recipere
1415 4933 1546 4997 debebit

277 5043 317 5104 ab
351 5043 475 5125 eisqui
500 5063 573 5106 cum
598 5044 668 5126 ipso
691 5057 850 5126 proventu
874 5045 1080 5106 tenebuntur.

1427 5143 1441 5170 Ι
