3876 5798
439 761 478 821 ad
504 760 745 842 quindecimum
771 761 857 822 diem
882 773 929 821 est
953 773 1160 841 prorogatum
1176 759 1231 820 tali
1255 761 1314 822 sub
1339 759 1538 825 condicione,
1564 760 1695 842 quodsi

440 868 542 948 ipsum
569 864 687 928 factum
719 866 948 929 subtractionis
980 865 1136 926 dictarum
1168 865 1304 927 vestium
1336 884 1438 947 usque
1471 865 1511 927 ad
1543 865 1700 948 predictas

439 972 619 1054 quindenas
643 973 748 1034 resciri
774 985 805 1034 et
829 971 964 1033 inveniri
993 972 1120 1052 poterit,
1146 973 1226 1032 bene
1250 972 1393 1053 quidem,
1418 973 1465 1033 sin
1492 987 1597 1034 autem
1623 991 1701 1048 non,

439 1092 553 1140 extunc
577 1079 692 1141 eodem
717 1079 959 1161 quintodecimo
984 1077 1036 1139 dre
1054 1078 1139 1138 idem
1165 1077 1281 1140 Paulus
1298 1079 1401 1160 ipsum
1427 1077 1642 1158 juramentum
1662 1097 1701 1138 eo

440 1186 538 1248 modo
563 1185 644 1247 sicut
667 1186 727 1246 sibi
752 1206 807 1268 per
831 1185 951 1267 juratos
982 1182 1042 1246 fuit
1071 1183 1288 1264 adjudicatum
1322 1185 1483 1266 deponere
1508 1197 1540 1246 et
1562 1197 1703 1266 prestare

438 1290 599 1352 tenebitur
624 1305 655 1352 et
679 1291 818 1353 debebit.

546 1398 623 1459 ltem
642 1397 818 1479 Elyzabeth
837 1415 915 1458 uxor
936 1396 1059 1458 Nicolai
1080 1397 1258 1479 purgatoris
1273 1395 1467 1478 gladiorum,
1484 1395 1702 1477 juramentum

440 1503 472 1564 in
498 1502 581 1564 facto
617 1502 831 1585 predictarum
863 1503 999 1563 vestium
1031 1502 1129 1583 ipsius
1154 1501 1353 1583 Margarethe
1385 1501 1528 1563 mulieris
1559 1501 1619 1563 sibi
1645 1520 1702 1583 per

441 1609 561 1689 juratos
585 1609 814 1690 adjudicatum,
836 1607 933 1669 hodie
958 1627 997 1670 eo
1021 1609 1120 1668 modo
1150 1608 1285 1690 prestitit
1309 1622 1339 1669 et
1362 1608 1511 1690 deposuit
1535 1608 1617 1670 sicut
1642 1607 1704 1668 sibi

440 1715 500 1778 fuit
523 1715 752 1796 adjudicatum,
777 1729 807 1777 et
832 1715 905 1777 ideo
927 1715 1028 1798 ipsam
1053 1714 1224 1796 superinde
1241 1714 1440 1776 reddidimus
1464 1715 1646 1797 expeditam
1672 1727 1704 1775 et

439 1823 631 1886 absolutam.

544 1928 622 1990 Item
647 1927 800 1990 Nicolaus
823 1927 943 2008 juratus
966 1927 1062 1990 hodie
1086 1929 1154 1990 sola
1182 1949 1238 1990 sua
1263 1929 1294 1990 in
1320 1947 1456 2010 persona
1480 1927 1701 2008 juramentum

439 2034 499 2095 sibi
525 2054 580 2116 per
604 2034 724 2116 juratos
740 2033 957 2114 adjudicatum
984 2035 1015 2095 in
1035 2033 1117 2096 facto
1141 2055 1195 2096 sex
1216 2034 1285 2096 flor.
1303 2034 1370 2095 auri
1395 2046 1503 2094 contra
1523 2032 1704 2113 Georgium

440 2138 638 2202 aurifabrum
670 2141 806 2222 prestitit
835 2161 930 2223 super
953 2161 1003 2219 eo,
1035 2155 1070 2204 ut
1101 2142 1170 2224 ipse
1194 2142 1337 2224 predicto
1370 2139 1512 2222 Georgio
1537 2137 1701 2201 aurifabro

440 2247 515 2328 ipsis
539 2267 591 2308 sex
616 2246 685 2308 flor.
709 2247 777 2308 auri
802 2267 867 2308 non
891 2261 1026 2326 tenetur,
1051 2267 1110 2309 nec
1130 2248 1216 2310 idem
1240 2247 1400 2330 Georgius
1431 2245 1590 2308 aurifaber
1614 2246 1701 2328 ipsos

439 2373 493 2414 sex
517 2352 586 2414 flor.
611 2354 679 2414 auri
704 2355 764 2414 sibi
793 2367 977 2416 mutuasset.

548 2458 627 2520 ltem
644 2463 752 2539 Agnes
776 2459 884 2520 relicta
902 2459 1012 2520 Jacobi
1036 2459 1150 2540 judicis
1166 2459 1380 2541 juramentum
1398 2457 1459 2519 sibi
1483 2457 1706 2539 adjudicatum

442 2565 545 2647 pridie
572 2584 628 2647 per
652 2565 772 2644 juratos
795 2563 891 2626 hodie
924 2566 1059 2647 prestitit
1089 2581 1120 2628 et
1143 2565 1293 2646 deposuit
1324 2579 1433 2626 contra
1458 2565 1537 2626 Pero
1563 2564 1706 2645 juratum

441 2670 544 2732 filium
570 2671 653 2732 Petri
674 2671 796 2752 Saphar
812 2671 893 2733 sicut
916 2671 976 2732 sibi
998 2669 1058 2732 fuit
1073 2671 1302 2754 adjudicatum,
1319 2671 1393 2732 ideo
1411 2671 1512 2752 ipsam
1529 2670 1703 2752 superinde

442 2777 642 2840 reddidimus
666 2777 859 2858 expeditam.

503 3010 601 3086 feria
629 3021 727 3086 sexta
755 3017 910 3102 proxima
938 3023 1013 3105 post
1040 3015 1162 3088 festum
1190 3015 1372 3088 Divisionis
1402 3017 1642 3106 apostolorum.

984 3167 1042 3244 (17.
1066 3167 1161 3242 Jielt'i).

548 3309 625 3370 ltem
658 3309 732 3390 quia
768 3307 949 3390 Stephanus
980 3305 1064 3368 filius
1088 3307 1184 3368 Blasii
1219 3307 1258 3368 de
1290 3308 1360 3368 vico
1387 3308 1575 3370 Latinorum
1601 3307 1707 3369 dictus

442 3415 648 3497 Sterlrowych
673 3415 761 3476 solus
784 3416 905 3495 absque
929 3427 1090 3474 tormento
1123 3411 1223 3474 fassus
1247 3427 1278 3474 et
1302 3413 1467 3475 confessus
1490 3428 1546 3492 est,
1572 3429 1606 3475 ut
1633 3415 1701 3496 ipse

441 3541 512 3582 cum
538 3521 690 3603 Kunsych
715 3520 782 3582 filio
809 3519 936 3602 Mathya
961 3519 1091 3580 nomine
1120 3519 1255 3582 domum
1281 3535 1437 3582 muratam
1464 3521 1560 3582 Blasii
1585 3521 1702 3582 sutoris

442 3627 533 3706 jurati
567 3639 597 3688 et
627 3627 792 3689 Michaelis
824 3625 989 3708 freniparis
1029 3647 1064 3687 ac
1097 3625 1225 3687 Thome
1250 3625 1342 3706 jurati
1375 3625 1522 3690 moderni
1554 3626 1703 3687 similiter

442 3731 626 3814 freniparis,
659 3753 695 3794 ac
727 3734 901 3794 stacionem
926 3733 1054 3795 Thome
1087 3731 1220 3794 Cheden
1254 3747 1284 3795 et
1318 3733 1399 3794 Petri
1424 3732 1518 3813 jurati
1542 3731 1705 3814 (similiter

441 3839 599 3920 moderni)
624 3860 659 3899 ac
684 3840 832 3921 Dyonisii
857 3840 951 3916 ribar,
977 3859 1033 3900 nec
1068 3859 1132 3899 non
1164 3838 1318 3900 lobannis
1349 3837 1443 3919 jurati
1467 3837 1525 3902 filii
1550 3837 1706 3898 Demetrii

442 3945 594 4007 institoris
619 3965 654 4006 ac
683 3945 861 4007 Sebastiani
898 3945 1034 4007 Soldner
1063 3958 1220 4007 nocturno
1252 3959 1396 4026 tempore
1429 3943 1654 4024 confregerunt
1675 3958 1708 4006 et

442 4051 593 4132 pecunias
630 4071 665 4113 ac
702 4067 805 4114 vestes
829 4053 860 4112 in
893 4052 938 4112 eis
969 4051 1092 4112 habitas
1121 4054 1344 4112 subtraxerunt
1373 4064 1403 4112 et
1435 4050 1545 4112 iudeis
1568 4070 1604 4112 ac
1635 4051 1708 4112 aliis

443 4157 668 4238 vendiderunt,
694 4174 724 4220 et
749 4159 878 4241 insuper
896 4159 962 4240 ipse
987 4157 1167 4238 Stephanus
1184 4159 1272 4236 dixit,
1295 4157 1383 4238 quod
1407 4157 1475 4239 ipse
1500 4157 1588 4219 solus
1611 4177 1707 4240 pecu·

443 4263 527 4324 niam
554 4278 584 4325 et
608 4267 736 4326 bursam
758 4265 868 4326 Jacobi
898 4265 936 4325 de
962 4265 1081 4346 Nyrna,
1114 4263 1254 4326 hominis
1279 4264 1433 4325 Hermani
1470 4265 1639 4346 Kozyakar
1673 4265 1706 4325 in

444 4369 542 4430 domo
569 4370 717 4451 Gregorii
739 4370 842 4451 jurati,
868 4369 924 4432 filii
951 4368 1048 4448 Galli,
1066 4384 1223 4432 nocturno
1244 4383 1388 4452 tempore
1413 4370 1544 4451 quando
1570 4371 1636 4451 ipse
1654 4371 1706 4431 Ja-

445 4477 544 4537 cobus
568 4477 730 4556 dormivit,
756 4477 794 4537 de
826 4478 884 4537 sub
912 4476 1013 4556 capite
1045 4477 1187 4538 eiusdem
1220 4476 1329 4537 Jacobi
1361 4477 1516 4538 subtraxit
1540 4489 1572 4538 et
1604 4477 1707 4557 ipsam

445 4583 613 4664 pecuniam
639 4605 670 4644 se
696 4583 736 4644 ad
761 4583 907 4645 XXXVll
933 4582 1001 4644 flor.
1034 4583 1240 4643 numeraliter
1272 4583 1495 4644 extendentem
1520 4582 1560 4644 de
1593 4581 1707 4642 eadem

446 4691 540 4750 bursa
564 4710 618 4750 seu
644 4710 718 4772 pera
755 4690 854 4772 ipsius
879 4691 988 4751 Jacobi
1023 4689 1212 4771 excipiendo
1242 4689 1393 4772 expendit
1417 4709 1489 4750 curn
1514 4688 1609 4750 sociis
1631 4688 1708 4765 suis,

446 4795 613 4876 ipsamque
638 4816 747 4877 peram
771 4817 826 4857 seu
845 4798 972 4857 bursam
997 4797 1096 4877 ipsius
1113 4796 1223 4856 Jacobi
1241 4796 1299 4856 sub
1324 4795 1406 4856 solio
1425 4794 1587 4856 Valentini
1613 4792 1707 4876 jurati

445 4901 503 4964 lilii
529 4904 694 4964 Michaelis
719 4904 883 4986 Saronych
909 4904 989 4964 inter
1013 4924 1087 4964 vasa
1112 4901 1255 4964 eiusdem
1285 4901 1405 4962 ibidem
1430 4901 1536 4962 habita
1561 4899 1707 4982 projecit,

445 5011 499 5070 ubi
525 5010 625 5071 eciam
651 5024 698 5072 est
715 5011 860 5087 inventa;
886 5009 1045 5092 predictus
1062 5023 1167 5069 autem
1188 5007 1339 5090 Kunsych
1359 5007 1505 5090 Mathyas
1526 5006 1614 5068 solus
1631 5025 1707 5068 cou-
