3678 5800
442 542 502 601 ¹54
829 527 916 584 Anno
938 542 1029 604 1432.
1055 562 1094 570 -
1120 543 1170 604 14.
1193 531 1302 590 martii.

635 735 714 798 Item
739 737 869 799 Jaxinus
892 739 1023 820 juratus.

636 842 714 904 Item
739 843 831 904 Pero.

636 949 713 1010 Item
738 950 817 1011 alter
841 949 982 1012 Jaxinus.
1121 978 1132 1058 f
1189 952 1321 1034 Lingwa
1345 952 1561 1014 theuthonica.

636 1054 713 1115 Item
738 1055 894 1116 MartInus
917 1056 1047 1137 juratus.
1117 1059 1128 1200 Ι

635 1159 714 1222 Item
738 1160 912 1224 Balthasar.

634 1371 712 1434 Item
737 1373 892 1436 Thomsa.
1013 1390 1023 1536 Ι

635 1477 712 1540 Item
735 1479 907 1544 lohannes.

634 1583 714 1645 Item
738 1585 940 1650 Benedictus.
1017 1616 1028 1684 f
1084 1588 1218 1667 LIngwa
1243 1587 1368 1650 italica..

634 1689 712 1752 Item
739 1689 908 1773 Georgius.
1012 1692 1022 1836 Ι

634 1795 713 1858 Item
738 1797 859 1861 Petrus.

634 2008 712 2070 Item
736 2009 937 2074 Valentinus.

635 2114 710 2176 Item
736 2116 892 2178 Thomas.

633 2220 711 2284 Item
734 2222 869 2286 Blasius.

632 2327 710 2389 Item
734 2329 928 2393 Anthonius.

634 2433 711 2496 Item
737 2432 892 2496 Thomas.

633 2539 708 2602 Item
740 2541 851 2603 Lucas.

1012 2027 1026 2402 l}
1087 2276 1219 2358 Lingwa
1244 2275 1425 2338 slawonica.

1016 2407 1022 2464 Ι

535 2767 613 2830 Item
645 2769 743 2831 iidem
777 2769 883 2852 judex,
916 2769 1009 2852 jurati
1040 2783 1071 2832 et
1099 2769 1273 2832 consiliarii
1298 2769 1407 2832 omnia
1440 2768 1564 2831 decreta
1593 2781 1677 2849 atque

430 2885 545 2934 statuta
570 2876 756 2937 communia
788 2875 925 2938 civitatis
949 2875 1230 2958 Montisgrecensis
1260 2875 1451 2958 supradicte,
1482 2888 1546 2936 tam
1571 2875 1600 2935 ln
1630 2892 1677 2935 an·

429 2980 527 3062 tiquis
551 3002 648 3064 quarn
673 2983 705 3044 io
731 2984 869 3064 presenti
902 2983 1063 3045 lrathernis
1091 2984 1206 3044 nostris
1238 2984 1464 3046 communibus
1489 2994 1629 3044 contenta
1651 2991 1677 3040 et

431 3089 608 3170 conscripta
634 3091 742 3170 quoad
766 3109 880 3151 omnes
913 3109 1022 3151 earum
1055 3089 1219 3169 clausulas,
1244 3103 1361 3172 puncta
1385 3102 1416 3150 et
1439 3089 1588 3150 articulos
1617 3105 1676 3169 per·

430 3207 528 3273 petuo
564 3207 595 3256 et
631 3195 860 3257 invtolabiliter
895 3216 931 3256 ac
970 3196 1239 3257 irretractabiliter
1274 3195 1505 3257 confirmarunt
1543 3194 1674 3268 valitura,

429 3297 552 3379 justicia
577 3313 673 3382 atque
697 3301 843 3363 libertate
868 3301 1067 3384 privilegiata
1099 3301 1235 3363 civitatis
1266 3314 1431 3384 prenotate
1456 3300 1673 3383 perswadente.

536 3407 614 3468 Item
631 3408 772 3488 predicta
790 3407 868 3470 Ieria
885 3423 970 3470 sexta
989 3409 1113 3470 Blasius
1129 3407 1269 3470 carnifex
1287 3409 1390 3470 dictus
1407 3403 1675 3469 Prentlrachewich

429 3528 538 3574 contra
553 3514 732 3576 Iohannem
755 3515 893 3596 juratum
906 3515 1008 3576 filiurn
1023 3514 1163 3594 Peronis,
1174 3515 1279 3596 primo
1294 3515 1407 3576 citatus
1420 3534 1486 3575 non
1499 3512 1674 3596 comparuit.

537 3620 614 3680 Itern
632 3621 778 3703 Mathyas
798 3635 886 3682 sutor
907 3640 1069 3682 successor
1087 3619 1219 3702 Georgii
1233 3621 1349 3682 sutoris
1366 3620 1556 3682 Tusthetich
1580 3633 1674 3681 contra

432 3724 584 3786 Cosmum
610 3726 790 3788 carnificem
816 3725 917 3788 fillum
948 3726 1113 3787 Benedicti
1139 3726 1314 3806 Zobanich,
1346 3726 1451 3809 primo
1487 3727 1601 3788 citatus
1621 3743 1674 3786 non

429 3831 619 3912 comparuit.
958 3899 962 3912 ,

535 3936 614 3996 Item
647 3936 739 4016 jurati
773 3937 1046 4018 adjudicaverunt,
1072 3951 1106 3999 ut
1137 3939 1212 4020 quia
1245 3939 1346 4000 Elena
1377 3938 1540 4017 monocla,
1563 3935 1674 4012 textrix,

427 4062 556 4104 consors
581 4041 713 4124 Georgii
738 4043 895 4124 CtowacI,
919 4045 997 4106 alias
1019 4059 1164 4126 ternpore
1188 4044 1345 4125 judicatus
1375 4043 1540 4106 Michaelis
1572 4042 1674 4126 judicis

427 4149 484 4210 filii
510 4150 699 4228 Sebastiam,
724 4151 763 4210 de
787 4170 873 4211 anno
903 4151 1026 4212 domiui
1052 4151 1223 4212 millesImo
1256 4150 1573 4232 quadringentesImo
1598 4149 1673 4230 vige·

428 4256 511 4316 simo
536 4276 635 4334 nono,
662 4255 739 4318 lerIa
763 4257 861 4318 tercia
885 4258 1030 4338 proxima
1063 4271 1135 4339 post
1167 4257 1282 4318 festum
1309 4257 1392 4318 beati
1423 4257 1540 4318 Allexii
1565 4254 1675 4318 confes·

427 4363 518 4440 soris,
536 4377 680 4444 ternpore
697 4376 892 4443 treugarum,
909 4383 967 4445 pro
985 4363 1077 4425 certis
1101 4363 1267 4426 maleficiis
1282 4365 1348 4425 suis
1372 4365 1412 4424 de
1428 4365 1555 4425 civitate
1573 4362 1674 4424 eteius

426 4468 587 4530 territorio
612 4469 742 4550 expulsa
768 4468 827 4530 luit
850 4471 985 4551 turpiter
1009 4470 1048 4530 de
1073 4490 1162 4532 more
1196 4470 1275 4532 alias
1299 4484 1465 4548 consvet0,
1489 4483 1520 4531 et
1543 4484 1673 4552 preterea

427 4595 512 4636 nunc
537 4575 569 4635 ln
594 4575 731 4654 civitate,
759 4589 868 4636 contra
893 4576 1170 4656 adjudicacionem
1196 4590 1227 4638 et
1247 4577 1410 4639 decretum
1435 4576 1610 4658 juratorum
1625 4593 1674 4635 no·

426 4695 564 4742 strorum
599 4681 685 4743 dIcto
717 4695 861 4763 ternpore
892 4681 1049 4764 judicatus
1081 4683 1214 4765 predicti
1248 4684 1347 4765 ipsius
1378 4682 1544 4745 Michaelis
1574 4680 1674 4766 judicis

427 4787 552 4867 factam,
576 4809 684 4849 rursus
708 4803 831 4870 reperta
856 4801 886 4850 et
909 4789 1117 4871 deprehensa,
1142 4790 1217 4851 licet
1241 4809 1357 4871 penam
1382 4789 1464 4870 ignis
1489 4803 1520 4851 et
1544 4785 1671 4850 incendii

427 4895 608 4956 demeretur
632 4915 690 4976 pro
715 4897 779 4956 suis
796 4895 961 4956 maleficiis
985 4896 1170 4977 prenotatis,
1190 4917 1226 4957 ac
1243 4911 1349 4958 tamen
1374 4897 1589 4958 misericordia
1606 4891 1672 4954 moti

427 5013 457 5064 et
482 5020 575 5064 causa
600 5000 650 5061 dei
685 5014 715 5063 et
747 5001 814 5063 eius
846 5001 1009 5081 genitricis
1034 5002 1143 5080 Mario,
1176 5015 1210 5062 ut
1242 5003 1307 5084 ipsa
1340 5015 1469 5086 peccata
1494 5002 1605 5066 defleat
1625 5016 1672 5084 per
