3740 5810
529 555 613 611 Asino
637 568 726 631 1423·
751 587 791 598 -
817 550 866 613 16.
890 555 1005 628 aprilis.
1373 573 1431 635 117

273 767 353 829 Item
380 766 497 828 Paulus
521 763 720 826 Zidouchich
737 765 861 846 pridem
886 763 1007 844 juratus
1030 763 1149 846 recepit
1172 763 1232 825 sibi
1256 764 1430 826 terminum

163 874 386 957 responsionis
417 893 526 934 coram
558 872 653 934 nobis
684 885 793 933 contra
819 871 975 933 Jacobum
1008 870 1200 932 modernum
1224 869 1362 952 juratum
1389 871 1428 932 ad

164 982 306 1064 primum
331 979 498 1062 judicium.

273 1104 351 1166 ltem
376 1103 538 1166 Fabianus
562 1103 705 1165 literatus
728 1115 837 1166 contra
867 1102 1047 1165 Barnabam
1071 1115 1226 1164 sartorem
1252 1103 1356 1185 primo
1388 1103 1430 1166 ci-

164 1225 248 1273 tatus
275 1231 340 1273 non
367 1211 556 1293 comparuit.

273 1318 353 1380 ltem
378 1317 496 1380 Paulus
527 1316 735 1379 Zidowchich
765 1317 889 1400 pridem
922 1315 1043 1398 juratus
1075 1329 1184 1378 contra
1218 1316 1431 1377 Laurencium

163 1423 360 1506 Hungarum
386 1425 579 1485 modernum
608 1423 745 1504 juratum
770 1424 876 1507 primo
907 1423 1022 1486 citatus
1053 1422 1149 1505 peciit
1181 1423 1240 1484 sibi
1273 1421 1431 1504 justiciam

163 1530 303 1593 civitatis
326 1549 534 1592 communem
558 1529 697 1610 elargiri.

275 1653 354 1716 Item
380 1653 464 1716 Iwan
482 1653 567 1715 filius
584 1653 738 1736 Stephani
756 1673 829 1715 cum
846 1651 1016 1716 sufficienti
1041 1667 1072 1714 et
1088 1653 1228 1715 evidenti
1246 1667 1430 1716 nostrorum

164 1760 351 1821 concivium
375 1760 562 1822 testimonio
594 1775 625 1821 et
658 1760 786 1842 plebani
821 1760 953 1822 ecclesie
985 1760 1069 1821 beati
1094 1760 1191 1821 Marci
1224 1760 1430 1840 ewangeliste

163 1866 317 1927 videlicet
342 1865 435 1926 Petro
471 1863 653 1927 confessore
678 1866 784 1928 Gerde
808 1866 917 1928 relicte
945 1867 1083 1928 condam
1109 1865 1249 1928 Golozlo
1274 1866 1370 1944 lwan,
1396 1867 1428 1927 id

163 1973 196 2033 in
221 1973 300 2034 sede
325 1971 490 2053 judiciaria
515 1971 739 2054 comprobavit
755 1991 861 2034 coram
887 1973 989 2050 nobis,
1014 1973 1102 2053 quod
1127 1971 1205 2033 dum
1231 1973 1298 2054 ipsa
1323 1972 1355 2034 in
1374 1970 1432 2033 bu·

164 2079 271 2140 manis
303 2079 436 2159 egisset,
472 2091 548 2140 tunc
579 2079 706 2140 vineam
736 2098 824 2140 suam
858 2079 963 2141 eidem
997 2079 1104 2141 Iwano
1137 2079 1276 2141 vendere
1309 2091 1340 2140 et
1373 2099 1431 2161 pro

164 2185 275 2246 anima
299 2205 368 2263 sua,
392 2198 476 2246 recte
500 2184 557 2246 filii
574 2185 633 2264 sui,
657 2205 696 2248 ex
720 2185 838 2246 eisdein
864 2185 1009 2267 pecuniis
1024 2185 1116 2247 vinee
1141 2185 1271 2248 vendite
1295 2199 1357 2247 tres
1374 2185 1431 2248 flo-

162 2311 261 2352 renos
287 2292 373 2370 dare,
397 2290 562 2352 residuum
585 2311 661 2354 vero
686 2292 718 2352 in
743 2292 935 2354 elemosinas
954 2311 1013 2374 pro
1030 2292 1136 2354 anima
1160 2292 1305 2354 eiusdem
1329 2293 1431 2354 eciam

163 2397 296 2478 elargiri
330 2397 558 2475 commisissem
589 2398 724 2460 domum
757 2417 831 2460 vero
861 2417 951 2459 suam
983 2399 1089 2460 eidem
1122 2399 1229 2460 Iwano
1254 2399 1298 2461 sic
1323 2419 1431 2462 coram

165 2503 289 2565 eisdem
315 2504 449 2566 testibus
465 2502 635 2584 fidedignis
653 2504 823 2582 commisit,
841 2503 929 2585 quod
953 2503 1095 2586 predicta
1112 2505 1221 2566 relicta
1246 2504 1303 2566 tilii
1322 2503 1429 2568 Gerde

163 2622 336 2691 prenotate
359 2611 391 2671 in
417 2609 530 2671 eadem
555 2610 653 2672 domo
678 2610 793 2672 debeat
824 2629 953 2672 manere
977 2611 1101 2672 tamdiu
1125 2629 1272 2693 quosque
1296 2630 1430 2674 consan-

162 2715 278 2797 guinei
302 2715 402 2798 ipsius
428 2715 535 2778 Gerde
559 2716 715 2793 venirent,
738 2717 764 2777 si
782 2730 889 2778 autem
912 2716 1122 2798 contingeret,
1139 2717 1227 2798 quod
1252 2736 1318 2779 non
1342 2717 1430 2778 veni·

162 2836 245 2900 rent,
279 2836 354 2883 tunc
384 2821 471 2884 idem
504 2821 587 2884 lwan
621 2836 806 2904 prenotatus
838 2824 938 2905 ipsam
968 2823 1102 2885 domum
1134 2843 1171 2884 ex
1204 2823 1430 2886 commissione

162 2928 266 3010 ipsius
291 2927 399 2990 Gerde
424 2928 539 2991 debeat
562 2927 701 2990 vendere
726 2941 757 2990 et
780 2949 837 3011 pro
861 2930 969 2992 anima
992 2949 1048 2991 aua
1073 2949 1243 3011 exponere.

273 3052 351 3113 Item
376 3051 523 3114 Thomas
547 3065 635 3115 sutor
658 3053 799 3115 Bodesin
817 3053 920 3115 dictus
945 3067 1054 3116 contra
1079 3051 1264 3134 Dragchech
1288 3051 1429 3114 secundo

162 3160 281 3221 citatus
304 3179 369 3220 non
396 3159 585 3242 comparuit.

271 3265 350 3327 ltem
382 3265 569 3347 Dragchech
600 3279 711 3328 contra
743 3266 900 3328 Jacobutn
934 3265 1017 3349 Lylii
1050 3264 1193 3328 secundo
1217 3264 1332 3326 citatus
1364 3285 1429 3326 non

162 3372 358 3455 comparuit.

272 3477 351 3540 ltem
375 3477 514 3540 decanus
539 3477 707 3540 Marchecb
732 3491 842 3540 eontra
875 3479 1093 3560 Augustinum
1119 3478 1228 3541 Cusne
1254 3477 1360 3560 primo
1387 3479 1429 3540 ci·

163 3598 251 3646 tatus
276 3604 341 3645 non
367 3585 556 3666 comparuit.

270 3707 350 3768 Item
367 3707 512 3770 Andreas
536 3709 685 3772 Swechar
702 3723 811 3772 contra
837 3711 992 3772 Jacobum
1011 3709 1132 3771 Zedina
1149 3709 1291 3770 secundo
1316 3709 1430 3772 citatus

163 3833 228 3876 non
255 3815 447 3896 comparuit.

270 3919 350 3981 Item
374 3920 450 4001 quia
473 3920 592 3983 Paulus
616 3920 701 3983 filius
732 3921 845 4004 Stoyse
876 3935 907 3984 et
931 3921 1092 3983 Johannes
1123 3921 1206 3983 servi
1231 3921 1427 4002 Stephanich

163 4024 260 4086 hodie
286 4025 328 4087 ad
345 4040 418 4088 octo
435 4026 502 4088 dies
527 4027 644 4089 debent
660 4028 763 4110 jurare
792 4029 929 4110 quilibet
944 4028 1127 4090 terciusmet
1160 4041 1269 4090 contra
1287 4027 1428 4090 eundem

164 4131 374 4214 Stephanich‚
398 4133 486 4214 quod
511 4134 570 4216 ipsi
595 4154 654 4196 nec
671 4135 731 4196 sibi
750 4154 807 4196 nec
831 4135 947 4198 ancille
971 4155 1027 4196 sue
1045 4134 1168 4216 aliquas
1190 4134 1293 4196 minas
1317 4135 1428 4196 mortis

164 4237 393 4320 inposuissent,
417 4259 477 4301 nec
501 4240 533 4300 in
558 4239 667 4322 aliqua
691 4261 784 4304 causa
810 4239 884 4303 furti
908 4242 959 4302 vel
977 4242 1038 4303 alia
1064 4254 1173 4304 contra
1198 4241 1330 4304 eosdem
1354 4261 1428 4324 pro·

163 4345 268 4425 posita
294 4342 428 4406 fuissent
451 4345 635 4428 culpabiles.

271 4468 351 4529 ltem
375 4469 451 4549 quia
476 4469 662 4552 Dragcbecb
687 4490 813 4532 causam
836 4491 933 4552 quam
950 4472 1118 4554 proposuit
1143 4485 1252 4534 contra
1269 4473 1427 4534 lacobum

164 4569 359 4637 modernum
384 4574 524 4656 juratum
549 4595 613 4638 non
639 4578 744 4657 potuit
768 4579 989 4659 comprobare,
1014 4577 1089 4640 ideo
1105 4575 1198 4658 jurati
1224 4577 1428 4660 adjudicave-

164 4695 249 4759 runt,
275 4680 365 4762 quod
389 4681 421 4742 in
446 4682 536 4745 XXV
560 4683 674 4745 marcis
703 4702 824 4765 proco
856 4683 1117 4760 convinceretur;
1151 4683 1282 4765 dequo
1307 4683 1427 4765 judicio

164 4787 232 4870 ipse
257 4805 323 4848 non
348 4801 518 4850 contentus
540 4789 666 4851 attraxit
690 4789 827 4850 eandem
851 4809 978 4850 causam
1003 4790 1043 4852 ad
1067 4789 1209 4851 seniores
1233 4789 1364 4870 judices.

272 4911 352 4973 Item
383 4912 458 4993 quia
491 4911 653 4974 lohannes
687 4913 860 4994 Hungarus
891 4913 1015 4995 pridem
1044 4913 1140 4994 judex
1172 4913 1231 4974 fuit
1262 4913 1429 4976 fideiussor

167 5017 275 5082 Blasio
301 5017 486 5102 Nausicbyn
509 5039 568 5104 pro
593 5019 702 5084 debito
726 5019 756 5080 X
779 5018 848 5083 flor.
874 5039 939 5102 quo
961 5019 1098 5086 debebat
1121 5020 1181 5086 sibi
1207 5020 1331 5087 Blasius
1355 5022 1428 5084 Buti
