3876 5798
335 740 413 802 Item
446 739 592 823 Matbyas
616 739 737 820 juratus
770 738 854 801 filius
880 739 1033 822 Stephani
1065 739 1182 821 jurabit
1206 740 1284 802 feria
1307 755 1393 804 sexta
1418 763 1492 824 pro-

229 846 313 908 xima
338 859 409 928 post
433 860 578 908 octavam
599 846 697 908 Pasce
717 847 848 908 Domini
872 860 982 908 contra
999 847 1207 908 Valentinum
1231 847 1369 929 juratum
1397 867 1492 930 super

230 971 279 1031 eo,
305 965 338 1013 ut
362 951 450 1013 nulla
474 952 536 1013 alia
560 972 693 1033 peccora
725 952 786 1014 nisi
816 952 977 1014 Valentini
1008 951 1124 1034 judicis
1157 972 1285 1015 surcum
1310 967 1340 1015 et
1364 954 1493 1016 milium

230 1057 331 1139 ipsius
355 1056 485 1140 Matbye
509 1057 602 1139 jurati
628 1058 792 1140 depastata
815 1071 889 1120 sunt
904 1079 960 1120 seu
984 1079 1042 1141 pet
1062 1072 1187 1140 pastum
1212 1073 1493 1142 consumpserunt,

230 1184 288 1226 uec
312 1165 380 1247 ipse
404 1165 551 1247 Matbyas
567 1165 688 1245 juratus
711 1166 852 1247 aliquem
878 1165 976 1227 alium
994 1166 1053 1227 scit
1072 1185 1167 1228 suum
1191 1185 1259 1227 esse
1284 1164 1491 1248 dampnifica-

229 1283 331 1332 torem
359 1271 392 1332 in
417 1291 510 1333 surco
535 1285 565 1333 et
588 1269 679 1333 milio
703 1284 882 1354 prenotato,
900 1272 960 1333 nisi
985 1271 1089 1354 ipsum
1114 1271 1321 1334 Valentinum
1339 1271 1493 1354 judicem.

337 1377 413 1439 ltem
440 1377 631 1438 Benedictus
655 1376 739 1439 filius
757 1377 940 1440 Ktatbeben
963 1377 1117 1440 lobannis
1133 1378 1202 1440 sola
1226 1398 1282 1440 sua
1307 1379 1338 1440 in
1357 1397 1492 1460 persona

232 1481 336 1562 jurare
360 1483 521 1544 tenebitur
538 1483 652 1546 eodem
678 1483 729 1544 die
746 1504 841 1565 super
865 1503 952 1545 aram
974 1497 1083 1545 contra
1100 1483 1309 1546 Valentinum
1332 1484 1492 1547 literatum

230 1589 420 1650 servitorem
446 1589 570 1650 domini
595 1589 749 1650 lobannis
773 1589 881 1652 vicarii
907 1589 1044 1652 infacto
1068 1590 1234 1652 cuiusdam
1260 1591 1358 1673 panni
1383 1603 1414 1652 et
1430 1591 1493 1652 tele

230 1695 339 1777 kytbel
365 1695 446 1757 dicte
471 1717 507 1757 ac
531 1696 662 1758 alterius
685 1696 748 1757 tele
783 1696 887 1778 spinal
915 1696 998 1759 dicte
1030 1716 1198 1779 supereo,
1230 1711 1265 1759 ut
1289 1697 1355 1778 ipse
1390 1697 1493 1758 Bene·

231 1800 333 1862 dictus
365 1802 485 1863 dictum
520 1821 662 1883 pannum
695 1815 726 1863 et
757 1803 840 1885 ipsas
868 1802 946 1864 telas
978 1801 1090 1884 prefati
1116 1803 1278 1866 Valentini
1310 1803 1426 1866 literati
1451 1802 1491 1864 ad

232 1927 359 1970 curtum
383 1928 476 1970 suum
501 1927 566 1971 non
591 1910 710 1991 recepit
734 1929 793 1970 nec
816 1909 874 1972 scit
897 1929 962 1992 quo
995 1909 1124 1970 devenit
1148 1929 1206 1971 nec
1230 1928 1304 1970 cum
1329 1909 1410 1972 scitu
1434 1929 1492 1971 suo

233 2027 278 2074 est
302 2013 487 2096 deperditus
510 2033 568 2075 nec
592 2015 717 2076 antisse.

322 2248 417 2324 Feria
445 2259 543 2324 sexta
572 2255 726 2342 proxima
755 2260 832 2326 ante
860 2254 982 2326 festam
1011 2254 1100 2327 beati
1130 2254 1280 2344 Gregorii
1310 2274 1402 2344 pape.

736 2468 738 2472 ,
762 2404 827 2486 (1·0.
850 2407 973 2486 martit).

337 2545 414 2608 Item
441 2546 566 2608 Blasius
589 2544 710 2628 juratus
730 2545 813 2608 filius
832 2546 984 2630 Stephani
1009 2548 1087 2609 alias
1110 2560 1198 2610 sutor
1226 2547 1329 2608 dictus
1355 2547 1492 2630 Wytbe-

228 2651 348 2735 sycbyn
377 2667 487 2714 contra
503 2673 636 2715 uxorem
660 2653 799 2716 Emerici
816 2654 932 2715 sutoris
958 2654 1033 2716 dicti
1057 2654 1189 2716 Skertha
1206 2653 1350 2716 secundo
1377 2653 1491 2715 citatus

230 2778 296 2820 non
322 2759 513 2840 comparuit.

335 2865 413 2927 ltem
446 2865 611 2927 Emericus
641 2879 730 2928 autor
754 2867 837 2948 Sega
868 2867 970 2929 dictus
995 2881 1103 2929 contra
1138 2867 1349 2930 Benedictum
1376 2864 1490 2927 Hwala

230 2971 371 3033 secundo
396 2971 509 3033 citatus
533 2991 598 3033 non
624 2973 812 3053 comparuit.

337 3077 414 3139 Item
443 3079 593 3160 magister
624 3077 772 3142 Matheus
802 3081 945 3142 notarius
977 3080 1112 3142 civitatis
1143 3079 1285 3162 predicte
1317 3079 1492 3141 modernus

229 3183 270 3244 ad
295 3184 485 3246 instantiam
511 3183 643 3266 Georgii
677 3184 771 3266 jurati
802 3186 878 3248 dicti
911 3185 1022 3248 Gurak
1045 3187 1077 3247 in
1101 3187 1206 3268 primo
1238 3185 1358 3269 judicio
1382 3205 1490 3246 coram

229 3290 323 3351 nobis
347 3290 564 3373 respondebit.

336 3397 415 3458 ltem
439 3397 591 3458 Nicolaus
614 3396 736 3478 juratus
759 3397 844 3460 filius
866 3398 1019 3480 Stephani
1044 3412 1076 3460 et
1100 3397 1217 3460 Paulus
1241 3396 1382 3460 carnifex
1406 3396 1491 3459 filius

230 3501 358 3564 Thome
383 3503 415 3564 in
440 3523 533 3565 causa
558 3523 669 3565 eorum
695 3504 777 3566 inter
801 3504 886 3586 ipsos
911 3523 1018 3566 coram
1045 3505 1138 3566 nobis
1162 3517 1249 3566 mota
1274 3518 1304 3565 et
1329 3505 1411 3565 inter
1435 3523 1491 3564 eos

229 3606 335 3670 babita
370 3609 402 3671 in
438 3608 521 3671 facto
557 3609 836 3672 debonestacionis
869 3610 969 3692 ipsius
999 3609 1126 3672 Nicolai
1166 3609 1259 3690 jurati
1296 3629 1352 3690 per
1385 3610 1489 3692 ipsum

230 3714 365 3776 Paulum
390 3714 570 3778 carnificem
594 3736 689 3798 super
713 3716 852 3778 eundem
869 3716 1039 3778 Nicolaum
1064 3715 1190 3795 factam,
1215 3716 1350 3777 omnino
1376 3734 1490 3797 pacem

229 3817 381 3900 fecerunt,
407 3822 508 3904 ipsam
533 3842 660 3884 causam
686 3823 766 3884 inter
789 3843 821 3884 se
845 3823 985 3885 totaliter
1009 3823 1217 3906 deponentes.

334 3926 425 4009 (Item
442 3927 594 3990 Clemens
610 3941 698 3990 sutor
714 3927 798 3990 filius
814 3928 983 4010 Ant)honii
1000 3929 1039 3990 de
1063 3975 1071 3991 .
1089 3975 1097 3990 .
1122 3926 1239 4010 (super)
1258 3927 1376 3988 vulnus
1396 3946 1490 3988 suum

230 4046 260 4093 et
271 4034 435 4114 sanguinis
451 4033 639 4096 effusionem
653 4033 793 4116 (jurabit)
807 4033 885 4096 feria
899 4049 984 4096 sexta
1001 4035 1146 4117 proxima
1160 4047 1231 4116 post
1240 4047 1384 4095 octavam
1395 4033 1491 4094 Pasce

230 4138 361 4200 Domini
387 4153 496 4202 contra
522 4139 699 4222 Georgium
721 4154 862 4203 sutorem
888 4139 997 4204 Gurak
1026 4141 1147 4203 dictum
1171 4159 1267 4221 super
1291 4158 1341 4218 eo,
1364 4151 1401 4200 ut
1423 4139 1490 4221 ipse

230 4243 392 4326 Georgius
416 4259 504 4310 sutor
528 4246 638 4310 Gurak
656 4247 759 4310 dictus
780 4248 883 4330 ipsum
901 4247 1018 4308 vulnus
1042 4261 1073 4309 et
1089 4247 1206 4308 dictam
1224 4247 1389 4328 sauguinis
1412 4245 1490 4307 effu·

228 4350 352 4412 sionem
376 4371 471 4435 super
495 4358 654 4435 prefatum
672 4352 874 4416 Clementem
895 4367 1037 4415 sutorem
1054 4367 1276 4436 perpetrasset,
1302 4365 1332 4416 et
1356 4352 1396 4414 de
1420 4352 1490 4434 ipso

228 4455 409 4538 juramento
434 4458 519 4520 idem
539 4457 648 4521 Gurak
672 4473 761 4521 sutor
778 4460 838 4542 ipsi
856 4458 1017 4522 Clementi
1034 4472 1201 4541 tamquam
1226 4459 1287 4520 civi
1311 4458 1397 4540 juxta
1415 4477 1490 4520 con·

228 4575 314 4625 tenta
349 4563 509 4646 privilegii
545 4566 727 4627 communis
761 4564 1015 4628 satisfaccionem
1051 4564 1272 4628 omnimodam
1314 4563 1489 4646 inpendere

229 4667 369 4732 debebit.

333 4775 411 4838 ltem
444 4777 519 4858 quia
544 4778 711 4839 Emericus
733 4777 818 4840 filius
841 4777 967 4840 Nicolai
992 4778 1032 4840 de
1057 4777 1203 4840 Gradsan
1227 4796 1326 4858 genet
1350 4774 1488 4837 condam

230 4882 326 4943 Blasii
352 4881 408 4943 filii
427 4883 555 4944 Martini
573 4885 649 4946 dicti
674 4883 789 4945 Krusel
818 4884 977 4946 habitator
994 4884 1077 4945 dicte
1094 4883 1238 4962 civitatis,
1264 4881 1295 4942 id
1313 4899 1384 4942 cum
1403 4878 1489 4942 suffi-

228 4989 323 5050 cienti
348 5004 378 5050 et
402 4988 566 5070 fidedigno
591 5003 771 5052 nostrorum
798 4990 979 5052 concivium
1011 4990 1196 5052 testimonio
1226 4989 1258 5049 in
1283 4988 1358 5049 sede
1382 5001 1488 5049 nostra

1344 5097 1383 5158 29
