3740 5810
417 495 477 555 ¹24
832 479 1033 557 Ann01423.
1059 513 1098 522 -
1122 495 1153 556 4.
1170 481 1262 555 sanai,

415 704 489 750 runt
512 688 601 771 quod
624 688 706 768 talis,
738 689 813 771 quia
837 709 894 772 per
918 688 1088 751 Nicolaum
1114 688 1216 751 filium
1246 690 1376 754 Andree
1401 691 1440 752 de
1465 690 1667 753 Wltomerich

417 795 457 856 de
481 795 646 857 montibus
670 807 776 857 sancte
801 795 975 857 Katherine
1000 795 1032 856 in
1056 793 1220 858 furticinio
1241 797 1368 858 notorio
1393 811 1440 859 est
1463 797 1669 880 reprehensus

414 921 464 980 eo,
488 901 576 982 quod
602 921 699 962 unam
723 921 855 964 vaccam
888 921 978 963 suam
1010 903 1218 981 subtraxerat,
1245 917 1276 964 et
1307 905 1388 966 cutis
1412 905 1553 966 eiusdem
1579 924 1669 966 vacce

411 1007 445 1068 in
478 1007 626 1069 manibus
660 1008 735 1070 dicti
772 1006 850 1070 furis
873 1022 920 1069 est
952 1009 1091 1088 inventa,
1124 1022 1221 1090 prout
1251 1009 1337 1071 idern
1369 1009 1420 1071 fur
1451 1009 1549 1072 fassus
1572 1009 1671 1071 extitit

414 1113 503 1175 solus
527 1133 633 1175 coram
659 1115 764 1193 nobis,
789 1115 863 1176 ideo
888 1113 973 1176 idem
1007 1115 1152 1176 Andreas
1175 1114 1236 1194 fur,
1258 1136 1355 1197 quem
1380 1137 1437 1198 per
1460 1117 1671 1198 juramentum

410 1239 467 1302 per
491 1221 598 1302 ipsum
624 1220 795 1282 Nicolaum
820 1240 916 1302 super
940 1235 1035 1302 caput
1052 1222 1120 1283 eius
1143 1222 1244 1284 tercio
1267 1243 1301 1284 se
1319 1223 1500 1304 depositum
1527 1239 1560 1285 ut
1574 1222 1673 1284 moris

412 1339 458 1388 est
485 1341 669 1408 preventus,
695 1327 857 1390 extraduci
882 1327 988 1408 ligatis
1020 1327 1123 1389 oculis
1150 1341 1181 1389 et
1211 1329 1361 1390 manibus
1385 1350 1401 1390 a
1426 1331 1516 1391 retris
1539 1332 1596 1391 sub
1619 1349 1672 1411 pa-

410 1432 514 1495 tibulo
542 1447 573 1494 et
596 1433 747 1516 suspendi
775 1433 890 1496 debeat
913 1453 969 1514 per
993 1434 1163 1495 Nicolaum
1188 1433 1417 1515 supradictum.

521 1539 597 1601 ltem
622 1540 730 1601 Kneht
753 1552 863 1602 contra
889 1539 1175 1621 Dragchechonem
1195 1541 1337 1601 secundo
1361 1541 1474 1602 citatus
1498 1559 1560 1601 non
1583 1559 1671 1602 com·

412 1646 530 1727 paruit.

522 1751 598 1814 Item
616 1771 708 1814 causa
728 1752 857 1835 Mathye
882 1766 913 1814 et
930 1751 1084 1834 Stephani
1108 1751 1293 1814 carnificum
1311 1766 1344 1814 ut
1361 1753 1393 1813 in
1411 1773 1538 1814 causam
1561 1765 1671 1814 attrac-

411 1871 518 1919 torum
544 1879 581 1920 ac
604 1859 766 1921 Valentini
791 1859 893 1920 vitrici
920 1859 1106 1920 Mranltonis
1131 1873 1165 1920 ut
1196 1859 1322 1938 actoris,
1346 1859 1386 1920 ad
1412 1871 1558 1921 octavum
1585 1860 1669 1920 diem

411 1965 451 2025 ad
477 1985 588 2046 pacem
613 1979 660 2026 est
683 1979 819 2047 recepta.

519 2071 596 2132 Item
623 2071 820 2132 Laurentius
844 2071 969 2133 institor
993 2085 1103 2133 contra
1128 2071 1263 2132 Paulum
1289 2085 1443 2132 sartorem
1468 2070 1569 2132 filium
1593 2069 1670 2132 Gre-

410 2177 493 2258 gorii
519 2177 624 2259 primo
648 2177 761 2238 citatus
785 2197 849 2238 non
874 2177 1064 2260 comparuit.

518 2283 595 2345 ltem
622 2284 756 2364 Egidius
780 2283 918 2346 carnifex
936 2297 1045 2345 contra
1064 2283 1232 2346 Marchech
1250 2284 1408 2346 decanum
1432 2285 1537 2366 primo
1561 2285 1670 2346 citatus

412 2409 477 2451 non
503 2391 694 2472 comparuit.

517 2496 594 2558 ltem
619 2517 711 2558 causa
738 2497 819 2558 inter
836 2496 1016 2558 lohannem
1032 2497 1157 2578 pridem
1178 2495 1317 2576 judicem
1344 2497 1536 2580 Zigethsyak
1553 2499 1670 2559 dictum

411 2615 442 2663 et
466 2602 651 2664 Ladislaum
675 2615 816 2664 sutorem
833 2622 988 2684 generum
1014 2601 1167 2684 Stephani
1185 2603 1336 2685 pincerne
1360 2604 1400 2664 ad
1418 2617 1563 2666 octavam
1588 2604 1669 2665 diem

412 2707 451 2768 ad
477 2729 589 2790 pacem
615 2722 661 2771 est
685 2723 810 2790 recepta
835 2729 891 2790 per
915 2709 1045 2770 eosdem
1070 2723 1175 2772 testes.

518 2815 596 2876 ltem
620 2815 712 2896 jurati
738 2814 1012 2894 adjudicaverunt,
1038 2816 1125 2897 quod
1151 2817 1233 2878 Nesa
1258 2816 1373 2878 ancilla
1399 2817 1536 2879 condam
1561 2814 1665 2878 Jacobi

414 2921 561 2983 Horuath
580 2921 727 2984 moderni
752 2920 844 3002 jurati
869 2921 901 2983 in
927 2921 1010 2983 facto
1031 2920 1184 2983 furticinii
1202 2923 1410 3004 pecuniarum
1438 2937 1545 2985 contra
1567 2922 1665 2984 Santi·

411 3029 536 3090 niczam
561 3028 658 3090 hodie
682 3027 721 3089 ad
754 3041 826 3088 octo
858 3027 927 3090 dies
957 3041 1110 3089 sextamet
1134 3027 1230 3090 debet
1262 3027 1476 3109 juramentum
1508 3028 1664 3110 deponere

410 3155 568 3218 supereo,
593 3135 681 3218 quod
699 3135 764 3217 ipsa
783 3135 951 3216 pecuniam
969 3132 1089 3216 prefate
1108 3134 1292 3196 Santiniche
1306 3135 1440 3196 minime
1457 3134 1665 3210 subtraxisset,

411 3241 467 3302 sed
491 3242 524 3302 in
548 3242 638 3304 totali
663 3242 793 3303 accione
818 3255 849 3303 et
872 3239 955 3302 facto
980 3241 1134 3302 innocens
1158 3255 1249 3302 esset.

433 3415 436 3420 ,
517 3347 595 3409 Item
620 3367 713 3409 causa
739 3346 870 3428 Georgii
901 3393 1039 3410 ......
1064 3347 1103 3408 ad
1133 3359 1282 3409 octavum
1314 3345 1399 3407 diem
1424 3345 1464 3406 ad
1489 3365 1599 3428 pacem
1623 3359 1669 3406 est

411 3467 547 3535 recepta.

411 3670 507 3745 Feria
535 3683 633 3744 sexta
662 3676 817 3763 proxima
845 3682 921 3762 post
949 3673 1070 3744 festum
1095 3675 1323 3744 sacratissimi
1353 3671 1508 3762 Corporis
1538 3670 1667 3743 Christi.

960 3827 1004 3904 (4.
1019 3824 1129 3902 junii).

520 3965 598 4028 ltem
623 3966 697 4047 quia
723 3965 876 4027 Clemens
904 3963 1063 4026 aurifaber
1093 3963 1179 4026 filius
1210 3963 1372 4026 Ambrosii
1398 3963 1429 4024 in
1455 3982 1550 4025 causa
1574 3963 1669 4044 suspi-

409 4075 494 4137 ciosa
519 4073 772 4136 circumcisionis
796 4072 1001 4133 denariorum
1034 4071 1189 4151 regalium
1214 4083 1324 4133 contra
1356 4069 1496 4130 eundem
1520 4089 1576 4151 per
1601 4069 1664 4130 Ste-

409 4181 551 4264 phanum
576 4181 697 4241 dictum
723 4180 837 4242 Kerser
860 4197 967 4239 coram
993 4177 1087 4238 nobis
1111 4177 1239 4259 publice
1264 4177 1439 4260 proposita,
1456 4175 1667 4257 juramentum

409 4288 509 4349 tercio
533 4308 564 4347 se
590 4287 749 4347 similibus
773 4285 895 4346 civibus
919 4303 1014 4365 super
1038 4303 1123 4344 aram
1143 4283 1203 4343 sibi
1229 4282 1449 4364 adjudicatum
1466 4281 1614 4363 deposuit
1637 4293 1670 4341 ut

411 4395 533 4472 debuit,
558 4395 632 4455 ideo
657 4411 716 4454 nos
740 4391 878 4453 eundem
904 4391 1106 4452 Clementem
1131 4388 1328 4450 aurifabrum
1352 4389 1384 4449 in
1409 4387 1493 4450 facto
1518 4387 1668 4469 premisso

412 4500 635 4562 commisimus
645 4513 674 4560 et
685 4498 873 4579 reliquimus
888 4495 954 4557 fore
963 4495 1147 4579 expeditum
1158 4495 1348 4556 etomnibus
1362 4493 1467 4555 modis
1477 4493 1667 4554 absolutum.

520 4605 599 4667 ltem
623 4604 813 4667 Valentinus
837 4602 922 4663 filius
947 4601 1164 4663 Bartholomei
1190 4613 1220 4662 et
1236 4601 1398 4662 Fabianus
1415 4598 1499 4660 iilius
1517 4599 1581 4662 M..
1607 4617 1669 4660 car·

410 4711 519 4774 nifices
544 4726 575 4772 et
591 4711 821 4772 inhabitatores
838 4708 974 4770 civitatis
998 4720 1103 4768 nostre
1121 4705 1337 4786 juramentum
1355 4707 1431 4790 ipsis
1454 4706 1671 4788 adjudicatum

411 4820 444 4880 in
468 4838 561 4880 causa
586 4817 753 4878 cuiusdam
780 4835 874 4876 vacce
900 4834 956 4897 per
981 4813 1112 4895 Andrey
1128 4810 1230 4873 filium
1256 4812 1386 4898 Mathey
1410 4813 1449 4876 de
1476 4811 1671 4877 Letouanich

410 4927 580 5004 subtracte,
604 4924 810 5008 prestiterunt
837 4940 896 4986 suo
921 4919 1019 4981 modo
1044 4931 1079 4980 ut
1102 4917 1293 4984 debuerunt.

938 5074 1148 5092 ...r—m*
