3678 5800
453 545 517 606 224
852 533 1051 608 Anno1435.
1077 563 1117 574 -
1141 525 1192 590 18.
1216 531 1325 590 martii.

451 742 656 824 pertinenciis
681 741 802 824 prefate
830 743 945 806 Vrsule
970 742 1098 805 mulieri
1122 741 1252 825 plenam
1276 741 1437 804 vendendi
1463 755 1495 804 et
1519 742 1620 804 modo
1648 761 1695 824 pre·

451 848 549 910 misso
573 849 766 932 disponendi
794 849 925 930 plenam
949 849 1153 912 attribuimus
1175 861 1376 930 potestatem.

557 971 635 1034 ltem
660 972 784 1034 Mathei
814 986 903 1035 sutor
935 973 975 1036 de
1008 973 1207 1052 Krawarslra‚
1240 973 1399 1035 habitator
1430 973 1577 1050 civitatis,
1610 985 1694 1035 contra

451 1078 625 1140 Matrinum
649 1093 791 1143 sutorem
816 1081 938 1144 dictum
963 1079 1082 1164 Ztyzlra
1107 1082 1213 1163 primo
1238 1081 1352 1142 citatus
1377 1099 1442 1143 non
1468 1081 1655 1161 comparuit.

560 1201 636 1264 ltem
663 1203 744 1266 Pero
768 1203 890 1286 juratus
914 1218 1024 1267 contra
1049 1205 1227 1266 Fabianum
1245 1205 1413 1283 cultorem,
1437 1203 1643 1286 jobagionem
1661 1201 1693 1282 ju·

451 1307 530 1369 dicis
554 1309 712 1388 moderni,
736 1311 842 1392 primo
867 1311 980 1372 citatus
1004 1331 1069 1374 non
1093 1311 1283 1394 comparuit.

560 1434 638 1496 ltem
663 1435 738 1516 quia
764 1435 917 1498 Clemens
946 1433 1030 1498 filius
1053 1435 1214 1498 Valentini
1248 1435 1324 1497 dicti
1350 1433 1522 1518 Lepchych
1547 1448 1580 1496 et
1604 1433 1693 1516 Elyza·

455 1540 530 1604 beth
556 1541 648 1602 aliter
679 1541 823 1624 Jalsycza
854 1555 978 1621 vocata,
1008 1541 1117 1604 relicta
1148 1540 1261 1624 prelati
1290 1540 1454 1604 Valentini
1487 1539 1654 1622 Lepchich,
1671 1536 1693 1598 id

452 1667 526 1708 cum
545 1645 715 1709 sufficienti
733 1661 764 1710 et
787 1646 952 1728 fidedigno
976 1660 1159 1709 nostrorum
1183 1647 1366 1708 concivium
1383 1646 1570 1709 testimonio
1595 1641 1693 1706 insede

451 1767 558 1814 nostra
585 1752 751 1831 judiciaria
772 1754 856 1815 clare
880 1755 1132 1836 comprobarunt
1156 1773 1263 1815 coram
1287 1753 1390 1832 nobis,
1415 1765 1450 1815 ut
1474 1751 1553 1814 dum
1578 1749 1694 1834 prelatus

451 1859 645 1922 Valentinus
678 1859 838 1942 Lepchich
872 1860 903 1921 in
937 1861 1086 1922 extremis
1121 1861 1184 1922 vite
1222 1879 1278 1922 sue
1309 1858 1496 1942 temporalis
1533 1859 1693 1934 laborasset,

449 1979 526 2028 tunc
559 1967 626 2048 ipse
654 1967 828 2047 quamdam
854 1967 1043 2049 particulam
1068 1967 1234 2028 cuiusdam
1263 1965 1356 2028 vinee
1380 1986 1448 2045 sue,
1472 1985 1490 2026 a
1515 1978 1604 2047 parte
1625 1963 1693 2023 vinee

451 2072 566 2134 Briccii
600 2072 715 2152 judicis
749 2093 850 2154 usque
882 2073 1038 2154 quasdam
1070 2073 1179 2154 glebas
1211 2073 1293 2134 inter
1324 2072 1479 2153 quasdam
1512 2071 1601 2154 piros
1628 2067 1692 2148 adja-

450 2179 561 2257 centis,
596 2179 843 2260 pertingentem,
882 2179 1003 2262 prefate
1029 2179 1207 2262 Elyzabeth
1240 2179 1332 2240 aliter
1363 2179 1506 2262 Jalsycza
1539 2191 1651 2254 vocate,
1668 2189 1693 2235 ut

449 2284 634 2366 predicitur,
660 2286 806 2366 legasset,
836 2285 932 2348 aliam
958 2305 1034 2348 vero
1059 2299 1089 2347 et
1113 2285 1273 2348 residuam
1305 2300 1427 2368 partem
1452 2286 1598 2347 eiusdem
1620 2285 1691 2345 vinee

449 2411 505 2453 sue
526 2404 637 2470 totam,
656 2393 696 2453 ab
725 2391 787 2454 alia
812 2405 900 2474 parte
925 2392 1065 2454 habitam
1091 2405 1122 2454 et
1145 2393 1305 2472 situatam,
1326 2412 1399 2454 cum
1424 2393 1489 2454 suis
1514 2389 1692 2474 pertinenciis
1793 2379 1794 2394 ¹

451 2512 481 2559 et
506 2497 701 2558 utilitatibus
718 2499 876 2560 universis
899 2497 1029 2560 Thome
1045 2497 1113 2560 filio
1137 2513 1168 2560 et
1183 2499 1298 2560 Vrsule
1322 2519 1358 2560 ac
1375 2499 1475 2560 Elene
1500 2497 1623 2559 filiabus
1638 2515 1691 2578 pre·
1794 2529 1795 2558 ;

450 2601 504 2665 fati
530 2603 721 2682 Clementis,
739 2605 912 2686 nepotibus
935 2605 1085 2666 videlicet
1108 2605 1183 2684 suis,
1200 2605 1347 2666 similiter
1368 2605 1539 2686 legavisset
1562 2604 1625 2684 jure
1639 2620 1691 2684 per·
1794 2675 1795 2696 ,

449 2709 579 2771 hennali
605 2709 846 2792 possidendam,
865 2710 1005 2792 ideoque
1030 2730 1089 2772 nos
1106 2710 1282 2792 predictam
1299 2711 1489 2793 particulam
1507 2711 1605 2790 ipsius
1620 2709 1691 2768 vinee
1794 2711 1795 2726 ¹

450 2835 551 2898 usque
576 2816 735 2898 predictas
758 2816 869 2897 glebas
893 2817 991 2898 vulgo
1015 2817 1113 2899 grede
1146 2817 1255 2896 dictas,
1287 2815 1409 2900 prefate
1443 2816 1616 2900 Elyzabetb
1636 2833 1690 2875 tnu-
1793 2867 1795 2884 ,

452 2923 534 3002 lieri,
558 2923 654 2984 aliam
679 2943 756 2986 vero
774 2937 805 2986 et
829 2923 989 2986 residuam
1006 2938 1130 3006 partem
1154 2925 1299 2986 eiusdem
1318 2924 1410 2985 vinee
1435 2925 1475 2985 ab
1493 2925 1556 2986 alia
1573 2922 1690 3006 predicta

452 3043 541 3110 parte
574 3029 785 3111 adjacentem,
818 3050 890 3092 curn
923 3031 988 3090 suis
1019 3031 1233 3112 pertinenciis,
1267 3029 1396 3114 prelatis
1427 3030 1557 3092 Thome
1585 3028 1643 3090 filio
1668 3039 1691 3086 et

450 3135 568 3196 Vrsule
606 3155 641 3196 ac
675 3135 776 3197 Elene
807 3135 935 3197 filiabus
965 3136 1099 3217 predicti
1131 3136 1310 3199 Clementis
1340 3157 1376 3198 ac
1405 3157 1461 3218 per
1492 3155 1548 3198 eos
1571 3135 1689 3218 ipsorum

449 3239 621 3302 heredibus
644 3241 815 3304 statuimus
838 3255 995 3324 perpetuo
1019 3243 1249 3324 possidendam
1275 3257 1306 3304 et
1326 3243 1627 3323 quomodocumque
1647 3257 1689 3299 ro·
1795 3237 1796 3308 ζ

449 3347 567 3408 luerint
591 3347 826 3429 disponendam
858 3348 944 3430 juxta
977 3349 1203 3412 condicionem
1236 3349 1373 3411 civitatis
1405 3362 1569 3431 prenotate
1591 3349 1626 3409 ab
1646 3364 1689 3406 an·

448 3454 540 3535 tiquo
565 3455 786 3536 approbatam.

557 3577 635 3639 ltem
668 3578 743 3658 quia
776 3577 951 3662 Elyzabeth
984 3578 1100 3642 mulier
1132 3593 1162 3641 et
1186 3579 1275 3642 lellta
1308 3579 1373 3641 filia
1398 3599 1454 3641 sua
1486 3579 1519 3640 in
1545 3577 1688 3640 manifesto

449 3681 608 3744 maleficio
633 3684 775 3765 plurimo
808 3699 838 3746 et
867 3686 1047 3768 specialiter
1078 3685 1110 3746 in
1142 3687 1369 3748 verberacione
1401 3699 1432 3748 et
1456 3684 1603 3747 effusione
1631 3701 1688 3743 san·

448 3788 557 3870 guinis
581 3788 729 3872 Dyonisii
754 3791 857 3852 mariti
875 3792 1022 3873 legittimi
1040 3791 1183 3874 predicte
1200 3791 1289 3854 Jellte
1306 3791 1451 3854 mulieris
1469 3805 1607 3874 repperte
1621 3800 1688 3865 sunt,

451 3895 525 3956 ideo
557 3895 686 3956 easdem
718 3895 804 3978 juxta
836 3917 944 3958 earum
979 3897 1133 3960 demerita
1165 3897 1205 3960 de
1236 3898 1364 3960 civitate
1389 3911 1421 3960 et
1455 3899 1524 3960 eius
1553 3893 1687 3958 territorio

452 4001 587 4082 turpiter
611 4001 733 4062 buculis
758 4017 844 4064 extra
868 4003 937 4064 cedi
963 4002 1097 4066 fecimus
1123 4005 1360 4066 committentes
1384 4005 1518 4084 eisdem,
1542 4017 1572 4066 ut
1593 4003 1628 4064 de
1648 4019 1687 4062 ce·

450 4121 520 4168 tero
545 4121 575 4168 et
599 4127 655 4189 per
679 4108 817 4190 amplius
841 4109 873 4170 in
898 4110 1058 4172 civitatem
1082 4111 1258 4192 predictam
1290 4111 1414 4172 eteius
1445 4110 1628 4174 territorium
1650 4107 1686 4166 in·

453 4227 533 4274 trare
559 4233 622 4275 non
649 4229 843 4296 presumant,
872 4235 935 4297 que
959 4217 984 4277 si
1002 4217 1141 4299 amplius
1165 4231 1310 4300 repperte
1335 4215 1465 4296 fuerint,
1490 4217 1571 4298 juxta
1594 4231 1684 4277 earum

449 4318 603 4382 demerita
620 4339 735 4402 penam
754 4341 851 4404 quam
876 4322 1094 4384 demeruerint
1109 4337 1347 4406 consequentur
1368 4324 1493 4404 justicia
1517 4322 1684 4404 requirente.

503 4555 598 4629 Feria
628 4567 726 4631 sexta
756 4563 911 4649 proxima
939 4568 1018 4634 ante
1044 4562 1169 4636 festum
1196 4563 1287 4634 beati
1316 4561 1486 4634 Benedicti
1514 4561 1643 4634 ablatis.

972 4730 1037 4810 (18.
1062 4733 1185 4810 martii).

554 4887 631 4948 ltem
651 4888 812 4968 Georgius
830 4889 972 4952 Croacus
989 4891 1109 4972 juratus
1125 4906 1235 4954 contra
1254 4893 1416 4976 Mathyam
1437 4895 1548 4956 Farlras
1563 4889 1682 4952 secundo

449 4995 561 5054 citatus
586 5015 649 5054 non
676 4998 864 5077 comparuit.
