3740 5810
482 553 540 629 146
857 553 1055 629 Anno1431.
1082 586 1122 594 -
1146 563 1175 628 7.
1199 553 1359 612 decembris.

1462 657 1721 664 .————-

476 763 571 823 ciaria
597 763 680 823 clare
705 764 939 844 comprobavit,
965 777 999 824 ut
1015 764 1155 844 quedam
1174 765 1267 826 vinea
1292 765 1323 824 in
1344 765 1506 824 territorio
1530 779 1637 826 nostro
1654 765 1724 824 inter

478 867 585 929 vineas
610 869 706 930 Blasii
731 867 788 930 filii
815 869 905 930 Pauli
938 869 1014 931 dicti
1041 869 1313 932 Charanthowich
1337 885 1374 954 et
1405 871 1473 931 luri
1498 870 1656 933 Corusech
1680 870 1725 930 ba-

477 975 555 1052 bitu,
578 974 691 1057 prefati
717 974 849 1056 Georgii
882 977 1039 1038 carnificis
1073 978 1205 1054 iuridica
1238 991 1269 1038 et
1299 977 1473 1039 literatorie
1505 975 1680 1058 prefuisset,
1700 987 1726 1036 et

477 1095 549 1162 post
572 1081 697 1142 obitum
722 1081 821 1164 ipsius
846 1081 978 1164 Georgii
1004 1083 1160 1146 carnificis
1187 1103 1284 1166 super
1307 1085 1408 1166 ipsam
1434 1083 1664 1164 Margaretbam
1686 1101 1726 1142 re-

477 1187 585 1248 lictam
610 1201 641 1250 et
666 1187 816 1270 Egidium
842 1188 945 1250 filium
971 1191 1046 1252 dicti
1072 1189 1204 1271 Georgii
1237 1189 1393 1251 carnificis
1415 1203 1581 1270 tamquam
1606 1189 1727 1250 heredes

476 1307 508 1355 et
536 1309 682 1374 posteros
704 1295 846 1356 eiusdem
873 1294 1006 1377 Georgii
1030 1295 1185 1358 carnificis
1213 1297 1272 1358 rite
1296 1309 1327 1358 et
1350 1296 1507 1376 legittime
1532 1295 1615 1376 juxta
1639 1295 1728 1377 ipsius

479 1400 618 1461 civitatis
642 1401 808 1482 antiquam
832 1403 1097 1464 consvetudinem
1131 1417 1162 1464 et
1195 1403 1430 1486 privilegiatam
1461 1403 1637 1465 libertatem
1659 1401 1727 1462 exti-

480 1520 560 1567 terat
584 1507 755 1584 devoluta;
779 1507 834 1568 sed
859 1509 934 1590 quia
958 1523 1031 1591 post
1054 1509 1178 1571 obitum
1203 1508 1317 1591 prelati
1335 1508 1468 1590 Georgii
1493 1508 1644 1570 carnificis
1665 1527 1727 1589 pre·

479 1611 562 1674 fatus
585 1614 721 1693 Egidius
745 1613 829 1676 filius
853 1616 954 1696 ipsius
986 1615 1118 1697 Georgii
1151 1615 1308 1677 carnificis
1330 1616 1362 1676 in
1394 1630 1503 1677 tenera
1527 1615 1627 1678 adbuc
1650 1629 1723 1676 etate

477 1722 517 1782 ab
534 1720 591 1781 hac
609 1721 680 1782 luce
705 1721 856 1801 migrasse
880 1721 1066 1803 perhibetur
1089 1743 1125 1782 ex
1144 1736 1262 1800 acert0‚
1278 1722 1389 1804 porcio
1413 1721 1521 1802 itaque
1538 1721 1610 1782 dicti
1628 1719 1726 1800 Egidii

478 1828 569 1908 pueri
595 1828 625 1888 in
651 1827 792 1910 predicta
817 1828 910 1888 vinea
933 1829 1038 1909 ipsum
1057 1827 1210 1908 Egidium
1235 1847 1430 1888 concernens
1454 1827 1540 1908 juxta
1564 1827 1726 1909 predictam

480 1935 745 1996 consvetudinem
772 1947 802 1994 et
833 1935 1066 2016 privilegiatam
1099 1934 1279 1996 libertatem
1312 1954 1407 2016 super
1436 1933 1591 2016 prefatam
1615 1933 1726 2012 Marga-

478 2039 601 2101 retham
625 2039 764 2102 totaliter
797 2053 843 2101 est
874 2040 1069 2117 redundata;
1094 2053 1125 2101 et
1156 2041 1231 2122 quia
1255 2040 1367 2102 eadem
1400 2040 1600 2122 Margaretba
1623 2039 1726 2100 mulier

478 2159 550 2228 post
582 2147 706 2208 obitum
740 2146 955 2228 predictorum
990 2145 1122 2227 Georgii
1159 2145 1314 2208 carnificis
1352 2159 1382 2208 et
1414 2147 1512 2227 ipsius
1545 2145 1646 2226 Egidii
1675 2143 1725 2204 filii

479 2253 623 2314 eiusdem
639 2251 771 2333 Georgii
789 2252 944 2314 carnificis
962 2254 992 2314 in
1015 2253 1112 2334 pleno
1127 2267 1157 2314 et
1173 2252 1306 2334 pacifico
1324 2253 1470 2314 dominio
1488 2252 1627 2313 eiusdem
1644 2251 1725 2310 vinee

480 2379 497 2419 a
531 2360 678 2442 pluribus
714 2360 876 2420 retroactis
907 2361 1107 2441 temporibus
1139 2373 1169 2420 et
1207 2379 1307 2441 usque
1340 2379 1425 2420 nunc
1456 2359 1584 2420 neruine
1614 2357 1726 2438 penitus

482 2465 719 2527 contradicente
744 2485 801 2526 nec
826 2466 936 2546 aliquo
961 2466 1205 2544 contradictore,
1237 2467 1319 2526 trina
1344 2466 1445 2526 eciam
1471 2463 1587 2526 lorensi
1612 2462 1724 2544 publica

480 2571 738 2653 proclamacione
762 2573 933 2654 superinde
957 2593 1014 2654 pet
1038 2593 1097 2633 nos
1121 2571 1201 2634 facta
1222 2572 1389 2652 legittime,
1414 2572 1541 2653 penitus
1564 2580 1721 2652 apparente

480 2698 585 2760 neque
620 2681 769 2740 obviante
801 2680 976 2760 permansit
999 2693 1030 2741 et
1061 2679 1226 2756 habitavit,
1255 2679 1328 2740 ideo
1353 2698 1412 2740 nos
1444 2678 1580 2738 eandem
1611 2677 1723 2736 vineam

481 2807 551 2848 cum
578 2787 642 2847 suis
667 2785 858 2847 utilitatibus
882 2799 913 2847 et
937 2787 1143 2868 pertinenciis
1160 2786 1316 2846 universis
1340 2799 1516 2846 memorate
1542 2779 1724 2864 Margarethe

480 2913 516 2954 ac
539 2911 596 2974 per
619 2911 690 2952 eant
715 2893 779 2952 suis
807 2892 978 2952 heredibus
1010 2893 1179 2954 statuimus
1211 2905 1242 2954 et
1266 2891 1486 2953 commisimus
1517 2912 1555 2952 ex
1580 2885 1724 2972 premissis
1825 2893 1826 2906 ¹

479 2999 547 3080 jure
565 3011 720 3080 perpetuo
738 3012 768 3060 et
792 2999 1043 3060 irrevocabiliter
1059 2999 1287 3081 possidendam
1307 3011 1338 3059 et
1354 2998 1656 3079 quomodocumque
1677 3011 1724 3051 vo·
1825 3023 1827 3074 l

480 3104 575 3165 luerit
599 3103 831 3186 disponendam
856 3103 942 3184 juxta
967 3105 1190 3166 condicionem
1215 3105 1360 3168 civitatis.

589 3229 667 3290 ltem
701 3228 847 3290 Matheus
879 3229 1086 3291 scholasticus
1118 3243 1226 3292 contra
1252 3229 1415 3312 Mathyam
1450 3243 1602 3290 sartorem
1635 3223 1724 3308 primo

483 3337 596 3398 citatus
620 3355 685 3396 non
710 3336 898 3416 comparuit.

587 3461 665 3522 ltem
690 3460 782 3542 jurati
800 3461 1075 3542 adjudicaverunt,
1093 3461 1180 3542 quod
1206 3461 1324 3523 Paulus
1340 3459 1527 3522 balbuciens
1544 3479 1578 3520 ac
1596 3455 1723 3537 Mathyts

482 3566 559 3628 alias
583 3587 678 3648 preco
696 3568 934 3628 communitatis
951 3582 981 3628 et
998 3569 1100 3628 Bensa
1117 3566 1201 3628 filius
1225 3569 1343 3628 sororis
1360 3566 1498 3629 condam
1524 3563 1720 3636 Santhiuicze,

482 3673 618 3754 quilibet
643 3673 741 3734 tercio
766 3693 798 3734 se
823 3685 936 3734 octavo
968 3673 1019 3734 die
1044 3693 1138 3754 super
1170 3693 1257 3734 aram
1289 3685 1398 3735 contra
1431 3686 1565 3734 matrem
1591 3666 1723 3753 Symonis

483 3779 662 3861 interempti
688 3779 790 3860 jurare
807 3780 1012 3858 tenebuntur,
1036 3779 1124 3860 quod
1150 3779 1209 3860 ipsi
1233 3780 1385 3862 pecunias
1402 3779 1477 3840 dicti
1503 3775 1721 3862 Symonisipso

482 3886 675 3968 interempto
701 3886 740 3946 de
765 3885 884 3946 escario
909 3885 1052 3946 eiusdem
1078 3886 1229 3969 Symonis
1253 3883 1369 3948 furtive
1394 3905 1458 3946 non
1484 3885 1677 3966 recepissent.

590 4010 668 4071 ltem
693 4010 810 4071 Paulus
839 4009 1069 4092 Sulkowichyn
1101 4023 1210 4072 contra
1243 4011 1423 4072 lankouem
1456 4007 1558 4072 filium
1589 4001 1723 4069 lobannis

483 4117 584 4199 Bolye
609 4117 713 4198 primo
737 4117 850 4178 citatus
874 4137 938 4178 non
975 4117 1163 4199 comparuit.

589 4239 667 4301 ltem
684 4241 849 4301 Emericus
866 4241 969 4302 cultor
986 4253 1094 4302 contra
1113 4241 1326 4302 Laurentium
1339 4239 1442 4302 filium
1457 4239 1618 4301 Benedicti
1634 4235 1722 4320 primo

482 4345 596 4406 citatus
617 4366 681 4407 non
713 4347 902 4428 comparuit.

597 4583 693 4657 Feria
721 4594 819 4657 sexta
848 4593 925 4656 ante
954 4585 1076 4656 festum
1105 4583 1339 4673 Concepciouis
1367 4590 1484 4654 sancte
1512 4585 1624 4654 ldarie.

997 4739 1038 4816 (7.
1062 4736 1241 4816 decembris).

590 4879 668 4940 ltem
702 4880 818 4940 Paulus
851 4877 1079 4960 Sulkotvicbyn
1111 4890 1221 4940 contra
1250 4877 1430 4940 lohannem
1463 4876 1565 4939 filium
1591 4871 1728 4938 lobannis

486 4985 586 5068 Bolye
612 4986 753 5047 secundo
777 4987 890 5050 citatus
915 5005 979 5046 non
1006 4984 1195 5065 comparuit.
