3740 5810
471 569 528 633 13²
838 553 1038 630 Ann01431.
1063 585 1103 596 —
1128 567 1176 613 12.
1193 553 1345 629 januarii.

465 765 589 846 decani,
614 765 729 848 prioris
752 764 859 827 mariti
883 764 983 846 ipsius
1007 764 1128 844 Katrie,
1145 784 1241 847 super
1264 784 1352 828 aram
1376 779 1490 828 octavo
1511 766 1574 846 die,
1599 781 1633 828 ut
1655 765 1714 827 Ste-

464 871 590 953 phanus
614 870 863 934 Sirerchlxowich
885 870 945 954 ipsi
970 870 1080 934 Katrie
1096 870 1183 953 juxta
1200 885 1350 934 contenta
1375 871 1451 934 dicti
1474 873 1652 936 testamenti
1667 872 1714 934 de·

465 977 549 1039 bitor
572 978 730 1057 existeret,
753 997 859 1060 neque
883 977 1038 1060 persolvit
1060 977 1264 1060 aliquatenus
1281 999 1340 1040 nec
1364 979 1424 1062 ipsi
1449 979 1577 1063 Mathye
1602 980 1714 1042 decano

465 1103 523 1146 nec
547 1084 630 1148 dicte
659 1085 780 1148 Katrie.

573 1191 652 1255 Item
677 1192 770 1276 jurati
794 1191 1070 1274 adjudicaverunt,
1087 1192 1176 1274 quod
1201 1191 1316 1254 Gallus
1332 1193 1450 1255 brodsr
1473 1192 1568 1256 debet
1588 1193 1715 1273 judicem

464 1318 522 1360 seu
542 1298 699 1378 villicum,
722 1319 819 1381 quern
841 1299 1015 1376 veneravit,
1040 1311 1071 1361 et
1095 1298 1243 1361 homines
1258 1299 1299 1362 ad
1323 1299 1464 1382 primum
1481 1299 1633 1380 judicium
1649 1319 1716 1382 pro·

468 1404 598 1485 ducere,
624 1418 654 1468 et
677 1403 755 1467 dum
772 1404 969 1488 produxerit,
985 1417 1061 1468 tunc
1079 1405 1155 1488 ipsis
1167 1405 1294 1486 auditis,
1318 1404 1413 1487 jurati
1429 1425 1551 1468 meram
1567 1405 1715 1488 justiciam

464 1512 596 1574 racione
620 1511 786 1574 cuiusdam
812 1511 903 1574 bovis
935 1511 1017 1574 inter
1049 1512 1154 1594 ipsum
1178 1525 1209 1574 et
1232 1512 1375 1574 relictam
1401 1511 1568 1574 Michaelis
1599 1512 1636 1572 de
1661 1512 1715 1573 Po-

465 1619 578 1701 bresya
606 1617 794 1700 impendent
816 1631 848 1679 et
871 1617 1068 1680 exhibebunt
1091 1616 1205 1712 ordine
1219 1617 1296 1700 juris
1323 1631 1514 1700 exposcente
1542 1618 1676 1682 indilate.

535 1835 632 1910 Feria
659 1843 758 1910 sexta
785 1840 941 1928 proxima
967 1844 1046 1928 post
1072 1838 1196 1910 lestnm
1224 1834 1485 1928 Epiphaniemm
1513 1839 1649 1910 Domini.

868 1993 931 2066 (12.
946 1989 1099 2072 sansoni,
1121 2011 1191 2054 ann.
1215 1991 1321 2076 1431).

571 2131 649 2196 ltem
666 2133 743 2214 quia
758 2131 893 2215 provida
910 2131 1026 2194 mulier
1043 2131 1220 2215 Elyzabeth
1240 2145 1352 2195 vocata
1369 2151 1500 2194 consors
1524 2133 1621 2216 olym,
1636 2151 1713 2194 nunc

465 2239 575 2302 relicta
599 2239 659 2301 viri
682 2239 820 2302 condam
844 2238 972 2322 providi
996 2238 1077 2322 Elye
1101 2239 1230 2301 sartoris
1246 2237 1303 2301 filii
1329 2237 1456 2302 Gerdos
1480 2239 1559 2303 olim
1583 2241 1712 2302 concivis

465 2346 576 2426 nostri,
601 2365 686 2408 nunc
710 2365 841 2408 consors
866 2345 950 2408 Petri
975 2343 1163 2408 habitatoris
1186 2345 1323 2408 civitatis
1346 2345 1379 2407 id
1403 2365 1477 2408 cum
1502 2345 1665 2409 sufficienti
1685 2359 1713 2406 et

463 2452 632 2536 fidedigno
649 2465 831 2516 nostrorum
848 2451 1031 2514 concivium
1048 2451 1233 2514 testimonio
1250 2471 1358 2514 coram
1375 2451 1470 2514 nobis
1494 2451 1712 2535 comprobavit,

463 2575 498 2625 ut
514 2560 592 2624 dum
609 2561 676 2643 ipse
694 2559 791 2644 Elyas
807 2559 839 2621 in
853 2558 1002 2622 extremis
1017 2557 1081 2620 vite
1095 2579 1151 2620 sue
1167 2556 1353 2641 temporalis
1365 2558 1551 2636 laborasset,
1568 2571 1639 2621 tunc
1653 2557 1712 2641 ipse

462 2667 594 2731 totalem
619 2685 710 2729 suam
734 2665 921 2748 porcionem
945 2665 1072 2744 domus,
1097 2663 1188 2727 fundi
1212 2663 1494 2744 ethedificiorum,
1520 2665 1553 2727 iu
1576 2665 1642 2727 vico
1664 2683 1711 2725 ex-

461 2773 571 2836 teriori
584 2786 740 2851 sutorum,
757 2772 863 2855 ipsum
879 2771 1054 2834 literatorie
1074 2783 1331 2850 concernentem,
1350 2791 1424 2834 cum
1439 2771 1505 2833 suis
1518 2770 1709 2854 pertinenciis

463 2879 523 2963 ipsi
547 2878 727 2963 Elyzabeth
750 2878 921 2962 legavisset
952 2878 1020 2961 jure
1052 2890 1208 2960 perpetuo
1239 2877 1479 2960 possidendam,
1505 2876 1639 2960 ideoque
1660 2896 1711 2938 nos

463 2985 600 3050 eandem
625 2985 812 3068 porcionem
837 2983 965 3064 domus,
989 2983 1081 3046 fundi
1106 2997 1137 3046 et
1165 2981 1389 3047 hedificiorum
1421 2985 1527 3066 ipsum
1551 2983 1710 3046 literatorie

463 3105 722 3170 concernentem,
746 3111 819 3154 cum
836 3092 902 3152 suis
925 3089 1131 3174 pertinenciis
1148 3103 1298 3152 annotate
1313 3089 1490 3172 Elyzabetb
1515 3109 1551 3152 ac
1574 3109 1628 3172 ρετ
1649 3107 1710 3150 eam

462 3197 528 3260 suis
551 3195 723 3258 heredibus
746 3197 915 3260 statuimus
931 3209 1086 3279 perpetuo
1108 3194 1336 3278 possidendam
1360 3207 1392 3258 et
1415 3194 1708 3278 quomodocumque

462 3301 601 3365 voluerit
625 3299 871 3384 disponendam.

567 3407 646 3470 Item
671 3409 747 3490 quia
771 3407 970 3471 honorabilis
994 3409 1042 3470 vir
1066 3409 1219 3471 dominus
1247 3406 1423 3490 Gregorius
1446 3421 1553 3470 custos
1576 3422 1605 3470 et
1628 3425 1709 3470 cano

463 3514 553 3576 nicus
585 3512 716 3576 ecclesie
748 3515 963 3597 zagrabiensis
994 3513 1210 3596 juramentum
1246 3515 1307 3576 sibi
1339 3534 1396 3596 per
1426 3513 1547 3595 juratos
1578 3515 1610 3576 in
1638 3511 1710 3575 iacto

463 3619 631 3684 cuiusdam
655 3621 767 3700 debiti,
791 3621 880 3703 quod
904 3621 989 3682 idem
1015 3621 1166 3683 dominus
1195 3619 1371 3704 Gregorius
1403 3634 1513 3684 contra
1537 3620 1666 3682 heredes
1686 3631 1711 3680 et

463 3728 582 3790 liberos
614 3747 649 3790 ac
681 3727 918 3789 commissarios
948 3727 1087 3810 Philippi
1120 3727 1248 3789 sartoris
1279 3727 1464 3810 nuperrime
1488 3725 1640 3804 defuncti,
1662 3721 1710 3786 filii

463 3833 574 3917 Woyn
599 3853 706 3896 coram
731 3835 825 3896 nobis
849 3833 981 3917 juridice
999 3837 1253 3916 prosequebatur
1278 3853 1352 3896 cum
1369 3833 1510 3915 quadam
1532 3833 1622 3895 litera
1638 3831 1709 3894 obli·

462 3941 598 4022 gatoria,
621 3960 716 4022 supra
748 3939 884 4002 eandem
916 3939 1041 4002 literam
1074 3959 1130 4022 per
1162 3940 1301 4002 eundem
1335 3939 1504 4001 dominum
1530 3939 1711 4022 Gregorium

463 4046 582 4129 deponi
607 4059 637 4108 et
658 4047 789 4128 prestari
807 4044 1038 4127 adjudicatum,
1062 4047 1093 4108 in
1117 4047 1167 4107 die
1185 4045 1403 4128 deposicionis
1420 4047 1520 4129 ipsius
1543 4043 1711 4128 juramenti,

461 4152 522 4214 sibi
538 4172 595 4236 per
612 4151 743 4215 eosdem
762 4151 895 4230 juridice
912 4153 1076 4234 deputato,
1093 4172 1159 4214 non
1177 4151 1326 4234 deposuit
1343 4171 1403 4214 nec
1419 4153 1566 4234 prestitit,
1586 4151 1710 4232 ideoque

462 4258 529 4340 ipse
547 4258 698 4320 dominus
716 4257 891 4340 Gregorius
912 4256 1032 4320 factum
1049 4273 1080 4320 et
1096 4277 1224 4320 causam
1242 4259 1330 4348 quod
1348 4259 1601 4340 prosequebatur
1617 4256 1710 4320 amisit

463 4377 494 4426 et
518 4363 701 4446 deperdidit
728 4365 797 4446 ipso
831 4363 926 4445 iacto,
959 4365 1084 4447 ipsique
1116 4363 1249 4425 heredes
1273 4377 1304 4426 et
1335 4365 1429 4428 liberi
1453 4384 1489 4426 ac
1515 4361 1710 4427 commissarii

463 4469 538 4530 dicti
564 4469 704 4552 Philippi
729 4471 858 4532 sartoris
870 4485 944 4532 sunt
967 4471 1095 4553 penitus
1111 4468 1251 4552 expediti
1276 4483 1307 4532 et
1323 4471 1462 4554 exempti
1488 4485 1520 4532 et
1544 4490 1600 4553 per
1615 4467 1710 4532 omnia

462 4576 600 4638 absoluti
625 4577 797 4659 superinde
822 4577 935 4639 ordine
959 4576 1036 4658 juris
1060 4589 1262 4660 exposcente.

569 4683 646 4744 ltem
671 4682 834 4745 lohannes
857 4682 1001 4744 Kunsicb
1026 4695 1057 4744 et
1074 4684 1199 4745 Marcus
1222 4680 1363 4744 carnifex
1380 4696 1490 4745 contra
1508 4683 1641 4746 Paulum
1656 4697 1710 4742 sar·

460 4799 564 4849 torem
587 4787 730 4850 secundo
754 4787 840 4850 citati
865 4807 930 4849 non
955 4802 1212 4870 comparuerunt.

568 4894 646 4957 ltem
671 4894 764 4975 jurati
789 4894 1054 4978 adjudicaverunt
1077 4909 1111 4956 ut
1128 4895 1239 4957 Petrus
1259 4893 1468 4957 Wrecharich
1494 4895 1652 4957 solitarius
1666 4911 1711 4954 oc·

461 5013 535 5061 tavo
559 5001 611 5062 die
635 5021 729 5083 super
753 5021 840 5063 aram
865 5002 960 5063 debet
983 5001 1086 5082 jurare
1107 5015 1216 5064 contra
1242 5001 1441 5085 Stephanum
1466 4999 1605 5083 juratum
1628 5019 1711 5084 super
