<?xml version="1.0" encoding="UTF-8"?>
<!DOCTYPE html PUBLIC "-//W3C//DTD XHTML 1.0 Transitional//EN"
    "http://www.w3.org/TR/xhtml1/DTD/xhtml1-transitional.dtd">
<html xmlns="http://www.w3.org/1999/xhtml" xml:lang="en" lang="en">
 <head>
  <title>
</title>
<meta http-equiv="Content-Type" content="text/html;charset=utf-8" />
  <meta name='ocr-system' content='tesseract 3.04.00' />
  <meta name='ocr-capabilities' content='ocr_page ocr_carea ocr_par ocr_line ocrx_word'/>
</head>
<body>
  <div class='ocr_page' id='page_1' title='image "./monumentahistor14laszgoog_0363.png"; bbox 0 0 3734 5796; ppageno 0'>
   <div class='ocr_carea' id='block_1_1' title="bbox 223 515 1491 1874">
    <p class='ocr_par' dir='ltr' id='par_1_1' title="bbox 223 515 1491 1874">
     <span class='ocr_line' id='line_1_1' title="bbox 634 515 1486 594; baseline 0.005 -24"><span class='ocrx_word' id='word_1_1' title='bbox 634 515 835 590; x_wconf 74' lang='lat' dir='ltr'><em>Ann01439.</em></span> <span class='ocrx_word' id='word_1_2' title='bbox 862 545 902 557; x_wconf 92' lang='lat'><em>-</em></span> <span class='ocrx_word' id='word_1_3' title='bbox 926 525 975 591; x_wconf 79' lang='lat'>17.</span> <span class='ocrx_word' id='word_1_4' title='bbox 990 515 1074 591; x_wconf 84' lang='lat' dir='ltr'>julii.</span> <span class='ocrx_word' id='word_1_5' title='bbox 1427 533 1486 594; x_wconf 86' lang='lat'>315</span> 
     </span>
     <span class='ocr_line' id='line_1_2' title="bbox 225 723 1489 807; baseline 0.001 -23"><span class='ocrx_word' id='word_1_6' title='bbox 225 723 311 786; x_wconf 91' lang='lat' dir='ltr'>lwan</span> <span class='ocrx_word' id='word_1_7' title='bbox 336 723 420 786; x_wconf 88' lang='lat' dir='ltr'>filius</span> <span class='ocrx_word' id='word_1_8' title='bbox 451 725 551 807; x_wconf 91' lang='lat' dir='ltr'>ipsius</span> <span class='ocrx_word' id='word_1_9' title='bbox 584 725 750 788; x_wconf 86' lang='lat' dir='ltr'>Michaelis</span> <span class='ocrx_word' id='word_1_10' title='bbox 781 727 959 789; x_wconf 90' lang='lat' dir='ltr'>avunculus</span> <span class='ocrx_word' id='word_1_11' title='bbox 990 726 1065 788; x_wconf 90' lang='lat' dir='ltr'>dicti</span> <span class='ocrx_word' id='word_1_12' title='bbox 1096 725 1249 788; x_wconf 90' lang='lat' dir='ltr'>lobannis</span> <span class='ocrx_word' id='word_1_13' title='bbox 1285 727 1317 787; x_wconf 92' lang='lat' dir='ltr'>in</span> <span class='ocrx_word' id='word_1_14' title='bbox 1341 725 1489 787; x_wconf 83' lang='lat' dir='ltr'>extremis</span> 
     </span>
     <span class='ocr_line' id='line_1_3' title="bbox 223 832 1488 916; baseline 0 -24"><span class='ocrx_word' id='word_1_15' title='bbox 223 832 289 893; x_wconf 90' lang='lat' dir='ltr'>vite</span> <span class='ocrx_word' id='word_1_16' title='bbox 305 852 359 893; x_wconf 88' lang='lat' dir='ltr'>sue</span> <span class='ocrx_word' id='word_1_17' title='bbox 383 832 569 914; x_wconf 89' lang='lat' dir='ltr'>temporalis</span> <span class='ocrx_word' id='word_1_18' title='bbox 592 834 777 912; x_wconf 83' lang='lat' dir='ltr'><strong>laborasset,</strong></span> <span class='ocrx_word' id='word_1_19' title='bbox 799 847 874 896; x_wconf 93' lang='lat' dir='ltr'>tunc</span> <span class='ocrx_word' id='word_1_20' title='bbox 899 834 964 916; x_wconf 92' lang='lat' dir='ltr'>ipse</span> <span class='ocrx_word' id='word_1_21' title='bbox 982 833 1156 914; x_wconf 90' lang='lat' dir='ltr'>quamdam</span> <span class='ocrx_word' id='word_1_22' title='bbox 1180 833 1308 894; x_wconf 87' lang='lat' dir='ltr'>vineam</span> <span class='ocrx_word' id='word_1_23' title='bbox 1332 851 1423 893; x_wconf 89' lang='lat' dir='ltr'>suam</span> <span class='ocrx_word' id='word_1_24' title='bbox 1441 851 1488 891; x_wconf 90' lang='lat' dir='ltr'>re-</span> 
     </span>
     <span class='ocr_line' id='line_1_4' title="bbox 229 937 1490 1022; baseline 0 -24"><span class='ocrx_word' id='word_1_25' title='bbox 229 938 406 1000; x_wconf 90' lang='lat' dir='ltr'>mociorem</span> <span class='ocrx_word' id='word_1_26' title='bbox 429 939 516 1020; x_wconf 85' lang='lat' dir='ltr'>juxta</span> <span class='ocrx_word' id='word_1_27' title='bbox 541 953 689 1002; x_wconf 91' lang='lat' dir='ltr'>contenta</span> <span class='ocrx_word' id='word_1_28' title='bbox 717 939 882 1002; x_wconf 89' lang='lat' dir='ltr'>literarum</span> <span class='ocrx_word' id='word_1_29' title='bbox 913 939 1162 1022; x_wconf 90' lang='lat' dir='ltr'>privilegialium</span> <span class='ocrx_word' id='word_1_30' title='bbox 1196 959 1253 1021; x_wconf 91' lang='lat' dir='ltr'>pro</span> <span class='ocrx_word' id='word_1_31' title='bbox 1278 953 1365 1020; x_wconf 89' lang='lat' dir='ltr'>parte</span> <span class='ocrx_word' id='word_1_32' title='bbox 1391 937 1490 1020; x_wconf 91' lang='lat' dir='ltr'>ipsius</span> 
     </span>
     <span class='ocr_line' id='line_1_5' title="bbox 226 1044 1489 1128; baseline 0 -23"><span class='ocrx_word' id='word_1_33' title='bbox 226 1044 323 1107; x_wconf 89' lang='lat' dir='ltr'>lwani</span> <span class='ocrx_word' id='word_1_34' title='bbox 347 1045 517 1127; x_wconf 86' lang='lat' dir='ltr'>superinde</span> <span class='ocrx_word' id='word_1_35' title='bbox 535 1044 763 1126; x_wconf 89' lang='lat' dir='ltr'>confectarum,</span> <span class='ocrx_word' id='word_1_36' title='bbox 781 1047 886 1128; x_wconf 90' lang='lat' dir='ltr'>ipsum</span> <span class='ocrx_word' id='word_1_37' title='bbox 902 1045 1036 1128; x_wconf 85' lang='lat' dir='ltr'>juridice</span> <span class='ocrx_word' id='word_1_38' title='bbox 1059 1058 1315 1123; x_wconf 90' lang='lat' dir='ltr'>concernentem,</span> <span class='ocrx_word' id='word_1_39' title='bbox 1333 1064 1406 1107; x_wconf 90' lang='lat' dir='ltr'>cum</span> <span class='ocrx_word' id='word_1_40' title='bbox 1423 1044 1489 1106; x_wconf 92' lang='lat' dir='ltr'>suis</span> 
     </span>
     <span class='ocr_line' id='line_1_6' title="bbox 225 1151 1487 1236; baseline -0.002 -23"><span class='ocrx_word' id='word_1_41' title='bbox 225 1151 418 1214; x_wconf 83' lang='lat' dir='ltr'>utilitatibus</span> <span class='ocrx_word' id='word_1_42' title='bbox 442 1167 473 1215; x_wconf 91' lang='lat' dir='ltr'>et</span> <span class='ocrx_word' id='word_1_43' title='bbox 496 1153 701 1236; x_wconf 85' lang='lat' dir='ltr'>pertinenciis</span> <span class='ocrx_word' id='word_1_44' title='bbox 725 1154 881 1215; x_wconf 90' lang='lat' dir='ltr'>universis</span> <span class='ocrx_word' id='word_1_45' title='bbox 904 1152 1028 1235; x_wconf 90' lang='lat' dir='ltr'>prefato</span> <span class='ocrx_word' id='word_1_46' title='bbox 1046 1151 1184 1216; x_wconf 90' lang='lat' dir='ltr'>Johanni</span> <span class='ocrx_word' id='word_1_47' title='bbox 1208 1151 1275 1214; x_wconf 86' lang='lat' dir='ltr'>filio</span> <span class='ocrx_word' id='word_1_48' title='bbox 1299 1152 1417 1213; x_wconf 91' lang='lat' dir='ltr'>sororis</span> <span class='ocrx_word' id='word_1_49' title='bbox 1433 1169 1487 1211; x_wconf 92' lang='lat' dir='ltr'>sue</span> 
     </span>
     <span class='ocr_line' id='line_1_7' title="bbox 224 1259 1491 1342; baseline -0.002 -22"><span class='ocrx_word' id='word_1_50' title='bbox 224 1259 361 1338; x_wconf 84' lang='lat' dir='ltr'>legasset</span> <span class='ocrx_word' id='word_1_51' title='bbox 395 1275 426 1320; x_wconf 93' lang='lat' dir='ltr'>et</span> <span class='ocrx_word' id='word_1_52' title='bbox 456 1260 627 1322; x_wconf 87' lang='lat' dir='ltr'>dimisisset</span> <span class='ocrx_word' id='word_1_53' title='bbox 656 1259 725 1341; x_wconf 91' lang='lat' dir='ltr'>jure</span> <span class='ocrx_word' id='word_1_54' title='bbox 756 1260 944 1342; x_wconf 90' lang='lat' dir='ltr'>perhennali</span> <span class='ocrx_word' id='word_1_55' title='bbox 979 1259 1228 1342; x_wconf 83' lang='lat' dir='ltr'>possidendam,</span> <span class='ocrx_word' id='word_1_56' title='bbox 1261 1259 1399 1339; x_wconf 90' lang='lat' dir='ltr'>ideoque</span> <span class='ocrx_word' id='word_1_57' title='bbox 1432 1275 1491 1318; x_wconf 93' lang='lat' dir='ltr'>nos</span> 
     </span>
     <span class='ocr_line' id='line_1_8' title="bbox 226 1362 1489 1448; baseline -0.003 -22"><span class='ocrx_word' id='word_1_58' title='bbox 226 1365 363 1426; x_wconf 91' lang='lat' dir='ltr'>eandem</span> <span class='ocrx_word' id='word_1_59' title='bbox 387 1367 516 1428; x_wconf 87' lang='lat' dir='ltr'>vineam</span> <span class='ocrx_word' id='word_1_60' title='bbox 539 1365 653 1448; x_wconf 91' lang='lat' dir='ltr'>prefati</span> <span class='ocrx_word' id='word_1_61' title='bbox 678 1367 816 1429; x_wconf 90' lang='lat' dir='ltr'>condam</span> <span class='ocrx_word' id='word_1_62' title='bbox 833 1366 930 1428; x_wconf 87' lang='lat' dir='ltr'>lwani</span> <span class='ocrx_word' id='word_1_63' title='bbox 948 1387 1021 1429; x_wconf 91' lang='lat' dir='ltr'>cum</span> <span class='ocrx_word' id='word_1_64' title='bbox 1045 1367 1110 1428; x_wconf 91' lang='lat' dir='ltr'>suis</span> <span class='ocrx_word' id='word_1_65' title='bbox 1127 1365 1333 1448; x_wconf 88' lang='lat' dir='ltr'>pertinenciis</span> <span class='ocrx_word' id='word_1_66' title='bbox 1349 1377 1380 1426; x_wconf 90' lang='lat' dir='ltr'>et</span> <span class='ocrx_word' id='word_1_67' title='bbox 1403 1362 1489 1439; x_wconf 77' lang='lat' dir='ltr'>utili-</span> 
     </span>
     <span class='ocr_line' id='line_1_9' title="bbox 225 1467 1490 1554; baseline -0.002 -22"><span class='ocrx_word' id='word_1_68' title='bbox 225 1471 344 1533; x_wconf 81' lang='lat' dir='ltr'>tatibus</span> <span class='ocrx_word' id='word_1_69' title='bbox 368 1472 652 1534; x_wconf 85' lang='lat' dir='ltr'>universiseidem</span> <span class='ocrx_word' id='word_1_70' title='bbox 678 1473 817 1536; x_wconf 87' lang='lat' dir='ltr'>Johanni</span> <span class='ocrx_word' id='word_1_71' title='bbox 840 1472 909 1536; x_wconf 90' lang='lat' dir='ltr'>filio</span> <span class='ocrx_word' id='word_1_72' title='bbox 932 1474 1050 1534; x_wconf 91' lang='lat' dir='ltr'>sororis</span> <span class='ocrx_word' id='word_1_73' title='bbox 1083 1472 1181 1554; x_wconf 90' lang='lat' dir='ltr'>ipsius</span> <span class='ocrx_word' id='word_1_74' title='bbox 1209 1470 1307 1532; x_wconf 86' lang='lat' dir='ltr'>iwani</span> <span class='ocrx_word' id='word_1_75' title='bbox 1332 1467 1490 1531; x_wconf 89' lang='lat' dir='ltr'>testatoris</span> 
     </span>
     <span class='ocr_line' id='line_1_10' title="bbox 224 1577 1488 1662; baseline -0.004 -23"><span class='ocrx_word' id='word_1_76' title='bbox 224 1597 261 1639; x_wconf 91' lang='lat' dir='ltr'>ac</span> <span class='ocrx_word' id='word_1_77' title='bbox 284 1597 341 1659; x_wconf 89' lang='lat' dir='ltr'>per</span> <span class='ocrx_word' id='word_1_78' title='bbox 365 1598 439 1640; x_wconf 92' lang='lat' dir='ltr'>eum</span> <span class='ocrx_word' id='word_1_79' title='bbox 463 1580 528 1640; x_wconf 89' lang='lat' dir='ltr'>suis</span> <span class='ocrx_word' id='word_1_80' title='bbox 544 1579 717 1642; x_wconf 89' lang='lat' dir='ltr'>heredibus</span> <span class='ocrx_word' id='word_1_81' title='bbox 741 1581 909 1642; x_wconf 88' lang='lat' dir='ltr'>statuimus</span> <span class='ocrx_word' id='word_1_82' title='bbox 925 1593 1081 1662; x_wconf 91' lang='lat' dir='ltr'>perpetuo</span> <span class='ocrx_word' id='word_1_83' title='bbox 1106 1577 1333 1661; x_wconf 89' lang='lat' dir='ltr'>possidendam</span> <span class='ocrx_word' id='word_1_84' title='bbox 1358 1589 1388 1636; x_wconf 93' lang='lat' dir='ltr'>et</span> <span class='ocrx_word' id='word_1_85' title='bbox 1406 1593 1488 1656; x_wconf 90' lang='lat' dir='ltr'>quo·</span> 
     </span>
     <span class='ocr_line' id='line_1_11' title="bbox 225 1681 1487 1768; baseline -0.005 -22"><span class='ocrx_word' id='word_1_86' title='bbox 225 1685 465 1767; x_wconf 90' lang='lat' dir='ltr'>modocumque</span> <span class='ocrx_word' id='word_1_87' title='bbox 490 1687 628 1748; x_wconf 87' lang='lat' dir='ltr'>voluerit</span> <span class='ocrx_word' id='word_1_88' title='bbox 652 1685 885 1768; x_wconf 89' lang='lat' dir='ltr'>disponendam</span> <span class='ocrx_word' id='word_1_89' title='bbox 911 1685 997 1768; x_wconf 86' lang='lat' dir='ltr'>juxta</span> <span class='ocrx_word' id='word_1_90' title='bbox 1014 1685 1239 1748; x_wconf 89' lang='lat' dir='ltr'>condicionem</span> <span class='ocrx_word' id='word_1_91' title='bbox 1265 1681 1401 1744; x_wconf 90' lang='lat' dir='ltr'>civitatis</span> <span class='ocrx_word' id='word_1_92' title='bbox 1418 1699 1487 1762; x_wconf 90' lang='lat' dir='ltr'>pre-</span> 
     </span>
     <span class='ocr_line' id='line_1_12' title="bbox 224 1793 564 1874; baseline 0.009 -23"><span class='ocrx_word' id='word_1_93' title='bbox 224 1803 333 1854; x_wconf 88' lang='lat' dir='ltr'>notate</span> <span class='ocrx_word' id='word_1_94' title='bbox 359 1793 564 1874; x_wconf 87' lang='lat' dir='ltr'>sepedictam.</span> 
     </span>
    </p>
   </div>
   <div class='ocr_carea' id='block_1_2' title="bbox 339 2009 1380 2103">
    <p class='ocr_par' dir='ltr' id='par_1_2' title="bbox 339 2009 1380 2103">
     <span class='ocr_line' id='line_1_13' title="bbox 339 2009 1380 2103; baseline -0.003 -21"><span class='ocrx_word' id='word_1_95' title='bbox 339 2009 437 2084; x_wconf 83' lang='lat' dir='ltr'>Faria</span> <span class='ocrx_word' id='word_1_96' title='bbox 465 2020 564 2084; x_wconf 82' lang='lat' dir='ltr'>serta</span> <span class='ocrx_word' id='word_1_97' title='bbox 592 2016 748 2102; x_wconf 82' lang='lat' dir='ltr'>proxima</span> <span class='ocrx_word' id='word_1_98' title='bbox 776 2020 853 2103; x_wconf 90' lang='lat' dir='ltr'>post</span> <span class='ocrx_word' id='word_1_99' title='bbox 881 2013 1004 2085; x_wconf 87' lang='lat' dir='ltr'>festum</span> <span class='ocrx_word' id='word_1_100' title='bbox 1033 2013 1130 2085; x_wconf 86' lang='lat' dir='ltr'>beate</span> <span class='ocrx_word' id='word_1_101' title='bbox 1158 2009 1380 2098; x_wconf 84' lang='lat' dir='ltr'>Margarethe.</span> 
     </span>
    </p>
   </div>
   <div class='ocr_carea' id='block_1_3' title="bbox 222 2155 1487 5054">
    <p class='ocr_par' dir='ltr' id='par_1_3' title="bbox 737 2155 930 2246">
     <span class='ocr_line' id='line_1_14' title="bbox 737 2155 930 2246; baseline 0.021 -22"><span class='ocrx_word' id='word_1_102' title='bbox 737 2155 812 2246; x_wconf 70' lang='grc'><em>’(17.</em></span> <span class='ocrx_word' id='word_1_103' title='bbox 828 2163 930 2246; x_wconf 75' lang='lat' dir='ltr'>Jiclii).</span> 
     </span>
    </p>

    <p class='ocr_par' dir='ltr' id='par_1_4' title="bbox 222 2303 1487 4096">
     <span class='ocr_line' id='line_1_15' title="bbox 332 2303 1487 2390; baseline -0.001 -23"><span class='ocrx_word' id='word_1_104' title='bbox 332 2306 411 2368; x_wconf 91' lang='lat' dir='ltr'>ltem</span> <span class='ocrx_word' id='word_1_105' title='bbox 444 2307 519 2388; x_wconf 91' lang='lat' dir='ltr'>quia</span> <span class='ocrx_word' id='word_1_106' title='bbox 553 2306 690 2370; x_wconf 87' lang='lat' dir='ltr'>Michael</span> <span class='ocrx_word' id='word_1_107' title='bbox 722 2321 810 2369; x_wconf 91' lang='lat' dir='ltr'>sutor</span> <span class='ocrx_word' id='word_1_108' title='bbox 834 2327 937 2390; x_wconf 91' lang='lat' dir='ltr'>gener</span> <span class='ocrx_word' id='word_1_109' title='bbox 970 2307 1132 2370; x_wconf 88' lang='lat' dir='ltr'>Dominici</span> <span class='ocrx_word' id='word_1_110' title='bbox 1164 2307 1239 2368; x_wconf 91' lang='lat' dir='ltr'>dicti</span> <span class='ocrx_word' id='word_1_111' title='bbox 1272 2305 1381 2388; x_wconf 86' lang='lat' dir='ltr'>Popek</span> <span class='ocrx_word' id='word_1_112' title='bbox 1405 2303 1487 2384; x_wconf 90' lang='lat' dir='ltr'>jura-</span> 
     </span>
     <span class='ocr_line' id='line_1_16' title="bbox 224 2411 1487 2497; baseline -0.005 -21"><span class='ocrx_word' id='word_1_113' title='bbox 224 2425 372 2476; x_wconf 90' lang='lat' dir='ltr'>mentum</span> <span class='ocrx_word' id='word_1_114' title='bbox 396 2427 484 2476; x_wconf 85' lang='lat' dir='ltr'>sexto</span> <span class='ocrx_word' id='word_1_115' title='bbox 515 2433 548 2475; x_wconf 91' lang='lat' dir='ltr'>se</span> <span class='ocrx_word' id='word_1_116' title='bbox 579 2415 724 2497; x_wconf 88' lang='lat' dir='ltr'>personis</span> <span class='ocrx_word' id='word_1_117' title='bbox 755 2434 811 2497; x_wconf 89' lang='lat' dir='ltr'>per</span> <span class='ocrx_word' id='word_1_118' title='bbox 843 2414 1119 2496; x_wconf 91' lang='lat' dir='ltr'>adjudicacionem</span> <span class='ocrx_word' id='word_1_119' title='bbox 1151 2414 1328 2496; x_wconf 88' lang='lat' dir='ltr'>juratorum</span> <span class='ocrx_word' id='word_1_120' title='bbox 1361 2411 1487 2472; x_wconf 91' lang='lat' dir='ltr'>moder·</span> 
     </span>
     <span class='ocr_line' id='line_1_17' title="bbox 228 2516 1486 2602; baseline -0.004 -21"><span class='ocrx_word' id='word_1_121' title='bbox 228 2539 345 2581; x_wconf 90' lang='lat' dir='ltr'>norum</span> <span class='ocrx_word' id='word_1_122' title='bbox 363 2520 500 2582; x_wconf 89' lang='lat' dir='ltr'>civitatis</span> <span class='ocrx_word' id='word_1_123' title='bbox 512 2519 654 2602; x_wconf 91' lang='lat' dir='ltr'>predicte</span> <span class='ocrx_word' id='word_1_124' title='bbox 671 2533 782 2582; x_wconf 88' lang='lat' dir='ltr'>contra</span> <span class='ocrx_word' id='word_1_125' title='bbox 798 2520 978 2584; x_wconf 89' lang='lat' dir='ltr'>Johannem</span> <span class='ocrx_word' id='word_1_126' title='bbox 995 2521 1190 2582; x_wconf 88' lang='lat' dir='ltr'>minutorem</span> <span class='ocrx_word' id='word_1_127' title='bbox 1204 2518 1368 2600; x_wconf 86' lang='lat' dir='ltr'>sanguinis</span> <span class='ocrx_word' id='word_1_128' title='bbox 1383 2516 1486 2580; x_wconf 90' lang='lat' dir='ltr'>filium</span> 
     </span>
     <span class='ocr_line' id='line_1_18' title="bbox 227 2624 1487 2710; baseline -0.001 -24"><span class='ocrx_word' id='word_1_129' title='bbox 227 2624 322 2687; x_wconf 90' lang='lat' dir='ltr'>Duch</span> <span class='ocrx_word' id='word_1_130' title='bbox 347 2625 387 2686; x_wconf 89' lang='lat' dir='ltr'>de</span> <span class='ocrx_word' id='word_1_131' title='bbox 410 2626 482 2687; x_wconf 88' lang='lat' dir='ltr'>vico</span> <span class='ocrx_word' id='word_1_132' title='bbox 516 2627 702 2688; x_wconf 87' lang='lat' dir='ltr'>Latinorum</span> <span class='ocrx_word' id='word_1_133' title='bbox 735 2625 814 2689; x_wconf 88' lang='lat' dir='ltr'>feria</span> <span class='ocrx_word' id='word_1_134' title='bbox 844 2627 941 2690; x_wconf 88' lang='lat' dir='ltr'>tercia</span> <span class='ocrx_word' id='word_1_135' title='bbox 969 2627 1113 2710; x_wconf 83' lang='lat' dir='ltr'>proxima</span> <span class='ocrx_word' id='word_1_136' title='bbox 1145 2641 1216 2709; x_wconf 93' lang='lat' dir='ltr'>post</span> <span class='ocrx_word' id='word_1_137' title='bbox 1241 2625 1356 2688; x_wconf 88' lang='lat' dir='ltr'>festum</span> <span class='ocrx_word' id='word_1_138' title='bbox 1380 2637 1487 2688; x_wconf 87' lang='lat' dir='ltr'>sancte</span> 
     </span>
     <span class='ocr_line' id='line_1_19' title="bbox 228 2731 1487 2816; baseline -0.001 -23"><span class='ocrx_word' id='word_1_139' title='bbox 228 2731 431 2813; x_wconf 89' lang='lat' dir='ltr'>Margarethe</span> <span class='ocrx_word' id='word_1_140' title='bbox 455 2733 588 2814; x_wconf 90' lang='lat' dir='ltr'>virginis</span> <span class='ocrx_word' id='word_1_141' title='bbox 612 2747 642 2796; x_wconf 93' lang='lat' dir='ltr'>et</span> <span class='ocrx_word' id='word_1_142' title='bbox 665 2735 802 2796; x_wconf 89' lang='lat' dir='ltr'>martiris</span> <span class='ocrx_word' id='word_1_143' title='bbox 827 2733 946 2796; x_wconf 89' lang='lat' dir='ltr'>Christi</span> <span class='ocrx_word' id='word_1_144' title='bbox 978 2735 1114 2816; x_wconf 88' lang='lat' dir='ltr'>prestitit</span> <span class='ocrx_word' id='word_1_145' title='bbox 1138 2747 1168 2795; x_wconf 91' lang='lat' dir='ltr'>et</span> <span class='ocrx_word' id='word_1_146' title='bbox 1193 2733 1342 2816; x_wconf 89' lang='lat' dir='ltr'>deposuit</span> <span class='ocrx_word' id='word_1_147' title='bbox 1366 2731 1487 2814; x_wconf 90' lang='lat' dir='ltr'>precise</span> 
     </span>
     <span class='ocr_line' id='line_1_20' title="bbox 227 2839 1487 2923; baseline 0 -23"><span class='ocrx_word' id='word_1_148' title='bbox 227 2839 272 2900; x_wconf 90' lang='lat' dir='ltr'>sic</span> <span class='ocrx_word' id='word_1_149' title='bbox 297 2853 329 2901; x_wconf 93' lang='lat' dir='ltr'>et</span> <span class='ocrx_word' id='word_1_150' title='bbox 352 2858 392 2901; x_wconf 91' lang='lat' dir='ltr'>eo</span> <span class='ocrx_word' id='word_1_151' title='bbox 417 2839 516 2902; x_wconf 93' lang='lat' dir='ltr'>modo</span> <span class='ocrx_word' id='word_1_152' title='bbox 540 2840 621 2902; x_wconf 92' lang='lat' dir='ltr'>sicut</span> <span class='ocrx_word' id='word_1_153' title='bbox 645 2841 705 2902; x_wconf 92' lang='lat' dir='ltr'>sibi</span> <span class='ocrx_word' id='word_1_154' title='bbox 730 2839 790 2902; x_wconf 91' lang='lat' dir='ltr'>fuit</span> <span class='ocrx_word' id='word_1_155' title='bbox 807 2841 988 2923; x_wconf 86' lang='lat' dir='ltr'>nuperrime</span> <span class='ocrx_word' id='word_1_156' title='bbox 1009 2841 1239 2922; x_wconf 82' lang='lat' dir='ltr'>adjudicatum,</span> <span class='ocrx_word' id='word_1_157' title='bbox 1265 2840 1402 2921; x_wconf 89' lang='lat' dir='ltr'>ideoque</span> <span class='ocrx_word' id='word_1_158' title='bbox 1420 2839 1487 2921; x_wconf 84' lang='lat' dir='ltr'>ipse</span> 
     </span>
     <span class='ocr_line' id='line_1_21' title="bbox 225 2945 1486 3030; baseline 0 -24"><span class='ocrx_word' id='word_1_159' title='bbox 225 2945 391 3008; x_wconf 89' lang='lat' dir='ltr'>lohannes</span> <span class='ocrx_word' id='word_1_160' title='bbox 415 2947 453 3007; x_wconf 89' lang='lat' dir='ltr'>de</span> <span class='ocrx_word' id='word_1_161' title='bbox 471 2947 603 3009; x_wconf 91' lang='lat' dir='ltr'>vulnere</span> <span class='ocrx_word' id='word_1_162' title='bbox 628 2961 658 3009; x_wconf 91' lang='lat' dir='ltr'>et</span> <span class='ocrx_word' id='word_1_163' title='bbox 682 2947 838 3010; x_wconf 87' lang='lat' dir='ltr'>effusione</span> <span class='ocrx_word' id='word_1_164' title='bbox 854 2948 1018 3030; x_wconf 85' lang='lat' dir='ltr'>sanguinis</span> <span class='ocrx_word' id='word_1_165' title='bbox 1041 2949 1100 3029; x_wconf 90' lang='lat' dir='ltr'>ipsi</span> <span class='ocrx_word' id='word_1_166' title='bbox 1119 2947 1267 3010; x_wconf 89' lang='lat' dir='ltr'>Michaeli</span> <span class='ocrx_word' id='word_1_167' title='bbox 1285 2947 1384 3008; x_wconf 93' lang='lat' dir='ltr'>sutori</span> <span class='ocrx_word' id='word_1_168' title='bbox 1400 2945 1486 3028; x_wconf 87' lang='lat' dir='ltr'>juxta</span> 
     </span>
     <span class='ocr_line' id='line_1_22' title="bbox 224 3051 1485 3136; baseline -0.001 -22"><span class='ocrx_word' id='word_1_169' title='bbox 224 3065 375 3114; x_wconf 90' lang='lat' dir='ltr'>contenta</span> <span class='ocrx_word' id='word_1_170' title='bbox 398 3054 557 3134; x_wconf 90' lang='lat' dir='ltr'>privilegii</span> <span class='ocrx_word' id='word_1_171' title='bbox 580 3054 675 3116; x_wconf 89' lang='lat' dir='ltr'>debet</span> <span class='ocrx_word' id='word_1_172' title='bbox 705 3055 899 3136; x_wconf 86' lang='lat' dir='ltr'>condignam</span> <span class='ocrx_word' id='word_1_173' title='bbox 932 3054 1185 3116; x_wconf 86' lang='lat' dir='ltr'>satisfaccionem</span> <span class='ocrx_word' id='word_1_174' title='bbox 1221 3054 1406 3136; x_wconf 85' lang='lat' dir='ltr'>inpendere,</span> <span class='ocrx_word' id='word_1_175' title='bbox 1431 3051 1485 3114; x_wconf 90' lang='lat' dir='ltr'>ubi</span> 
     </span>
     <span class='ocr_line' id='line_1_23' title="bbox 224 3157 1487 3244; baseline 0.001 -25"><span class='ocrx_word' id='word_1_176' title='bbox 224 3177 300 3220; x_wconf 90' lang='lat' dir='ltr'>vero</span> <span class='ocrx_word' id='word_1_177' title='bbox 326 3158 580 3221; x_wconf 78' lang='lat' dir='ltr'>satisfaccionem</span> <span class='ocrx_word' id='word_1_178' title='bbox 616 3161 818 3242; x_wconf 91' lang='lat' dir='ltr'>pecunialem</span> <span class='ocrx_word' id='word_1_179' title='bbox 851 3162 1046 3242; x_wconf 80' lang='lat' dir='ltr'>condignam</span> <span class='ocrx_word' id='word_1_180' title='bbox 1072 3162 1137 3244; x_wconf 90' lang='lat' dir='ltr'>ipse</span> <span class='ocrx_word' id='word_1_181' title='bbox 1170 3161 1331 3224; x_wconf 87' lang='lat' dir='ltr'>lohannes</span> <span class='ocrx_word' id='word_1_182' title='bbox 1364 3157 1487 3241; x_wconf 89' lang='lat' dir='ltr'>prefato</span> 
     </span>
     <span class='ocr_line' id='line_1_24' title="bbox 225 3264 1487 3350; baseline 0 -24"><span class='ocrx_word' id='word_1_183' title='bbox 225 3264 376 3326; x_wconf 90' lang='lat' dir='ltr'>Michaeli</span> <span class='ocrx_word' id='word_1_184' title='bbox 401 3267 500 3327; x_wconf 89' lang='lat' dir='ltr'>sutori</span> <span class='ocrx_word' id='word_1_185' title='bbox 526 3265 628 3327; x_wconf 89' lang='lat' dir='ltr'>facere</span> <span class='ocrx_word' id='word_1_186' title='bbox 654 3286 718 3329; x_wconf 92' lang='lat' dir='ltr'>non</span> <span class='ocrx_word' id='word_1_187' title='bbox 747 3281 864 3348; x_wconf 88' lang='lat' dir='ltr'>posset,</span> <span class='ocrx_word' id='word_1_188' title='bbox 889 3283 1003 3331; x_wconf 82' lang='lat' dir='ltr'>extunc</span> <span class='ocrx_word' id='word_1_189' title='bbox 1037 3268 1121 3349; x_wconf 87' lang='lat' dir='ltr'>juxta</span> <span class='ocrx_word' id='word_1_190' title='bbox 1146 3281 1293 3330; x_wconf 91' lang='lat' dir='ltr'>contenta</span> <span class='ocrx_word' id='word_1_191' title='bbox 1328 3265 1487 3350; x_wconf 89' lang='lat' dir='ltr'>privilegii</span> 
     </span>
     <span class='ocr_line' id='line_1_25' title="bbox 225 3371 1485 3457; baseline 0.001 -25"><span class='ocrx_word' id='word_1_192' title='bbox 225 3371 324 3433; x_wconf 89' lang='lat' dir='ltr'>nostri</span> <span class='ocrx_word' id='word_1_193' title='bbox 350 3374 531 3434; x_wconf 89' lang='lat' dir='ltr'>communis</span> <span class='ocrx_word' id='word_1_194' title='bbox 567 3393 700 3435; x_wconf 89' lang='lat' dir='ltr'>manum</span> <span class='ocrx_word' id='word_1_195' title='bbox 732 3374 875 3436; x_wconf 89' lang='lat' dir='ltr'>amittere</span> <span class='ocrx_word' id='word_1_196' title='bbox 908 3375 1032 3454; x_wconf 90' lang='lat' dir='ltr'>debeat,</span> <span class='ocrx_word' id='word_1_197' title='bbox 1065 3389 1096 3436; x_wconf 92' lang='lat' dir='ltr'>et</span> <span class='ocrx_word' id='word_1_198' title='bbox 1124 3376 1199 3457; x_wconf 87' lang='lat' dir='ltr'>quia</span> <span class='ocrx_word' id='word_1_199' title='bbox 1232 3376 1297 3457; x_wconf 87' lang='lat' dir='ltr'>ipse</span> <span class='ocrx_word' id='word_1_200' title='bbox 1323 3373 1485 3436; x_wconf 91' lang='lat' dir='ltr'>lohannes</span> 
     </span>
     <span class='ocr_line' id='line_1_26' title="bbox 224 3477 1483 3564; baseline 0 -26"><span class='ocrx_word' id='word_1_201' title='bbox 224 3478 347 3540; x_wconf 92' lang='lat' dir='ltr'>nullam</span> <span class='ocrx_word' id='word_1_202' title='bbox 364 3477 618 3541; x_wconf 86' lang='lat' dir='ltr'>satisfaccionem</span> <span class='ocrx_word' id='word_1_203' title='bbox 644 3481 845 3562; x_wconf 89' lang='lat' dir='ltr'>pecunialem</span> <span class='ocrx_word' id='word_1_204' title='bbox 864 3481 921 3562; x_wconf 92' lang='lat' dir='ltr'>ipsi</span> <span class='ocrx_word' id='word_1_205' title='bbox 941 3482 1090 3545; x_wconf 89' lang='lat' dir='ltr'>Michaeli</span> <span class='ocrx_word' id='word_1_206' title='bbox 1108 3502 1166 3564; x_wconf 89' lang='lat' dir='ltr'>pro</span> <span class='ocrx_word' id='word_1_207' title='bbox 1183 3481 1230 3543; x_wconf 93' lang='lat' dir='ltr'>sui</span> <span class='ocrx_word' id='word_1_208' title='bbox 1256 3481 1483 3542; x_wconf 83' lang='lat' dir='ltr'>vulneratione</span> 
     </span>
     <span class='ocr_line' id='line_1_27' title="bbox 224 3586 1486 3670; baseline 0 -24"><span class='ocrx_word' id='word_1_209' title='bbox 224 3599 255 3646; x_wconf 91' lang='lat' dir='ltr'>et</span> <span class='ocrx_word' id='word_1_210' title='bbox 285 3604 345 3666; x_wconf 94' lang='lat' dir='ltr'>pro</span> <span class='ocrx_word' id='word_1_211' title='bbox 376 3586 425 3646; x_wconf 91' lang='lat' dir='ltr'>sui</span> <span class='ocrx_word' id='word_1_212' title='bbox 458 3587 623 3666; x_wconf 88' lang='lat' dir='ltr'>sanguinis</span> <span class='ocrx_word' id='word_1_213' title='bbox 656 3587 810 3649; x_wconf 89' lang='lat' dir='ltr'>effusione</span> <span class='ocrx_word' id='word_1_214' title='bbox 842 3586 943 3649; x_wconf 89' lang='lat' dir='ltr'>facere</span> <span class='ocrx_word' id='word_1_215' title='bbox 976 3589 1079 3650; x_wconf 93' lang='lat' dir='ltr'>voluit</span> <span class='ocrx_word' id='word_1_216' title='bbox 1107 3608 1164 3650; x_wconf 91' lang='lat' dir='ltr'>nec</span> <span class='ocrx_word' id='word_1_217' title='bbox 1198 3588 1313 3670; x_wconf 90' lang='lat' dir='ltr'>potuit,</span> <span class='ocrx_word' id='word_1_218' title='bbox 1346 3586 1486 3668; x_wconf 90' lang='lat' dir='ltr'>ideoque</span> 
     </span>
     <span class='ocr_line' id='line_1_28' title="bbox 224 3691 1487 3777; baseline 0.002 -26"><span class='ocrx_word' id='word_1_219' title='bbox 224 3709 357 3752; x_wconf 87' lang='lat' dir='ltr'>manum</span> <span class='ocrx_word' id='word_1_220' title='bbox 384 3691 483 3774; x_wconf 91' lang='lat' dir='ltr'>ipsius</span> <span class='ocrx_word' id='word_1_221' title='bbox 507 3693 662 3754; x_wconf 77' lang='lat' dir='ltr'>iohannis</span> <span class='ocrx_word' id='word_1_222' title='bbox 686 3694 848 3756; x_wconf 85' lang='lat' dir='ltr'>dexteram</span> <span class='ocrx_word' id='word_1_223' title='bbox 872 3695 931 3756; x_wconf 91' lang='lat' dir='ltr'>sibi</span> <span class='ocrx_word' id='word_1_224' title='bbox 957 3715 1012 3776; x_wconf 89' lang='lat' dir='ltr'>per</span> <span class='ocrx_word' id='word_1_225' title='bbox 1040 3693 1198 3777; x_wconf 88' lang='lat' dir='ltr'>prefatum</span> <span class='ocrx_word' id='word_1_226' title='bbox 1224 3693 1414 3756; x_wconf 89' lang='lat' dir='ltr'>Michaelem</span> <span class='ocrx_word' id='word_1_227' title='bbox 1432 3693 1487 3754; x_wconf 91' lang='lat' dir='ltr'>de·</span> 
     </span>
     <span class='ocr_line' id='line_1_29' title="bbox 224 3799 1485 3882; baseline 0.001 -24"><span class='ocrx_word' id='word_1_228' title='bbox 224 3799 386 3862; x_wconf 87' lang='lat' dir='ltr'>crevimus</span> <span class='ocrx_word' id='word_1_229' title='bbox 410 3800 657 3881; x_wconf 87' lang='lat' dir='ltr'>amputandam;</span> <span class='ocrx_word' id='word_1_230' title='bbox 682 3820 779 3882; x_wconf 91' lang='lat' dir='ltr'>quam</span> <span class='ocrx_word' id='word_1_231' title='bbox 805 3801 936 3882; x_wconf 87' lang='lat' dir='ltr'>quidem</span> <span class='ocrx_word' id='word_1_232' title='bbox 962 3821 1093 3863; x_wconf 91' lang='lat' dir='ltr'>manum</span> <span class='ocrx_word' id='word_1_233' title='bbox 1122 3803 1285 3864; x_wconf 83' lang='lat' dir='ltr'>dexteram</span> <span class='ocrx_word' id='word_1_234' title='bbox 1311 3800 1409 3882; x_wconf 92' lang='lat' dir='ltr'>ipsius</span> <span class='ocrx_word' id='word_1_235' title='bbox 1433 3799 1485 3860; x_wconf 94' lang='lat' dir='ltr'>Jo-</span> 
     </span>
     <span class='ocr_line' id='line_1_30' title="bbox 223 3904 1484 3988; baseline 0.002 -22"><span class='ocrx_word' id='word_1_236' title='bbox 223 3904 339 3966; x_wconf 90' lang='lat' dir='ltr'>hannis</span> <span class='ocrx_word' id='word_1_237' title='bbox 361 3905 447 3967; x_wconf 90' lang='lat' dir='ltr'>idem</span> <span class='ocrx_word' id='word_1_238' title='bbox 472 3905 609 3968; x_wconf 90' lang='lat' dir='ltr'>Michael</span> <span class='ocrx_word' id='word_1_239' title='bbox 633 3907 719 3988; x_wconf 84' lang='lat' dir='ltr'>juxta</span> <span class='ocrx_word' id='word_1_240' title='bbox 752 3908 916 3969; x_wconf 87' lang='lat' dir='ltr'>decretum</span> <span class='ocrx_word' id='word_1_241' title='bbox 940 3921 971 3969; x_wconf 91' lang='lat' dir='ltr'>et</span> <span class='ocrx_word' id='word_1_242' title='bbox 1000 3907 1276 3988; x_wconf 80' lang='lat' dir='ltr'>adjudicationem</span> <span class='ocrx_word' id='word_1_243' title='bbox 1309 3907 1484 3986; x_wconf 88' lang='lat' dir='ltr'>juratorum</span> 
     </span>
     <span class='ocr_line' id='line_1_31' title="bbox 222 4012 1438 4096; baseline 0.002 -23"><span class='ocrx_word' id='word_1_244' title='bbox 222 4012 437 4095; x_wconf 88' lang='lat' dir='ltr'>supradictam</span> <span class='ocrx_word' id='word_1_245' title='bbox 462 4015 639 4096; x_wconf 92' lang='lat' dir='ltr'>amputavit</span> <span class='ocrx_word' id='word_1_246' title='bbox 662 4015 775 4076; x_wconf 91' lang='lat' dir='ltr'>ordine</span> <span class='ocrx_word' id='word_1_247' title='bbox 799 4013 875 4095; x_wconf 90' lang='lat' dir='ltr'>juris</span> <span class='ocrx_word' id='word_1_248' title='bbox 899 4015 998 4076; x_wconf 89' lang='lat' dir='ltr'>nostri</span> <span class='ocrx_word' id='word_1_249' title='bbox 1024 4015 1213 4096; x_wconf 86' lang='lat' dir='ltr'>privilegiati</span> <span class='ocrx_word' id='word_1_250' title='bbox 1239 4027 1438 4096; x_wconf 85' lang='lat' dir='ltr'>exposcente.</span> 
     </span>
    </p>

    <p class='ocr_par' dir='ltr' id='par_1_5' title="bbox 224 4119 1486 5054">
     <span class='ocr_line' id='line_1_32' title="bbox 331 4119 1484 4204; baseline 0 -24"><span class='ocrx_word' id='word_1_251' title='bbox 331 4119 410 4180; x_wconf 91' lang='lat' dir='ltr'>Item</span> <span class='ocrx_word' id='word_1_252' title='bbox 436 4120 510 4200; x_wconf 90' lang='lat' dir='ltr'>quia</span> <span class='ocrx_word' id='word_1_253' title='bbox 536 4119 704 4182; x_wconf 90' lang='lat' dir='ltr'>Ladislaus</span> <span class='ocrx_word' id='word_1_254' title='bbox 728 4120 899 4204; x_wconf 90' lang='lat' dir='ltr'>Zalowych</span> <span class='ocrx_word' id='word_1_255' title='bbox 929 4121 968 4182; x_wconf 93' lang='lat' dir='ltr'>de</span> <span class='ocrx_word' id='word_1_256' title='bbox 993 4122 1208 4204; x_wconf 84' lang='lat' dir='ltr'>Jegyudowcz</span> <span class='ocrx_word' id='word_1_257' title='bbox 1241 4141 1313 4182; x_wconf 87' lang='lat' dir='ltr'>cum</span> <span class='ocrx_word' id='word_1_258' title='bbox 1338 4121 1484 4202; x_wconf 89' lang='lat' dir='ltr'>pluribus</span> 
     </span>
     <span class='ocr_line' id='line_1_33' title="bbox 224 4225 1485 4310; baseline 0.002 -25"><span class='ocrx_word' id='word_1_259' title='bbox 224 4225 390 4286; x_wconf 91' lang='lat' dir='ltr'>nobilibus</span> <span class='ocrx_word' id='word_1_260' title='bbox 407 4239 436 4286; x_wconf 89' lang='lat' dir='ltr'>et</span> <span class='ocrx_word' id='word_1_261' title='bbox 460 4225 596 4308; x_wconf 90' lang='lat' dir='ltr'>ydoneis</span> <span class='ocrx_word' id='word_1_262' title='bbox 620 4227 695 4289; x_wconf 87' lang='lat' dir='ltr'>viris</span> <span class='ocrx_word' id='word_1_263' title='bbox 718 4247 775 4310; x_wconf 92' lang='lat' dir='ltr'>per</span> <span class='ocrx_word' id='word_1_264' title='bbox 800 4229 905 4310; x_wconf 91' lang='lat' dir='ltr'>ipsum</span> <span class='ocrx_word' id='word_1_265' title='bbox 928 4228 961 4288; x_wconf 91' lang='lat' dir='ltr'>in</span> <span class='ocrx_word' id='word_1_266' title='bbox 986 4226 1069 4289; x_wconf 87' lang='lat' dir='ltr'>facto</span> <span class='ocrx_word' id='word_1_267' title='bbox 1086 4226 1160 4290; x_wconf 89' lang='lat' dir='ltr'>furti</span> <span class='ocrx_word' id='word_1_268' title='bbox 1185 4230 1357 4289; x_wconf 87' lang='lat' dir='ltr'>subnotato</span> <span class='ocrx_word' id='word_1_269' title='bbox 1377 4246 1485 4288; x_wconf 90' lang='lat' dir='ltr'>coram</span> 
     </span>
     <span class='ocr_line' id='line_1_34' title="bbox 224 4331 1485 4415; baseline 0.002 -23"><span class='ocrx_word' id='word_1_270' title='bbox 224 4332 318 4393; x_wconf 92' lang='lat' dir='ltr'>nobis</span> <span class='ocrx_word' id='word_1_271' title='bbox 342 4331 470 4392; x_wconf 89' lang='lat' dir='ltr'>insede</span> <span class='ocrx_word' id='word_1_272' title='bbox 495 4345 602 4393; x_wconf 90' lang='lat' dir='ltr'>nostra</span> <span class='ocrx_word' id='word_1_273' title='bbox 625 4332 790 4412; x_wconf 86' lang='lat' dir='ltr'>judiciaria</span> <span class='ocrx_word' id='word_1_274' title='bbox 815 4333 899 4395; x_wconf 91' lang='lat' dir='ltr'>clare</span> <span class='ocrx_word' id='word_1_275' title='bbox 924 4347 955 4396; x_wconf 93' lang='lat' dir='ltr'>et</span> <span class='ocrx_word' id='word_1_276' title='bbox 975 4332 1168 4396; x_wconf 84' lang='lat' dir='ltr'>sufficienter</span> <span class='ocrx_word' id='word_1_277' title='bbox 1192 4335 1425 4415; x_wconf 90' lang='lat' dir='ltr'>comprobavit,</span> <span class='ocrx_word' id='word_1_278' title='bbox 1450 4347 1485 4395; x_wconf 91' lang='lat' dir='ltr'>ut</span> 
     </span>
     <span class='ocr_line' id='line_1_35' title="bbox 225 4435 1485 4523; baseline 0.004 -25"><span class='ocrx_word' id='word_1_279' title='bbox 225 4435 371 4520; x_wconf 89' lang='lat' dir='ltr'>Mathyas</span> <span class='ocrx_word' id='word_1_280' title='bbox 395 4437 579 4520; x_wconf 87' lang='lat' dir='ltr'>Poldrugak</span> <span class='ocrx_word' id='word_1_281' title='bbox 597 4439 699 4502; x_wconf 90' lang='lat' dir='ltr'>dictus</span> <span class='ocrx_word' id='word_1_282' title='bbox 715 4439 799 4502; x_wconf 90' lang='lat' dir='ltr'>filius</span> <span class='ocrx_word' id='word_1_283' title='bbox 826 4441 908 4502; x_wconf 88' lang='lat' dir='ltr'>Petri</span> <span class='ocrx_word' id='word_1_284' title='bbox 934 4440 973 4502; x_wconf 93' lang='lat' dir='ltr'>de</span> <span class='ocrx_word' id='word_1_285' title='bbox 998 4441 1150 4523; x_wconf 90' lang='lat' dir='ltr'>Dubycza</span> <span class='ocrx_word' id='word_1_286' title='bbox 1171 4442 1305 4503; x_wconf 91' lang='lat' dir='ltr'>servitor</span> <span class='ocrx_word' id='word_1_287' title='bbox 1323 4441 1419 4502; x_wconf 90' lang='lat' dir='ltr'>lwani</span> <span class='ocrx_word' id='word_1_288' title='bbox 1445 4440 1485 4503; x_wconf 94' lang='lat' dir='ltr'>de</span> 
     </span>
     <span class='ocr_line' id='line_1_36' title="bbox 224 4542 1486 4630; baseline 0.002 -26"><span class='ocrx_word' id='word_1_289' title='bbox 224 4542 392 4606; x_wconf 87' lang='lat' dir='ltr'>Ztermeclr</span> <span class='ocrx_word' id='word_1_290' title='bbox 411 4545 516 4626; x_wconf 91' lang='lat' dir='ltr'>ipsum</span> <span class='ocrx_word' id='word_1_291' title='bbox 529 4546 713 4607; x_wconf 87' lang='lat' dir='ltr'>Ladislaum</span> <span class='ocrx_word' id='word_1_292' title='bbox 728 4547 900 4630; x_wconf 89' lang='lat' dir='ltr'>Zalowych</span> <span class='ocrx_word' id='word_1_293' title='bbox 910 4547 942 4608; x_wconf 94' lang='lat' dir='ltr'>in</span> <span class='ocrx_word' id='word_1_294' title='bbox 956 4559 1054 4628; x_wconf 90' lang='lat' dir='ltr'>ponte</span> <span class='ocrx_word' id='word_1_295' title='bbox 1065 4548 1096 4608; x_wconf 92' lang='lat' dir='ltr'>in</span> <span class='ocrx_word' id='word_1_296' title='bbox 1108 4547 1205 4609; x_wconf 88' lang='lat' dir='ltr'>fluvio</span> <span class='ocrx_word' id='word_1_297' title='bbox 1217 4597 1223 4610; x_wconf 91' lang='lat'><em>.</em></span> <span class='ocrx_word' id='word_1_298' title='bbox 1234 4597 1239 4610; x_wconf 93' lang='lat'>.</span> <span class='ocrx_word' id='word_1_299' title='bbox 1252 4593 1259 4610; x_wconf 88' lang='lat'><strong>.</strong></span> <span class='ocrx_word' id='word_1_300' title='bbox 1270 4561 1382 4609; x_wconf 85' lang='lat' dir='ltr'>vocato</span> <span class='ocrx_word' id='word_1_301' title='bbox 1396 4548 1486 4628; x_wconf 88' lang='lat' dir='ltr'>equis</span> 
     </span>
     <span class='ocr_line' id='line_1_37' title="bbox 226 4648 1486 4735; baseline 0.005 -25"><span class='ocrx_word' id='word_1_302' title='bbox 226 4664 257 4710; x_wconf 89' lang='lat' dir='ltr'>et</span> <span class='ocrx_word' id='word_1_303' title='bbox 278 4648 349 4712; x_wconf 89' lang='lat' dir='ltr'>aliis</span> <span class='ocrx_word' id='word_1_304' title='bbox 362 4651 457 4712; x_wconf 88' lang='lat' dir='ltr'>rebus</span> <span class='ocrx_word' id='word_1_305' title='bbox 473 4652 538 4712; x_wconf 92' lang='lat' dir='ltr'>suis</span> <span class='ocrx_word' id='word_1_306' title='bbox 554 4652 724 4734; x_wconf 91' lang='lat' dir='ltr'>spoliando</span> <span class='ocrx_word' id='word_1_307' title='bbox 741 4668 772 4714; x_wconf 87' lang='lat' dir='ltr'>et</span> <span class='ocrx_word' id='word_1_308' title='bbox 788 4653 996 4735; x_wconf 89' lang='lat' dir='ltr'>depredando</span> <span class='ocrx_word' id='word_1_309' title='bbox 1014 4672 1086 4715; x_wconf 89' lang='lat' dir='ltr'>cum</span> <span class='ocrx_word' id='word_1_310' title='bbox 1104 4654 1213 4717; x_wconf 88' lang='lat' dir='ltr'>lancea</span> <span class='ocrx_word' id='word_1_311' title='bbox 1231 4675 1286 4716; x_wconf 89' lang='lat' dir='ltr'>sua</span> <span class='ocrx_word' id='word_1_312' title='bbox 1304 4654 1343 4716; x_wconf 91' lang='lat' dir='ltr'>ad</span> <span class='ocrx_word' id='word_1_313' title='bbox 1354 4673 1486 4716; x_wconf 90' lang='lat' dir='ltr'>manum</span> 
     </span>
     <span class='ocr_line' id='line_1_38' title="bbox 224 4754 1485 4842; baseline 0.003 -26"><span class='ocrx_word' id='word_1_314' title='bbox 224 4754 351 4836; x_wconf 84' lang='lat' dir='ltr'>fixisset,</span> <span class='ocrx_word' id='word_1_315' title='bbox 376 4769 407 4818; x_wconf 92' lang='lat' dir='ltr'>et</span> <span class='ocrx_word' id='word_1_316' title='bbox 430 4757 517 4838; x_wconf 92' lang='lat' dir='ltr'>quod</span> <span class='ocrx_word' id='word_1_317' title='bbox 543 4758 672 4820; x_wconf 90' lang='lat' dir='ltr'>tandem</span> <span class='ocrx_word' id='word_1_318' title='bbox 699 4758 783 4819; x_wconf 90' lang='lat' dir='ltr'>idem</span> <span class='ocrx_word' id='word_1_319' title='bbox 809 4759 955 4842; x_wconf 88' lang='lat' dir='ltr'>Mathyas</span> <span class='ocrx_word' id='word_1_320' title='bbox 979 4759 1161 4840; x_wconf 87' lang='lat' dir='ltr'>Poldrugak</span> <span class='ocrx_word' id='word_1_321' title='bbox 1185 4761 1323 4824; x_wconf 87' lang='lat' dir='ltr'>secunda</span> <span class='ocrx_word' id='word_1_322' title='bbox 1346 4761 1416 4822; x_wconf 91' lang='lat' dir='ltr'>vice</span> <span class='ocrx_word' id='word_1_323' title='bbox 1433 4781 1485 4820; x_wconf 86' lang='lat' dir='ltr'>sex</span> 
     </span>
     <span class='ocr_line' id='line_1_39' title="bbox 229 4863 1485 4948; baseline 0.004 -26"><span class='ocrx_word' id='word_1_324' title='bbox 229 4863 329 4924; x_wconf 89' lang='lat' dir='ltr'>boves</span> <span class='ocrx_word' id='word_1_325' title='bbox 353 4864 451 4944; x_wconf 92' lang='lat' dir='ltr'>ipsius</span> <span class='ocrx_word' id='word_1_326' title='bbox 475 4864 614 4925; x_wconf 77' lang='lat' dir='ltr'>ladislai</span> <span class='ocrx_word' id='word_1_327' title='bbox 641 4865 671 4924; x_wconf 95' lang='lat' dir='ltr'>in</span> <span class='ocrx_word' id='word_1_328' title='bbox 696 4866 948 4946; x_wconf 88' lang='lat' dir='ltr'>possessionibus</span> <span class='ocrx_word' id='word_1_329' title='bbox 977 4865 1075 4946; x_wconf 91' lang='lat' dir='ltr'>ipsius</span> <span class='ocrx_word' id='word_1_330' title='bbox 1106 4867 1319 4944; x_wconf 82' lang='lat' dir='ltr'>subtraxisset,</span> <span class='ocrx_word' id='word_1_331' title='bbox 1344 4880 1375 4928; x_wconf 89' lang='lat' dir='ltr'>ct</span> <span class='ocrx_word' id='word_1_332' title='bbox 1398 4866 1485 4948; x_wconf 92' lang='lat' dir='ltr'>quod</span> 
     </span>
     <span class='ocr_line' id='line_1_40' title="bbox 226 4968 1484 5054; baseline 0.005 -26"><span class='ocrx_word' id='word_1_333' title='bbox 226 4968 295 5049; x_wconf 89' lang='lat' dir='ltr'>ipse</span> <span class='ocrx_word' id='word_1_334' title='bbox 321 4969 468 5052; x_wconf 89' lang='lat' dir='ltr'>Mathyas</span> <span class='ocrx_word' id='word_1_335' title='bbox 493 4971 676 5051; x_wconf 89' lang='lat' dir='ltr'>Poldrugak</span> <span class='ocrx_word' id='word_1_336' title='bbox 700 4973 796 5032; x_wconf 87' lang='lat' dir='ltr'>tercia</span> <span class='ocrx_word' id='word_1_337' title='bbox 821 4973 888 5032; x_wconf 89' lang='lat' dir='ltr'>vice</span> <span class='ocrx_word' id='word_1_338' title='bbox 905 4985 976 5054; x_wconf 92' lang='lat' dir='ltr'>post</span> <span class='ocrx_word' id='word_1_339' title='bbox 997 4970 1113 5034; x_wconf 89' lang='lat' dir='ltr'>festum</span> <span class='ocrx_word' id='word_1_340' title='bbox 1136 4973 1236 5035; x_wconf 87' lang='lat' dir='ltr'>sancti</span> <span class='ocrx_word' id='word_1_341' title='bbox 1254 4973 1385 5054; x_wconf 89' lang='lat' dir='ltr'>Georgii</span> <span class='ocrx_word' id='word_1_342' title='bbox 1402 4994 1484 5034; x_wconf 86' lang='lat' dir='ltr'>mar·</span> 
     </span>
    </p>
   </div>
   <div class='ocr_carea' id='block_1_4' title="bbox 0 0 1872 5796">
    <p class='ocr_par' dir='ltr' id='par_1_6' title="bbox 0 0 1872 5796">
     <span class='ocr_line' id='line_1_41' title="bbox 0 0 1872 5796; baseline 0 0"><span class='ocrx_word' id='word_1_343' title='bbox 0 0 1872 5796; x_wconf 95' lang='lat' dir='ltr'> </span> 
     </span>
    </p>
   </div>
  </div>
 </body>
</html>
