3740 5810
457 544 516 604 116
850 541 937 598 Anno
955 551 1045 616 1423.
1068 569 1107 580 -

558 753 636 814 Item
662 752 753 832 jurati
779 751 1042 832 adjudicaverunt
1067 751 1148 811 inter
1180 749 1339 810 Briccium
1373 747 1510 826 juratum
1534 761 1566 807 et
1593 747 1709 806 Lucam

453 860 590 923 condam
614 860 792 923 curiensem
816 878 875 941 pro
891 876 985 918 causa
1002 874 1125 933 eorum,
1147 855 1235 936 quod
1254 855 1321 936 ipse
1346 855 1447 915 Lucas
1463 872 1563 936 penes
1588 853 1710 914 literam

454 967 679 1049 obligatoriam
704 964 842 1027 condam
866 961 1062 1026 Jaltouchich
1087 961 1174 1044 prius
1203 961 1404 1022 solucionem
1429 959 1546 1022 debeat
1568 959 1710 1042 adipisci.

560 1073 636 1134 item
661 1071 753 1154 jurati
778 1070 1053 1150 adjudicaverunt,
1078 1068 1166 1150 quod
1184 1066 1328 1130 Ferench
1344 1080 1443 1145 sutor,
1469 1065 1611 1128 Briccius
1627 1078 1713 1128 sutor

455 1193 486 1242 et
510 1181 613 1242 Lucas
637 1191 736 1257 sutor,
761 1177 897 1260 quilibet
919 1175 1019 1238 tercio
1043 1195 1077 1236 se
1092 1174 1252 1236 similibus
1275 1171 1354 1236 feria
1370 1186 1456 1234 sexta
1481 1173 1626 1254 proxima
1643 1183 1713 1253 post

455 1299 602 1349 octavam
627 1285 723 1346 Pasce
747 1283 963 1365 juramentum
987 1282 1106 1343 debent
1130 1280 1294 1362 deponere
1325 1293 1436 1341 contra
1462 1278 1640 1359 Georgium
1665 1296 1714 1338 su·

454 1404 558 1454 torem
582 1411 677 1474 super
701 1410 751 1470 e0,
775 1389 863 1471 quod
889 1388 949 1472 ipsi
967 1388 998 1449 in
1023 1386 1187 1450 surticinio
1204 1399 1314 1447 contra
1331 1405 1386 1447 eoa
1409 1405 1465 1468 per
1492 1385 1597 1467 ipsum
1615 1383 1714 1446 Geor·

454 1499 543 1580 glum
567 1497 733 1581 proposito
758 1495 892 1558 minime
918 1492 1024 1556 forent
1048 1492 1235 1576 culpabiles.

519 1733 617 1808 Feria
644 1743 744 1808 sexta
772 1736 927 1824 proxima
955 1741 1032 1822 post
1059 1733 1183 1805 festum
1211 1729 1494 1804 Annunciacionis
1523 1733 1665 1820 virginis

1014 1858 1167 1946 gloriose.

982 2025 1049 2107 (26.
1081 2029 1206 2104 martit).

564 2188 641 2250 Item
655 2189 730 2270 quia
740 2187 930 2249 Valentinus
941 2186 1113 2248 Kunouich
1127 2186 1240 2266 dictus,
1252 2185 1446 2248 inhabitator
1460 2185 1594 2248 civitatis
1604 2199 1714 2262 nostre,

458 2293 577 2356 multos
609 2295 693 2357 cives
717 2294 837 2376 pluries
868 2294 936 2354 dire
970 2307 1000 2356 et
1023 2293 1136 2354 acriter
1167 2293 1364 2372 vulneravit,
1395 2305 1427 2355 et
1457 2291 1576 2374 pluries
1609 2292 1714 2354 citatus

458 2400 582 2483 justicie
608 2401 741 2462 minime
766 2401 963 2481 comparuit;
987 2399 1118 2462 demum
1144 2420 1220 2462 vero
1244 2400 1306 2462 hiis
1338 2418 1403 2461 non
1428 2412 1596 2460 contentus
1619 2415 1714 2460 unum

459 2525 497 2567 ex
521 2505 631 2586 juratis
655 2505 806 2567 videlicet
830 2503 1008 2585 Georgium
1032 2507 1072 2566 ad
1098 2504 1211 2567 faciem
1236 2505 1427 2584 vulneravit,
1452 2505 1526 2568 ideo
1550 2505 1640 2587 jurati
1664 2502 1714 2564 ad·

459 2611 684 2694 judicaverunt
707 2612 767 2673 sibi
792 2612 825 2672 in
849 2611 922 2673 loco
946 2625 1099 2674 conaveto
1124 2631 1255 2674 manum
1285 2625 1451 2694 amputare
1476 2627 1507 2674 et
1531 2612 1571 2673 de
1593 2610 1714 2674 civitate

460 2719 595 2800 turpiter
618 2719 776 2800 expellere
802 2719 844 2779 ita
868 2718 956 2799 quod
981 2738 1149 2800 nunquam
1168 2719 1306 2802 amplius
1330 2719 1370 2781 ad
1394 2719 1555 2780 civitatem
1578 2736 1637 2778 nec
1653 2715 1715 2777 eiua

462 2825 658 2887 territorium
690 2825 730 2887 sit
760 2825 842 2886 liber
873 2825 993 2905 venire,
1025 2825 1080 2907 qui
1113 2825 1138 2886 si
1172 2825 1389 2907 deprehensus
1413 2823 1453 2887 de
1486 2837 1590 2886 cetero
1613 2820 1713 2896 fuerit,

460 2929 638 2993 secundum
663 2930 821 3012 justiciam
846 2930 982 2993 civitatis
1005 2931 1181 2992 secundum
1206 2931 1412 3014 privilegium
1436 2932 1595 3013 punietur.

595 3166 691 3240 Fetia
720 3176 818 3240 sexta
846 3171 1002 3258 proxima
1029 3179 1106 3259 post
1134 3175 1290 3242 octavam
1317 3168 1422 3241 Pasce
1450 3169 1589 3240 Domini.

985 3334 1051 3417 (16.
1081 3335 1213 3412 apn'lis).

570 3495 648 3556 item
672 3494 919 3557 Bartholomeus
943 3493 1027 3556 filius
1058 3495 1143 3558 iwan
1176 3495 1254 3558 civis
1284 3507 1393 3557 contra
1419 3494 1590 3557 Martinum
1620 3495 1714 3558 filium

465 3600 694 3664 Plemenschak
717 3600 863 3663 similiter
887 3602 988 3663 civem
1013 3602 1118 3684 primo
1143 3602 1257 3664 citatus
1284 3622 1350 3663 non
1375 3603 1565 3684 comparuit.

570 3707 647 3768 Item
672 3707 816 3767 Andreas
841 3706 990 3768 Swechar
1014 3721 1045 3769 et
1061 3707 1202 3769 decanus
1225 3721 1334 3770 contra
1352 3709 1564 3771 Mrankonem
1581 3707 1714 3771 secundo

465 3813 578 3875 citatus
601 3832 667 3874 non
691 3813 882 3895 comparuit.

570 3917 648 3980 Item
673 3918 791 3979 Paulus
822 3917 952 4002 Babych
984 3933 1093 3981 contra
1126 3919 1327 3982 Anthonium
1356 3919 1523 3982 Chernech
1548 3921 1651 4002 primo
1678 3919 1714 3980 ci·

462 4039 548 4090 tatus
571 4045 636 4087 non
661 4026 850 4107 comparuit.

571 4149 649 4210 Item
675 4149 866 4211 Benedictus
891 4149 974 4211 filius
998 4151 1163 4212 Benedicti
1189 4150 1220 4211 id
1246 4171 1318 4212 cum
1335 4150 1505 4213 sufficienti
1530 4165 1561 4213 et
1585 4149 1714 4214 evidenti

465 4268 649 4316 nostrorum
682 4255 862 4318 concivium
896 4257 1081 4318 testimonio
1114 4258 1335 4338 comprobavit
1371 4277 1478 4320 coram
1502 4259 1606 4336 nobis,
1638 4253 1714 4339 quod

466 4361 643 4444 Elyzabeth
667 4361 776 4424 relicta
794 4362 930 4422 condam
949 4363 1077 4424 Andree
1102 4364 1218 4425 sutoris
1242 4364 1351 4446 Koper
1368 4365 1455 4443 dicti,
1473 4363 1536 4446 jam
1560 4365 1599 4425 de
1618 4362 1715 4426 medio

465 4467 600 4546 sublata,
625 4469 702 4529 dum
726 4467 830 4529 adhuc
853 4468 991 4547 vivebat,
1022 4483 1098 4531 tunc
1131 4471 1336 4532 medietatem
1361 4470 1478 4532 domus
1509 4490 1566 4532 sue
1590 4471 1630 4532 ad
1655 4485 1715 4530 eam

465 4587 537 4656 post
560 4574 684 4635 obitum
709 4575 813 4635 mariti
839 4574 887 4635 sui
919 4573 1031 4656 prefati
1065 4575 1261 4656 devolutam,
1293 4577 1375 4638 inter
1399 4577 1602 4640 Anthonium
1636 4578 1715 4640 Moz-

466 4680 579 4741 lauech
600 4693 631 4742 et
648 4679 839 4742 Michaelem
864 4679 989 4742 fabrum
1007 4682 1111 4760 sitam,
1136 4703 1209 4744 cum
1233 4703 1289 4744 sua
1307 4683 1545 4765 consanguinea
1570 4685 1630 4746 sibi
1655 4700 1716 4766 per·

466 4799 563 4869 petuo
588 4787 780 4864 donavisset,
805 4801 836 4848 et
860 4787 1002 4849 eiusdem
1029 4789 1145 4850 domus
1168 4789 1265 4851 aliam
1283 4790 1488 4852 medietatem
1514 4791 1601 4852 idern
1626 4792 1716 4852 Bene·

466 4893 569 4954 dictus
592 4906 777 4974 prenotatus
801 4894 841 4953 ab
866 4895 979 4955 abbate
1005 4895 1141 4956 Nicolao
1174 4896 1301 4957 claustri
1332 4897 1423 4958 beate
1455 4897 1588 4977 virginis
1619 4895 1716 4979 precio

466 5000 674 5081 comparavit.
