3740 5810
567 536 765 612 Am1422.
790 568 834 578 —
849 548 908 612 30.
924 534 1077 610 januarii.
1402 550 1460 612 ¹¹3

300 745 380 806 ltem
405 746 519 808 eodem
545 745 597 808 die
629 744 772 806 secundo
804 764 900 827 super
932 763 982 824 e0,
1007 743 1094 826 quod
1130 743 1208 804 vites
1232 743 1374 826 magistri
1400 743 1462 804 Fa-

192 853 280 913 biani
305 871 372 912 non
396 851 604 913 destruxisset
626 850 742 912 debeat
764 850 878 933 jurare.

302 959 381 1020 Item
406 958 521 1020 eodem
547 957 599 1018 die
622 957 784 1020 tenebitur
808 955 988 1019 satisfacere
1007 957 1122 1019 ancille
1147 958 1289 1038 magistri
1315 957 1461 1036 Fabiani,

193 1085 294 1147 quam
320 1065 402 1127 dixit
424 1085 457 1126 se
479 1064 688 1147 vituperasse.

305 1170 384 1234 ltem
409 1171 520 1232 Petrus
543 1183 575 1232 et
597 1171 677 1232 alter
693 1169 815 1249 Petrus,
837 1169 955 1232 Paulus
978 1182 1009 1231 et
1031 1169 1163 1252 Mathey
1188 1169 1463 1232 molendinatores

194 1289 306 1338 contra
326 1276 463 1355 lwanelr‚
482 1277 619 1357 quilibet
642 1277 743 1338 tercio
766 1296 799 1337 se
816 1290 930 1338 octavo
955 1275 1007 1338 die
1030 1277 1223 1338 tenebuntur
1246 1275 1350 1358 jurare
1368 1295 1464 1359 super

196 1403 248 1462 eo,
273 1382 363 1464 quod
387 1383 446 1465 ipsi
470 1383 503 1444 in
529 1381 680 1444 incendio
705 1381 830 1444 kouche
854 1383 1041 1444 innocentes
1064 1381 1124 1443 sibi
1150 1393 1263 1444 essent.

306 1488 385 1550 ltem
410 1488 534 1550 Martha
560 1488 669 1550 relicta
693 1487 821 1550 Andree
853 1488 978 1570 pridem
1002 1487 1095 1570 jurati
1127 1488 1352 1572 comprobavit
1375 1489 1461 1551 testi·

197 1595 313 1657 monio
337 1595 518 1656 concivium
543 1595 631 1676 quod
656 1594 758 1657 Elena
781 1594 890 1656 relicta
915 1593 1053 1656 Emerici
1076 1607 1202 1656 tenetur
1225 1593 1286 1656 sibi
1316 1595 1461 1677 quinque

197 1704 282 1781 flor.,
306 1721 389 1784 quos
411 1701 571 1764 tenebitur
594 1701 718 1764 solvere
743 1699 824 1762 infra
849 1699 1040 1782 quindenas.

197 1901 298 1976 Feria
326 1912 425 1976 serta
444 1905 600 1994 proxima
619 1909 698 1976 ante
721 1902 845 1975 lestnm
874 1901 1130 1976 Purificaeionis
1148 1903 1292 1992 virginis
1311 1903 1465 1992 glorlose.

708 2067 772 2134 (29.
788 2055 952 2135 januaris).

309 2197 387 2259 ltem
412 2197 574 2259 Barnabas
597 2210 698 2259 sartor
729 2210 840 2259 contra
872 2197 1039 2258 dominam
1064 2197 1199 2259 Elenam
1231 2215 1365 2258 uxorem
1398 2216 1464 2259 ma·

199 2304 294 2387 gistri
327 2303 459 2365 Fabiani
490 2323 583 2365 suum
616 2302 764 2386 deposuit
795 2301 1011 2384 juramentum
1042 2303 1260 2386 supradictum
1292 2317 1323 2364 et
1354 2317 1464 2366 contra

197 2412 392 2492 magistrum
416 2410 595 2472 Fabianum
619 2423 833 2493 prenotatum.

312 2517 389 2578 Item
414 2515 526 2578 Petrus
550 2530 581 2578 et
604 2515 683 2577 alter
704 2515 826 2594 Petrus,
851 2535 887 2577 ac
913 2515 1030 2577 Paulus
1058 2515 1332 2577 molendinatores
1356 2528 1466 2578 contra

202 2623 334 2684 lwanelr
359 2621 496 2704 quilibet
519 2621 618 2683 tercio
642 2641 674 2683 se
699 2641 755 2683 sua
779 2622 984 2703 prestiterunt
1014 2621 1192 2704 juramenta
1220 2621 1410 2704 supradicta,
1435 2635 1466 2686 et

201 2729 323 2790 eodem
349 2727 448 2790 modo
472 2726 613 2811 Mathey‚
637 2747 732 2810 super
756 2706 873 2809 quibus
896 2728 959 2790 sint
983 2727 1133 2810 expediti.

313 2834 389 2896 ltem
415 2833 595 2916 Stephanus
619 2833 845 2916 carpentarius,
870 2835 945 2895 item
960 2833 1112 2895 Nicolaus
1135 2835 1362 2916 carpentarius,
1387 2835 1463 2897 item

202 2940 337 3019 Paulus,
347 2939 458 3002 decani
472 2939 757 3002 collendinilvlarie
770 2939 913 3020 virginis,
927 2951 1036 3001 contra
1047 2939 1246 3002 Anthonium
1254 2939 1465 3024 Wodoga(sa)

200 3067 263 3109 sua
288 3047 508 3128 deposuerunt
531 3044 709 3127 juramenta
735 3065 896 3128 supereo,
917 3045 1005 3128 quod
1030 3045 1097 3128 ipse
1114 3045 1257 3129 predicto
1283 3047 1468 3110 collendino

201 3153 361 3215 tredecim
386 3151 494 3234 pensis
518 3151 724 3214 denariorum
756 3165 927 3231 teneretur,
959 3171 1041 3234 quos
1065 3150 1146 3212 inira
1179 3152 1359 3234 quindenas
1382 3165 1470 3215 tene·

199 3259 290 3321 bitur
314 3259 497 3342 persolvere
521 3258 677 3320 debonis
700 3259 733 3320 in
756 3258 916 3321 territorio
941 3258 1077 3321 civitatis
1098 3258 1223 3322 habitis.

617 3460 700 3532 ltem
728 3459 871 3532 sabbato
899 3463 1063 3550 sequenti.

711 3609 778 3690 (30.
803 3609 972 3688 januarii).

313 3753 464 3814 Seniores
488 3750 610 3832 judices
634 3749 859 3830 adjudicarunt
890 3749 923 3811 in
955 3770 1048 3812 causa
1073 3751 1154 3814 inter
1178 3752 1367 3833 magistrum
1400 3751 1468 3814 Ste-

205 3859 354 3944 phanum
379 3871 532 3920 sartorem
565 3855 710 3919 Pundich
743 3869 774 3917 et
805 3855 984 3918 Fabianum
1017 3855 1145 3918 fratrem
1178 3857 1315 3919 condam
1340 3857 1469 3921 Thome

204 3963 387 4028 Racherich
414 3964 559 4047 superius
583 3963 615 4025 in
648 3977 802 4044 quaterna
835 3976 933 4043 mota,
957 3962 1032 4044 quia
1058 3963 1143 4024 idern
1177 3963 1359 4046 Stephanus
1383 3984 1470 4026 com-

206 4070 360 4155 probavit
384 4069 561 4148 evideoter,
585 4070 673 4151 quod
702 4067 843 4152 prelatus
873 4068 1019 4130 Thomas
1050 4069 1227 4132 Racherich
1251 4070 1311 4132 sibi
1337 4070 1471 4132 domum

202 4178 240 4239 in
275 4175 404 4238 civitate
434 4173 576 4237 habitam
610 4174 873 4237 testamentaliter
904 4173 1085 4253 dimisisset,
1119 4190 1213 4258 prout
1245 4175 1346 4237 eciam
1378 4175 1471 4258 jurati

204 4285 316 4365 ipsum
340 4293 568 4343 testamentum
593 4279 822 4344 confirmarunt
839 4294 995 4364 perpetuo
1019 4281 1205 4362 valiturum,
1229 4281 1344 4343 eodem
1370 4282 1470 4346 modo

206 4390 315 4471 ipsum
342 4386 498 4468 judicium
523 4385 761 4451 confirmarunt.

314 4492 466 4555 Seniores
482 4491 603 4573 judices
627 4493 783 4576 judicium
801 4493 978 4574 juratorum
1003 4493 1085 4556 inter
1101 4493 1206 4556 Adam
1231 4507 1261 4556 et
1286 4493 1473 4577 Goychech,

203 4600 353 4681 superius
378 4597 497 4661 facturn
523 4598 764 4678 confirmarunt,
789 4613 884 4682 prout
907 4600 1053 4682 superius
1076 4614 1123 4662 est
1148 4600 1339 4664 innotatum.

735 4893 944 4912 -eno-o--offl
