3734 5796
451 537 512 599 312
852 523 940 578 Anno
959 533 1051 598 1439.
1075 555 1119 565 -
1141 534 1193 597 29.
1218 519 1303 582 maii.

453 732 696 815 modocumque
721 733 860 795 voluerit
891 734 1136 817 disponendam,
1154 747 1249 817 prout
1272 733 1332 796 hoc
1356 734 1390 796 in
1408 747 1600 796 testamento
1617 733 1693 817 ipsius

451 839 606 923 Stephani
631 841 759 901 sartoris
783 840 976 924 supradicto,
1001 861 1107 903 coram
1132 842 1226 903 nobis
1258 841 1291 902 in
1316 841 1421 924 specie
1446 841 1606 923 producto
1627 841 1691 902 clare

451 945 595 1007 vidimus
619 946 794 1022 contineri;
818 960 850 1008 et
874 947 949 1027 quia
973 947 1075 1009 eciam
1106 948 1174 1030 ipse
1199 947 1380 1028 Stephanus
1402 961 1504 1009 sartor
1527 947 1559 1008 in
1585 944 1694 1030 pacifica

449 1052 652 1134 possessione
677 1066 709 1113 et
731 1052 878 1114 dominio
903 1053 978 1114 dicti
1003 1051 1095 1116 fundi
1120 1054 1168 1115 sui
1186 1054 1380 1116 concremati
1405 1073 1506 1136 usque
1531 1053 1572 1116 ad
1597 1053 1693 1114 dictant

449 1157 724 1220 testamentariam
749 1159 950 1239 legacionem
983 1160 1090 1240 quiete
1115 1161 1289 1242 permansit
1320 1162 1441 1242 absque
1465 1157 1632 1222 cuiuslibet
1650 1157 1694 1220 ho-

450 1264 547 1325 minis
572 1263 841 1343 contradictione,
866 1265 1014 1346 dicteque
1038 1266 1138 1348 ipsius
1163 1264 1316 1348 Stephani
1348 1267 1477 1328 sartoris
1501 1279 1567 1329 tarn
1593 1284 1695 1349 posses·

450 1370 533 1430 sioni
557 1389 613 1432 seu
638 1369 784 1432 dominio
814 1391 911 1452 quarn
943 1373 1045 1436 eciam
1076 1372 1313 1435 testamentarie
1347 1372 1507 1452 legationi
1531 1371 1573 1434 ad
1597 1371 1695 1434 trinam

450 1474 610 1538 forensem
635 1477 797 1559 publicam
829 1477 1121 1561 proclamacionem
1153 1478 1325 1561 superinde
1356 1497 1446 1540 more
1478 1477 1574 1540 solito
1599 1477 1695 1540 factam

452 1602 549 1644 nemo
574 1583 701 1665 penitus
724 1583 941 1646 contradictor
963 1586 1120 1667 apparuit,
1146 1585 1285 1666 ideoque
1311 1605 1369 1646 nos
1393 1583 1570 1666 predictam
1595 1582 1697 1646 medie·

450 1701 551 1750 tatem
576 1688 652 1750 dicti
678 1687 769 1750 fundi
794 1711 812 1750 a
835 1703 924 1773 parte
953 1691 1069 1752 domus
1100 1691 1200 1773 ipsius
1224 1691 1353 1775 Thome
1378 1691 1489 1751 Kozala
1521 1691 1624 1770 sitam,
1643 1707 1696 1750 me·

451 1794 537 1855 diam
562 1807 596 1856 ut
620 1795 794 1877 predicitur
817 1797 936 1858 curiam
962 1797 994 1859 in
1018 1817 1050 1858 se
1075 1798 1305 1875 continentem,
1322 1815 1395 1858 cum
1419 1797 1485 1858 suis
1508 1794 1697 1878 pertinenciis

452 1915 482 1964 et
504 1901 695 1964 utilitatibus
725 1903 883 1964 universis
914 1901 1045 1984 prefatis
1076 1903 1305 1964 commissoriis
1328 1917 1360 1964 et
1391 1903 1616 1965 executoribus
1635 1899 1696 1962 dicti

451 2007 632 2069 testamenti
658 2008 756 2089 ipsius
780 2008 919 2070 condam
937 2009 1090 2091 Stephani
1113 2011 1179 2071 Ban
1197 2009 1283 2090 juxta
1308 2008 1454 2071 eiusdem
1480 2007 1631 2092 Stephani
1644 2025 1697 2068 sar·

451 2114 530 2175 toris
563 2114 628 2174 Ban
660 2115 930 2176 testamentariam
962 2115 1162 2196 legacionem
1201 2116 1369 2177 statuimus
1404 2114 1589 2177 venditioni
1619 2131 1697 2196 erpo

452 2221 590 2282 nendam
617 2233 648 2281 et
671 2239 730 2302 pro
755 2221 862 2282 anima
887 2221 1031 2284 eiusdem
1056 2221 1321 2300 distribuendam,
1345 2221 1441 2283 aliam
1466 2203 1573 2284 autern
1597 2219 1696 2282 medie·

452 2340 549 2388 tatem
587 2326 730 2388 eiusdem
763 2325 854 2389 fundi
886 2329 1079 2390 concremati
1111 2349 1128 2389 a
1160 2339 1248 2410 parte
1279 2326 1392 2410 prefati
1425 2326 1517 2389 fundi
1549 2341 1581 2388 et
1603 2327 1698 2388 domus

453 2433 611 2495 dictorum
636 2433 811 2495 liberorum
838 2433 937 2515 ipsius
962 2433 1095 2515 Georgii
1127 2434 1241 2516 judicis
1265 2433 1475 2516 adjacentem,
1508 2433 1644 2496 mediam
1662 2432 1694 2493 si·

453 2540 571 2601 militer
594 2539 715 2601 curiam
740 2539 772 2601 in
796 2560 830 2601 se
858 2541 1088 2619 continentem,
1109 2561 1183 2602 cutn
1214 2541 1280 2602 auis
1303 2539 1508 2623 pertinenciis
1540 2553 1572 2603 et
1596 2539 1694 2602 utilita-

453 2645 538 2706 tibus
563 2646 719 2707 universis
743 2644 866 2727 prelato
891 2647 1018 2709 Andree
1042 2645 1109 2708 filio
1140 2647 1223 2709 dicte
1248 2647 1313 2708 lllce
1344 2645 1463 2709 sororis
1487 2646 1619 2728 predicti
1640 2645 1696 2707 Ste-

455 2751 552 2833 phani
577 2752 706 2813 sartoris
737 2752 804 2813 Ban
838 2765 873 2814 ut
903 2751 967 2834 jam
996 2772 1082 2814 novo
1114 2753 1238 2816 concivi
1273 2765 1383 2815 nostro
1414 2771 1451 2814 ac
1474 2773 1531 2834 per
1555 2771 1626 2814 eum
1646 2749 1697 2811 suis

455 2858 628 2919 heredibus
652 2858 738 2939 juxta
763 2858 938 2940 predictam
955 2861 1226 2922 testamentariam
1243 2859 1444 2941 legacionem
1468 2859 1544 2921 dicti
1563 2855 1696 2940 Stephani

454 2964 521 3024 lian
548 2965 716 3026 statuimus
740 2977 771 3026 et
794 2965 1017 3027 commisimus
1039 2965 1107 3046 jure
1123 2979 1279 3048 perpetuo
1304 2979 1335 3028 et
1352 2965 1602 3028 irrevocabiliter
1615 2961 1697 3046 possi·

453 3070 593 3132 dendam
611 3085 641 3132 et
659 3072 967 3154 quomodocumque
980 3072 1118 3134 voluerit
1135 3073 1369 3155 disponendam
1386 3071 1472 3154 juxta
1490 3073 1696 3134 condicionem

453 3177 591 3238 civitatis
615 3189 781 3259 prenotate
805 3179 844 3239 ab
869 3179 1004 3260 antiquo
1028 3179 1248 3261 approbatam.

571 3411 666 3486 Faria
691 3423 789 3487 sexta
817 3419 971 3506 proxima
999 3426 1077 3489 ante
1105 3417 1229 3489 festum
1257 3425 1373 3489 sancte
1400 3415 1595 3489 Trinitatis.

992 3571 1056 3648 (29.
1080 3573 1174 3648 mais).

560 3708 638 3770 ltem
663 3707 799 3768 Michael
825 3708 970 3791 Dwyoek
993 3723 1082 3772 sutor
1113 3725 1223 3772 contra
1246 3711 1413 3773 Vrbanum
1444 3724 1587 3773 sutorem
1609 3708 1695 3790 primo

453 3815 567 3876 citatus
592 3834 657 3876 non
682 3815 872 3895 comparuit.

559 3920 638 3982 ltem
663 3921 787 3982 blasius
811 3921 1020 3984 stacionariua
1036 3921 1121 3984 filius
1143 3923 1244 4002 Pauli,
1270 3922 1402 4004 juratus,
1426 3935 1537 3984 contra
1561 3922 1695 3983 iacobum

452 4026 591 4107 judicem
616 4026 718 4088 filiurn
743 4027 898 4088 iohannis
923 4028 1023 4111 Bolye
1048 4030 1152 4111 primo
1177 4029 1291 4091 citatus
1316 4049 1381 4091 non
1407 4029 1597 4111 comparuit.

560 4132 639 4194 ltem
671 4153 799 4194 causam
830 4153 926 4214 quarn
960 4135 1148 4196 Valentinus
1179 4134 1321 4197 firmator
1351 4154 1506 4196 vasorum
1537 4153 1607 4196 curn
1634 4137 1696 4193 Ant·

452 4239 559 4300 brosio
577 4253 607 4299 et
624 4238 728 4300 Blasio
747 4240 951 4324 berbechych
974 4241 1155 4304 habuerunt
1172 4255 1203 4304 et
1216 4255 1387 4304 moverunt
1404 4261 1512 4304 corarn
1540 4240 1635 4320 nobis,
1650 4257 1695 4320 pro

453 4346 641 4408 testimonio
666 4346 792 4407 meliori
817 4367 883 4428 quo
908 4347 989 4408 inter
1013 4348 1096 4430 ipsas
1128 4362 1233 4430 partes
1255 4347 1323 4410 fieri
1357 4348 1475 4430 poterit
1498 4344 1696 4430 producendo,

454 4471 491 4513 ac
516 4471 574 4534 pro
599 4452 727 4513 racione
752 4453 879 4514 meliori
904 4453 986 4515 inter
1010 4455 1138 4516 easdem
1162 4467 1268 4536 partes
1284 4453 1400 4533 fienda,
1426 4474 1464 4516 ex
1490 4454 1614 4517 instanti
1629 4453 1694 4534 ipsa·

455 4578 527 4620 rurn
553 4559 696 4641 parcium
722 4559 882 4640 peticione
906 4560 945 4621 ad
970 4563 1109 4642 primurn
1124 4559 1279 4642 judicium
1303 4561 1453 4623 duximus
1470 4558 1693 4643 prorogandam.

563 4665 642 4726 Item
674 4665 768 4747 jurati
798 4665 1062 4747 adjudicaverunt
1096 4667 1128 4728 in
1160 4686 1253 4729 causa
1285 4666 1406 4728 Vrbsni
1438 4665 1593 4730 scolastici
1621 4663 1692 4726 utin

458 4793 586 4835 causam
602 4772 735 4850 attracti,
749 4785 780 4834 et
797 4773 907 4833 Jacobi
924 4773 1016 4852 jurati
1045 4773 1260 4854 procuratoris
1276 4772 1340 4835 Viti
1356 4775 1467 4854 generi
1493 4773 1576 4835 Petri
1594 4769 1691 4833 Novak

456 4901 494 4942 eo
520 4880 635 4957 modo,
661 4894 695 4940 ut
716 4877 744 4938 V
748 4880 866 4940 rbanus
883 4879 1067 4940 scolasticus
1084 4879 1180 4940 debet
1196 4879 1299 4958 jurare
1315 4892 1430 4940 octavo
1447 4879 1499 4941 die
1523 4891 1691 4961 superatam

455 5008 554 5070 penes
584 4999 736 5046 contenta
761 4987 808 5047 sui
827 4987 949 5067 registri
975 4987 1007 5046 in
1033 4987 1145 5046 eadem
1163 5005 1254 5047 causa
1273 4985 1383 5064 habiti,
1408 4985 1497 5067 quod
1514 4987 1579 5069 ipse
1595 4997 1691 5046 tantum
