3876 5798
673 599 760 656 Anno
783 609 873 675 1445.
900 631 940 642 —
966 594 997 657 8.
1016 599 1167 674 junuarii.
1490 615 1555 676 409

292 814 406 873 borum
435 812 577 874 virorum
603 832 638 873 ex
672 825 759 895 parte
791 811 934 894 ipsorum
964 810 1154 871 servitorum
1187 811 1344 871 dictorum
1379 811 1554 892 proborum

291 919 434 979 virorum
461 918 609 980 videlicet
634 918 770 979 Emerici
799 918 890 999 jurati
917 931 947 978 et
974 915 1139 978 Michaelis
1165 914 1333 998 freniparis
1357 937 1393 978 ac
1419 916 1555 978 Emerici

292 1021 460 1106 lreniparis
484 1024 524 1086 ad
548 1025 687 1106 primum
712 1023 867 1104 judicium
892 1023 1042 1084 duximus
1066 1023 1312 1105 prorogandam.

398 1131 475 1192 ltem
501 1129 647 1192 Thomas
673 1128 805 1192 Cheden
835 1129 977 1191 secundo
1009 1149 1041 1189 se
1066 1129 1212 1210 personis
1245 1148 1343 1211 penes
1367 1128 1556 1190 effusionem

292 1237 457 1317 sanguinis
491 1249 605 1298 octavo
640 1237 692 1297 die
725 1255 780 1296 seu
819 1233 897 1297 leria
933 1248 1019 1296 sexta
1052 1235 1197 1317 proxime
1230 1248 1416 1296 occurrente
1447 1248 1556 1297 contra

292 1344 423 1405 Petrum
450 1343 587 1422 juratum
623 1341 725 1404 filium
752 1341 880 1403 Thome
914 1341 1018 1423 jurare
1046 1341 1207 1403 tenebitur
1238 1361 1406 1422 supereo,
1431 1355 1465 1402 ut
1490 1341 1555 1422 ipse

293 1449 410 1511 dictam
436 1448 624 1511 effusionem
650 1449 814 1529 sauguinis
838 1468 932 1530 super
957 1448 1062 1530 ipsum
1087 1447 1288 1529 perpetravit.

399 1556 476 1618 Item
503 1555 628 1616 Blasius
652 1569 741 1616 sutor
764 1568 874 1616 contra
898 1555 1067 1615 dominum
1083 1553 1283 1616 Anthonium
1308 1553 1556 1636 prebendarium

293 1678 407 1724 octavo
432 1663 484 1723 die
508 1681 603 1743 super
628 1682 715 1724 aram
740 1661 842 1742 jurate
874 1661 1035 1722 tenebitur
1062 1679 1157 1742 super
1182 1679 1231 1737 eo,
1263 1674 1297 1722 ut
1321 1661 1389 1741 ipse
1414 1659 1556 1722 eundem

293 1767 462 1829 dominum
486 1768 685 1829 Anthonium
711 1767 959 1849 prebendarium
983 1787 1046 1828 non
1071 1767 1271 1848 vituperavit.

400 1874 476 1936 ltem
503 1873 683 1956 Stephanus
708 1873 792 1936 filius
817 1873 986 1935 Laurencii
1020 1873 1059 1934 de
1085 1875 1256 1956 Koznycza
1283 1873 1314 1934 in
1340 1893 1394 1934 sua
1422 1892 1557 1954 persona

294 1995 324 2041 et
349 1981 444 2042 Klare
470 1981 614 2042 mulieris
638 1980 747 2042 matris
770 1999 836 2058 sue,
861 1981 990 2042 racione
1019 1979 1157 2040 duorum
1180 1979 1249 2042 llor.
1274 1980 1354 2056 auri,
1380 1997 1462 2060 quos
1489 1979 1557 2060 ipsa

295 2087 392 2148 Klara
418 2087 533 2148 mulier
557 2087 596 2148 ab
614 2091 739 2169 Agnete
764 2085 909 2164 muliere,
927 2087 1035 2148 relicta
1057 2085 1195 2147 condam
1213 2085 1302 2146 Pauli
1328 2084 1556 2168 Zydowchych

294 2193 370 2254 dieti
395 2206 426 2256 et
449 2214 466 2254 a
491 2192 565 2254 filiis
588 2195 652 2254 suis
676 2194 929 2276 prosequebatur
953 2193 1075 2275 justicia
1104 2191 1264 2254 mediante
1297 2212 1354 2254 seu
1378 2191 1441 2253 alio
1475 2211 1557 2274 quo-

295 2318 433 2381 cumque
458 2299 566 2378 modo,
584 2299 682 2360 iidem
704 2299 885 2381 Stephanus
902 2300 933 2360 in
958 2299 1103 2381 personis
1126 2311 1229 2359 suaet
1254 2299 1353 2380 ipsius
1377 2298 1486 2360 matris
1502 2317 1558 2360 sue

294 2407 429 2468 eandem
455 2412 613 2486 Agnetem
638 2407 805 2468 mulierem
831 2421 862 2467 et
885 2406 988 2468 dictos
1012 2405 1096 2467 filios
1127 2419 1158 2466 et
1182 2404 1315 2466 heredes
1339 2424 1414 2466 suos
1446 2423 1558 2466 omnes

296 2514 424 2576 racione
449 2514 638 2576 eorumdem
664 2514 802 2576 duorum
828 2513 895 2574 flor.
931 2513 999 2574 auri
1031 2512 1170 2574 reddidit
1195 2525 1225 2574 et
1259 2512 1420 2573 commisit
1450 2531 1557 2573 coram

295 2620 389 2682 nobis
412 2619 511 2682 hodie
536 2620 568 2681 in
593 2620 668 2680 sede
694 2633 798 2681 nostra
821 2619 986 2700 judiciaria
1012 2619 1138 2701 quietos
1162 2631 1193 2680 et
1217 2617 1382 2701 expeditos
1406 2631 1436 2680 et
1454 2617 1557 2679 omni·

295 2728 391 2790 mode
415 2728 589 2790 absolutos.

348 2947 443 3021 Feria
473 2957 570 3021 sexta
598 2951 752 3037 proxima
782 2955 860 3018 ante
897 2948 1020 3018 festum
1048 2948 1158 3018 sancti
1186 2945 1311 3018 Thome
1340 2947 1495 3035 apostoli.

799 3097 863 3174 (18.
885 3100 1058 3176 decembris).

405 3243 483 3305 ltem
509 3243 633 3304 Blasius
665 3257 754 3303 sutor
785 3240 881 3302 hodie
913 3240 1126 3322 juramentum
1159 3241 1219 3302 sibi
1251 3255 1361 3304 contra
1384 3241 1556 3306 dominum

295 3350 495 3411 Anthonium
521 3349 768 3430 prebendarium
793 3369 849 3430 per
872 3347 991 3430 juratos
1007 3367 1102 3430 super
1126 3367 1164 3410 eo
1181 3346 1410 3427 adjudicatum,
1436 3363 1470 3410 ut
1490 3348 1558 3430 ipse

300 3457 424 3518 Blasius
447 3469 535 3517 sutor
561 3456 664 3537 ipsum
689 3455 859 3516 dominum
883 3453 1083 3516 Anthonium
1112 3473 1177 3516 non
1213 3455 1422 3535 vituperasset
1445 3455 1501 3516 sed
1526 3455 1557 3516 in

299 3563 390 3625 totali
414 3564 544 3625 accione
570 3563 668 3644 ipsius
691 3563 731 3623 sit
759 3562 919 3638 innoxius,
951 3561 1086 3642 prestitit
1105 3575 1135 3623 et
1159 3561 1318 3642 deposuit,
1352 3561 1425 3623 ideo
1450 3561 1557 3643 ipsum

299 3670 441 3731 Blasium
467 3667 550 3730 lacto
576 3669 607 3730 in
633 3669 787 3750 premisso
812 3667 1011 3728 reddidimus
1034 3666 1103 3729 fore
1127 3667 1322 3750 expeditum.

367 3903 462 3978 Faria
492 3913 591 3978 sexta
620 3909 775 3996 proxima
804 3914 880 3996 post
908 3907 1030 3978 festum
1058 3903 1319 3996 Epiphaniamm
1347 3907 1487 3980 Domini.

714 4058 760 4140 (8.
785 4059 938 4138 januarii,
961 4080 1032 4122 ann.
1056 4063 1161 4139 1445).

405 4199 483 4262 ltem
509 4200 586 4281 quia
610 4200 659 4262 vir
682 4199 835 4283 providus
857 4199 1048 4262 Valentinus
1078 4200 1198 4283 juratus
1222 4200 1306 4263 filius
1330 4202 1395 4263 lwk
1419 4203 1560 4264 concivis

298 4319 415 4386 noster,
440 4307 470 4368 id
497 4326 569 4368 cum
595 4305 766 4368 sufficienti
791 4321 822 4367 et
846 4305 1009 4386 fidedigno
1044 4319 1225 4368 nostrorum
1258 4308 1440 4370 concivium
1472 4309 1558 4370 testi·

297 4413 408 4475 monio
434 4414 465 4474 in
490 4413 564 4475 sede
590 4426 696 4476 nostra
720 4413 885 4494 judiciaria
910 4412 993 4475 clare
1014 4415 1237 4494 comprobavit
1261 4435 1368 4477 coram
1393 4417 1497 4495 nobis,
1522 4431 1558 4477 ut

298 4519 375 4580 dum
399 4520 533 4601 provida
558 4520 694 4582 condam
727 4519 842 4582 mulier
864 4520 966 4581 Kussa
999 4533 1122 4599 vocata,
1146 4520 1253 4583 relicta
1285 4522 1423 4584 condam
1449 4524 1558 4584 Macen

297 4625 329 4685 in
354 4627 502 4687 extremis
525 4627 588 4688 vite
612 4647 668 4688 sue
692 4626 877 4708 temporalis
898 4625 1081 4706 laborasset,
1112 4640 1188 4687 tunc
1213 4627 1279 4708 ipsa
1311 4629 1485 4710 quamdam
1508 4629 1555 4690 vi-

297 4751 390 4792 neam
414 4752 505 4794 suam
530 4733 561 4794 in
585 4733 745 4794 territorio
768 4733 904 4794 civitatis
928 4731 1080 4812 habitam,
1105 4733 1206 4816 ipsam
1231 4733 1403 4796 literatorie
1428 4754 1558 4796 concer-

297 4851 438 4919 nentem‚
462 4853 494 4901 et
516 4840 594 4901 alias
625 4859 674 4901 res
705 4859 777 4901 suas
801 4839 861 4922 ipsi
894 4839 1066 4902 Valentino
1098 4840 1201 4922 jurato
1232 4853 1398 4922 tamquam
1425 4859 1559 4903 consan-

296 4945 416 5026 guineo
441 4959 471 5006 et
503 4946 723 5007 commissario
747 4966 806 5008 suo
839 4945 977 5006 vendere
1009 4957 1040 5007 et
1062 4965 1121 5028 pro
1152 4946 1259 5008 anima
1290 4967 1346 5008 sua
1378 4947 1559 5030 expendere

297 5052 479 5134 legavisset‚
513 5053 586 5115 ideo
611 5073 669 5114 nos
700 5052 876 5136 predictam
908 5051 1036 5115 vineam
1068 5065 1099 5114 et
1129 5051 1207 5114 alias
1238 5071 1287 5114 res
1318 5073 1430 5116 omues
1460 5054 1559 5138 ipsius
