3678 5800
587 579 673 636 Anno
695 593 786 656 1432.
812 613 852 622 -
878 594 926 639 rr.
949 581 1062 654 aprilis.
1401 601 1460 663 ¹59

190 787 437 870 modocumque
461 789 600 850 voluerit
623 789 851 871 disponendas,
876 789 1015 873 ideoque
1033 811 1090 854 nos
1114 793 1272 873 predictas
1295 793 1458 854 universas

193 895 415 975 possessiones
439 909 469 956 et
486 896 656 977 porciones
672 898 937 978 possessionarias
952 898 1085 980 predicti
1104 898 1234 976 Mathie,
1260 899 1365 981 ipsum
1389 899 1458 960 lite-

192 1001 313 1062 ratorie
337 1017 575 1082 concernentes,
600 1023 673 1065 cum
697 1003 763 1065 suis
795 1005 1000 1086 pertinenciis
1028 1005 1190 1088 predictis,
1215 1005 1335 1089 prefate
1359 1007 1460 1068 Elene

192 1119 354 1188 quantum
378 1108 418 1170 ad
442 1128 533 1170 suam
551 1123 582 1170 et
598 1108 675 1171 dicti
693 1110 790 1171 Marci
808 1110 1006 1192 porcionem,
1025 1111 1154 1194 prefatis
1182 1127 1289 1174 autem
1307 1114 1463 1196 Elyzabet

192 1227 224 1274 et
250 1215 367 1296 Agneti
393 1234 429 1276 ac
454 1214 596 1297 Georgio
614 1229 770 1297 quantum
796 1217 836 1278 ad
858 1217 999 1278 residuas
1016 1231 1078 1279 tres
1095 1220 1274 1300 porciones,
1295 1221 1462 1282 statuimus

195 1333 226 1380 et
252 1321 474 1383 commisimus
498 1342 535 1383 ex
559 1323 721 1404 premissis
744 1321 812 1402 jure
843 1337 999 1404 perpetuo
1023 1337 1054 1386 et
1085 1325 1335 1387 irrevocabiliter
1362 1327 1462 1408 possi-

194 1425 319 1488 dendas
343 1439 374 1488 et
391 1427 700 1508 quomodocumque
716 1428 877 1490 voluerint
901 1429 1118 1512 disponendas
1134 1430 1219 1512 juxta
1237 1431 1462 1494 condicionem

192 1532 333 1592 civitatis
356 1547 520 1614 prenotate
545 1534 742 1615 abantiquo
768 1536 986 1616 approbatam.

288 1747 387 1822 Feria
415 1759 513 1824 serta
541 1755 697 1842 proxima
725 1760 803 1825 ante
831 1755 1030 1827 dominicam
1059 1735 1374 1846 Ramispelmatum.

722 1903 785 1984 (rr.
814 1904 947 1981 aprilis).

307 2042 385 2104 Item
410 2043 559 2125 magister
584 2043 731 2106 Matheus
762 2045 947 2107 scolasticus
971 2059 1080 2108 contra
1114 2048 1288 2110 Matrinum
1314 2049 1460 2112 Plemen·

195 2147 403 2210 schakowich
427 2149 570 2210 secundo
593 2150 706 2211 citatus
730 2171 795 2212 non
820 2152 1009 2234 comparuit.

306 2254 384 2316 Item
410 2254 571 2336 Georgius
595 2255 689 2337 judex
720 2255 804 2318 filius
835 2257 996 2320 Valentini
1028 2271 1137 2322 contra
1164 2260 1373 2322 Benedictum
1399 2283 1463 2323 sar-

194 2373 303 2421 torem
329 2362 435 2442 primo
467 2363 582 2424 citatus
605 2382 670 2423 non
695 2363 883 2445 comparuit.

306 2467 384 2528 Item
409 2469 483 2530 licet
516 2470 627 2530 Petrus
657 2483 746 2530 sutor
776 2489 874 2551 gener
907 2471 1034 2532 Martini
1068 2472 1405 2536 Plemenschakowich
1431 2477 1462 2537 in

193 2571 282 2636 facto
305 2575 482 2636 testimonii
507 2575 539 2636 in
567 2595 661 2636 causa
678 2575 760 2636 inter
776 2577 916 2637 eundem
940 2590 971 2638 et
988 2578 1186 2660 Stephanum
1213 2581 1320 2643 Kneht
1336 2581 1462 2663 pridem

193 2679 349 2762 juratum,
381 2681 506 2763 pridem
538 2681 688 2744 videlicet
720 2680 798 2744 feria
830 2696 915 2745 sexta
946 2697 1018 2766 post
1048 2683 1164 2747 festum
1197 2687 1281 2748 beati
1315 2687 1463 2769 Gregorii

195 2806 282 2868 pape
307 2799 339 2848 et
362 2787 503 2849 doctoris
535 2807 642 2850 coram
674 2789 768 2850 nobis
799 2803 897 2870 mota,
921 2790 1027 2852 habita
1060 2805 1091 2852 et
1117 2804 1270 2872 vertente,
1295 2793 1327 2854 in
1352 2793 1464 2854 decem

195 2892 314 2952 marcis
340 2890 558 2973 denariorum,
583 2895 615 2956 in
639 2908 712 2956 octo
743 2895 894 2958 videlicet
917 2909 1026 2957 contra
1058 2897 1238 2978 predictum
1263 2897 1463 2981 Stephanum

196 2997 309 3059 Kneht
333 3011 364 3060 et
388 3000 421 3060 in
445 2999 571 3062 duabus
595 3015 703 3062 contra
726 3001 989 3063 communitatem
1008 3003 1048 3063 sit
1071 3003 1253 3080 convictum
1278 3018 1309 3066 et
1332 3004 1463 3066 tandem

195 3107 273 3168 licet
296 3105 439 3188 prefatus
464 3107 644 3190 Stephanus
669 3108 776 3170 Kneht
798 3128 892 3170 suum
910 3109 1083 3188 birsagium
1109 3123 1182 3171 octo
1206 3129 1385 3172 marcarum
1410 3110 1464 3172 de·

194 3212 362 3274 uariorum
387 3213 602 3295 predictarum
628 3214 687 3296 ipsi
711 3215 769 3276 toti
787 3215 1010 3276 communitati
1036 3215 1214 3294 donaverit,
1238 3229 1334 3298 prout
1350 3215 1463 3279 eadem

195 3317 275 3380 feria
299 3333 386 3380 sexta
411 3321 442 3380 in
467 3319 592 3402 scriptis
616 3339 761 3402 expresse
785 3321 977 3398 continetur,
1005 3334 1113 3382 tamen
1139 3322 1215 3402 quia
1238 3322 1278 3383 ad
1303 3321 1460 3404 plurimo-

196 3444 269 3486 rum
294 3424 534 3506 fidedignorum
567 3439 598 3488 et
628 3425 831 3508 ydoneorum
863 3425 1005 3488 virorum
1032 3428 1063 3488 in
1095 3427 1211 3488 trinum
1236 3441 1267 3489 et
1290 3429 1461 3491 instantem

196 3532 393 3614 peticionem
420 3533 514 3593 nobis
537 3551 595 3614 pro
619 3553 658 3594 eo
690 3531 806 3595 factam
838 3532 1056 3594 misericordia
1089 3534 1179 3612 moti,
1208 3547 1239 3596 et
1262 3535 1338 3616 quia
1362 3537 1463 3598 eciam

196 3638 283 3699 idem
309 3639 421 3700 Petrus
445 3657 547 3700 unum
564 3637 634 3702 flor.
659 3641 726 3700 auri
751 3635 809 3721 pio
826 3639 972 3720 expensis
996 3641 1222 3702 communibus
1246 3641 1351 3704 eidem
1376 3661 1464 3704 com·

196 3744 347 3806 munitati
365 3744 514 3826 deposuit
530 3759 625 3827 atque
642 3745 805 3827 persolvit,
822 3745 961 3828 ideoque
979 3766 1037 3806 nos
1054 3747 1271 3809 misericordia
1297 3749 1348 3810 dei
1372 3749 1462 3828 moti,

196 3865 231 3912 ut
255 3849 297 3911 de
322 3863 427 3913 cetero
448 3851 565 3912 similia
590 3852 823 3930 noncomittat,
840 3852 1023 3933 predictum
1049 3853 1223 3933 birsagium
1247 3853 1358 3916 decem
1382 3875 1463 3916 mar-

200 3975 312 4017 carum
346 3955 552 4018 denariorum
588 3957 732 4038 predicto
772 3957 865 4018 Petro
900 3958 1000 4020 sutori
1032 3958 1172 4020 totaliter
1203 3959 1353 4020 duximus
1384 3960 1463 4022 rela-

197 4061 355 4124 randum.

305 4167 385 4230 Item
410 4169 484 4250 quia
509 4169 646 4231 Michael
671 4170 710 4231 de
742 4171 980 4253 Bozyekowina
1013 4171 1145 4233 maritus
1169 4155 1306 4234 condam
1332 4173 1464 4235 domine

198 4274 328 4335 Luczke
353 4273 386 4335 in
411 4273 494 4337 facto
528 4275 694 4337 cuiusdam
725 4275 834 4358 (h)orti
866 4291 896 4338 et
920 4277 1013 4338 vinee
1045 4278 1182 4340 condam
1208 4278 1363 4340 Johannis
1388 4279 1464 4342 dicti

201 4377 352 4462 Grachyn
385 4379 416 4441 in
448 4381 609 4443 territorio
641 4381 786 4462 civitatis,
819 4395 850 4444 et
882 4382 1013 4445 domine
1045 4384 1215 4446 Franciske
1248 4385 1281 4444 in
1306 4385 1464 4447 territorio

201 4485 336 4548 civitatis
359 4485 501 4568 predicte
525 4487 625 4549 habiti
650 4501 682 4551 et
704 4488 876 4565 existentis,
900 4489 1006 4570 ipsum
1024 4489 1204 4552 Johannem
1229 4490 1366 4553 condam
1385 4489 1465 4554 Gra·

201 4589 282 4673 chyn
296 4605 351 4653 aut
364 4592 539 4674 predictam
549 4594 713 4656 dominam
725 4595 749 4656 F
752 4595 937 4675 ranciscam,
947 4616 1003 4678 per
1013 4617 1276 4679 consequensque
1287 4599 1465 4680 predictam

203 4697 370 4759 dominam
407 4699 568 4761 Luczkam
600 4699 732 4782 juridice
765 4713 796 4762 et
825 4701 999 4764 literatorie
1031 4721 1088 4764 seu
1113 4701 1302 4766 hereditarie
1335 4724 1463 4766 concer-

203 4817 344 4883 nentem,
374 4805 501 4867 nullum
532 4807 753 4868 testimonium
784 4806 895 4870 efficax
926 4828 1031 4889 neque
1064 4809 1264 4891 fidedignum
1297 4831 1392 4893 super
1425 4833 1463 4874 eo

203 4911 380 4992 producere
403 4913 517 4993 potuit,
543 4927 578 4974 ut
600 4913 742 4995 predicta
767 4915 898 4976 domina
929 4917 1056 4978 Luczke
1088 4917 1148 4999 ipsi
1173 4918 1322 4979 Michaeli
1348 4920 1462 4980 marito

206 5036 263 5078 suo
288 5017 321 5079 in
345 5018 497 5100 predictis
520 5018 638 5104 (h)0rto
662 5033 693 5082 et
724 5023 817 5085 vinea
848 5021 971 5104 aliquid
996 5023 1124 5106 penitus
1157 5023 1301 5106 legasset,
1326 5025 1464 5108 ideoque
