3876 5798
678 541 875 627 Ana01442.
898 581 937 592 -
962 563 1010 610 21.
1035 551 1203 611 novembris.
1506 571 1563 634 371

308 759 452 841 inpe'rtiri
486 759 678 841 postulabat,
704 759 778 820 ideo
809 759 903 840 jurati
936 761 1034 842 ipsam
1064 781 1191 823 causam
1224 763 1267 823 sic
1291 757 1567 842 adjudicaverunt,¹

308 864 396 946 quod
414 865 494 946 ipse·
507 865 621 926 lanselr
639 884 696 929 seu
714 865 909 927 Laurencius
926 879 1013 928 sutor
1030 867 1233 929 remansisset
1251 868 1283 928 iu
1301 869 1439 950 birsagio
1457 870 1568 931 decem

306 989 485 1032 marcarum
510 971 717 1033 denariorum
742 985 852 1032 contra
876 973 1063 1053 magistrum
1094 973 1257 1035 Matheum
1283 989 1504 1056 prenotatam,
1529 977 1569 1038 de

308 1077 611 1160 quoajudicioipse
644 1078 795 1158 magister
820 1078 966 1141 Matheus
990 1081 1135 1142 notarius
1168 1099 1232 1142 non
1259 1097 1445 1163 contentus,
1461 1085 1569 1166 appel·

307 1184 386 1245 lavit
410 1184 546 1245 eandem
579 1203 707 1246 causam
740 1185 771 1245 in
803 1186 1003 1266 presenciam
1035 1187 1199 1248 seniorum
1232 1187 1374 1269 judicum
1399 1209 1457 1271 pro
1481 1188 1569 1252 finali

266 1291 268 1294 ’
308 1291 453 1362 eiusdem
477 1309 570 1354 cause
599 1289 844 1353 deliberacione.

314 1431 316 1436 ·
360 1465 362 1468 ,
412 1396 489 1461 Item
514 1397 589 1479 quia
613 1396 700 1458 idern
724 1397 920 1460 Laurencius
955 1411 1044 1461 sutor
1068 1399 1159 1462 aliter
1188 1400 1303 1462 Janselr
1328 1413 1460 1463 vocatus
1485 1403 1569 1464 Mar-

307 1503 410 1572 tinum
436 1502 575 1584 judicem
600 1515 631 1566 et
648 1501 757 1564 Gurak
783 1503 963 1566 carnificem
981 1505 1120 1586 juratum
1143 1505 1258 1568 eodem
1274 1519 1419 1589 tempore
1435 1509 1570 1590 turpiter

307 1609 513 1690 vituperavit,¹
535 1609 609 1672 ideo
634 1609 727 1691 jurati
746 1610 847 1692 ipsam
872 1630 999 1672 causam
1017 1612 1061 1674 sic
1086 1611 1360 1694 adjudicaverunt,
1385 1614 1474 1694 quod
1500 1615 1567 1697 ipse

310 1715 506 1786 Laurentius
530 1727 618 1777 sutor
642 1736 700 1798 pro
721 1716 799 1797 ipsis
820 1717 995 1798 vituperiis,
1020 1737 1082 1799 que
1101 1738 1196 1801 super
1220 1719 1305 1801 ipsos
1331 1720 1509 1782 Martinam·
1522 1719 1569 1802 ju·

308 1820 414 1882 dicem
439 1833 470 1882 et
495 1820 605 1882 Gutalt
629 1819 767 1902 juratum
792 1823 953 1884 commisit
976 1836 1007 1884 et
1024 1824 1227 1906 perpetravit,
1252 1844 1309 1907 pro
1334 1826 1451 1907 quibus
1467 1827 1568 1889 eciam

308 1927 443 1998 eosdem
477 1925 568 1990 flexis
597 1927 734 2008 genibus
764 1926 861 1990 hodie
892 1947 950 2010 pto
974 1929 1067 1991 venia
1100 1943 1131 1991 et
1160 1930 1347 1992 remissione
1371 1932 1431 1994 sibi
1463 1931 1569 1994 fienda

309 2034 512 2116 supplicavit,
536 2047 645 2096 contra
669 2034 847 2115 quemlibet
863 2035 1007 2118 ipsorum
1031 2036 1172 2098 lesorum
1196 2051 1227 2098 et
1244 2037 1508 2119 vituperatorum·
1522 2058 1569 2100 re-

307 2141 429 2216 mansit
452 2139 643 2222 judicialiter
667 2140 831 2202 convictus
855 2154 886 2204 et
909 2156 1108 2224 aggravatus.

798 2321 860 2398 (21.
891 2321 1076 2398 novembris).

344 2503 346 2507 -
373 2515 375 2522 ,
419 2459 598 2523 ltem'ieria
630 2473 742 2544 quarta
774 2460 918 2541 proxime
950 2457 1096 2542 sequenti
1125 2461 1265 2522 seniores
1296 2459 1417 2541 judices
1441 2477 1568 2524 causam

312 2566 398 2636 inter-
418 2567 588 2630 Nicolaum
614 2566 753 2646 judicem
777 2566 912 2628 civitatis
929 2566 1070 2648 predicte
1095 2566 1287 2628 modernum
1314 2579 1347 2629 ut
1363 2580 1514 2646 actorem,
1539 2581 1570 2629 et

313 2672 395 2733 inter
420 2671 618 2754 Stephanum
635 2673 817 2755 vitriparem
842 2691 951 2734 coram
975 2671 1085 2754 juratis
1101 2672 1265 2734 modernis
1289 2685 1410 2734 motam
1435 2671 1567 2736 infacto

312 2777 451 2839 duorum
476 2777 740 2859 juramentorum,
764 2779 859 2842 unius
883 2777 1031 2840 videlicet
1051 2778 1220 2860 juramenti
1245 2779 1332 2860 quod
1358 2779 1417 2860 ipsi
1435 2780 1569 2841 Nicolao

309 2884 417 2968 ‚judici
434 2897 481 2954 est
505 2885 722 2967 adjudicatum
747 2905 803 2967 per
827 2885 958 2947 eosdem
989 2884 1109 2966 juratos
1131 2885 1161 2946 in
1195 2883 1279 2946 lacto
1303 2885 1399 2947 trium
1424 2884 1569 2967 lapidum

310 2992 542 3074 preciosorum,
566 3007 597 3054 et
620 2992 751 3054 alterius
774 2991 945 3072 juramenti
969 2989 1103 3053 infacto
1127 2991 1221 3053 unius
1245 2991 1360 3072 lapidis
1385 2992 1519 3073 preciosi
1539 3005 1570 3053 et

308 3100 375 3162 auri
399 3119 461 3164 ¹seu
493 3099 580 3162 anuli
606 3098 748 3161 deaurati
780 3099 840 3180 ipsi
870 3097 1033 3180 Stephano
1066 3111 1100 3158 ut
1124 3099 1156 3159 in
1189 3117 1315 3159 causam
1348 3111 1481 3160 attracto
1512 3117 1569 3182 per

309 3207 403 3288 ipsos¹
425 3204 544 3286 juratos
575 3204 759 3285 adjudicati,
791 3224 892 3287 usque
923 3205 964 3266 ad
994 3203 1109 3266 festum
1140 3205 1239 3265 sancti
1273 3203 1405 3286 Georgii
1432 3205 1568 3267 martiris

310 3333 395 3384 nunc
412 3313 556 3394 proxime
581 3311 754 3374 affuturum
771 3331 809 3372 eo
834 3311 932 3373 modo
949 3324 1173 3394 prorogarunt,
1191 3324 1225 3372 ut
1249 3312 1316 3392 ipse
1333 3325 1437 3393 partes
1461 3311 1568 3374 literas

311 3439 424 3482 eorum
448 3419 531 3482 circa
553 3418 755 3482 Anthonium
775 3417 972 3480 aurifabrum
986 3419 1018 3478 in
1036 3418 1184 3480 Veneciis
1201 3431 1465 3498 commorantem,
1491 3419 1569 3480 alias

309 3527 498 3590 servitorem
524 3526 624 3608 ipsius
647 3524 772 3586 Nicolai
789 3523 914 3605 judicis,
938 3525 1056 3587 debent
1080 3524 1238 3586 destinare
1262 3544 1320 3606 pro
1346 3525 1509 3587 rescienda
1527 3527 1567 3587 ab

308 3635 378 3715 ipso
395 3651 490 3716 super
514 3632 590 3714 ipsis
606 3630 768 3713 lapidibus
792 3643 822 3692 et
846 3631 943 3692 anulo
972 3650 1070 3692 aureo
1092 3650 1179 3692 mera
1206 3630 1250 3692 rei
1277 3631 1418 3710 veritate,
1443 3645 1474 3693 et
1490 3631 1568 3693 dum

308 3739 374 3821 ipse
399 3737 583 3800 Anthonius
606 3734 767 3798 aurifaber
791 3736 911 3798 eisdem
940 3737 1082 3818 partibus
1108 3737 1208 3818 ipsam
1235 3736 1400 3798 veritatem
1427 3737 1457 3798 in
1483 3735 1567 3799 lacto

310 3845 452 3926 ipsorum
477 3843 622 3926 lapidum
647 3855 678 3905 et
709 3843 796 3904 anuli
829 3843 916 3904 aurei
948 3843 1120 3905 literatorie
1152 3843 1356 3925 rescripserit,
1381 3857 1456 3905 tunc
1488 3843 1569 3906 inter

310 3951 393 4032 ipsas
417 3963 522 4034 partes
545 3950 578 4011 id
603 3949 690 4032 quod
707 3949 950 4031 juriconsonum
974 3949 1133 4010 videbitur
1158 3950 1422 4012 determinabitur
1454 3950 1567 4012 ordine

307 4055 385 4138 juris
398 4070 610 4140 exposcente.

414 4163 492 4226 Item
511 4163 577 4244 ipsi
602 4163 745 4226 seniores
768 4161 890 4246 judices
921 4180 1047 4223 causam
1074 4163 1155 4224 inter
1188 4163 1375 4243 magistrum
1401 4161 1567 4224 Matheum

309 4269 469 4332 notarium
494 4281 638 4332 nostrum
664 4269 856 4331 modernum
881 4283 911 4330 et
942 4269 1024 4330 inter
1049 4269 1262 4330 Laurencium
1287 4282 1428 4330 sutorem
1453 4269 1568 4331 Jausek

309 4373 428 4436 dictum
453 4395 509 4457 per
532 4374 652 4456 juratos
675 4376 750 4437 anni
772 4375 928 4457 presentis
952 4374 1166 4455 adjudicatam
1190 4376 1234 4436 sic
1258 4390 1290 4436 et
1314 4395 1352 4436 eo
1378 4375 1476 4437 modo
1502 4395 1568 4437 me·

309 4477 370 4540 lius
402 4479 694 4568 determinaverunt
726 4495 757 4544 et
788 4480 1015 4558 decreverunt,
1048 4482 1135 4562 quod
1169 4481 1244 4563 quia
1273 4482 1340 4563 ipse
1372 4481 1567 4543 Laurencius

308 4599 396 4646 sutor
420 4585 523 4668 ipsum
550 4587 735 4668 magistrum
762 4586 927 4661 Matheurn
959 4585 1074 4648 falsum
1106 4588 1293 4670 scriptorem
1318 4603 1348 4650 et
1372 4601 1567 4669 portatorem

309 4690 379 4752 falsi
404 4693 527 4774 registri
560 4713 668 4755 coram
699 4693 845 4776 pluribus
875 4692 1046 4774 fidedignis
1073 4695 1217 4777 personis
1249 4694 1380 4756 asseruit
1405 4707 1435 4756 et
1459 4695 1568 4776 appel-

310 4795 397 4876 lavit,
422 4818 561 4880 proquo
586 4799 653 4882 ipse
671 4800 770 4862 eciam
790 4800 985 4861 Laurencius
1005 4813 1093 4862 sutor
1110 4821 1141 4861 se
1166 4781 1443 4862 reum'asserendo
1460 4819 1566 4863 coram

309 4917 376 4966 tota
400 4906 631 4968 communitate
655 4905 758 4988 pridie
782 4905 860 4967 feria
888 4905 1037 4968 videlicet
1067 4907 1163 4969 tercia
1186 4907 1330 4990 proxima
1355 4913 1426 4988 po‘st
1450 4905 1566 4969 festum

309 5012 398 5072 beate
423 5010 600 5094 Elyzabeth
625 5011 721 5073 vidue
745 5013 785 5073 ab
809 5013 925 5074 eodem
946 5013 1097 5094 magistro
1123 5013 1252 5076 Matheo
1276 5013 1403 5074 veniam
1424 5027 1459 5075 et
1494 5033 1568 5094 gra·

1452 5117 1465 5140 .
