3734 5796
212 781 333 858 debuit,
359 781 433 842 ideo
458 781 561 863 ipsum
589 781 718 842 Petrum
740 779 771 840 in
797 777 881 840 facto
906 778 989 841 dicte
1008 778 1088 840 cutis
1113 779 1231 840 bovine
1256 779 1478 842 commisimus

213 885 281 948 lore
305 887 461 968 quietum.

319 1009 396 1071 Item
421 1008 515 1091 jurati
540 1007 804 1090 adjudicaverunt
821 1026 948 1068 causam
974 1007 1103 1069 Martini
1129 1006 1244 1088 judicis
1268 1008 1350 1068 inter
1373 1009 1478 1090 ipsum

213 1129 243 1178 et
268 1116 349 1177 inter
374 1115 565 1202 Michaelem
592 1113 694 1176 filium
720 1115 848 1176 Thome
878 1114 916 1175 de
941 1114 1026 1195 Vgra
1060 1113 1092 1175 in
1120 1112 1203 1176 facto
1235 1114 1478 1196 depredacionis

213 1236 244 1284 et
268 1221 518 1284 demactacionis
547 1223 644 1282 boum
679 1221 777 1303 ipsius
808 1221 937 1282 Martini
972 1220 1088 1302 judicis
1112 1219 1254 1282 habitam
1280 1203 1330 1282 sic
1354 1221 1479 1303 adjudi-

213 1340 374 1408 caverunt,
399 1328 487 1410 quod
512 1328 580 1410 ipse
605 1327 742 1389 Michael
767 1341 855 1388 sexto
880 1346 912 1387 se
936 1327 1083 1408 personis
1108 1340 1222 1388 octavo
1247 1327 1299 1389 die
1323 1328 1479 1410 presentis

214 1435 278 1497 diei
305 1453 508 1517 superatam
535 1435 566 1496 in
585 1433 718 1495 ecclesia
743 1432 827 1494 beati
845 1432 943 1494 Marci
970 1431 1175 1513 ewangeliste
1192 1432 1295 1513 jurare
1320 1433 1479 1494 tenebitur

214 1562 310 1624 super
334 1560 383 1619 eo,
408 1554 443 1602 ut
460 1541 527 1622 ipse
552 1540 591 1600 ad
610 1538 851 1622 depredandum
870 1553 1011 1622 pastores
1028 1551 1059 1599 et
1076 1540 1174 1600 boves
1191 1539 1325 1620 predicti
1349 1539 1478 1601 Martini

214 1647 330 1730 judicis
353 1667 389 1708 ac
413 1645 453 1707 ad
477 1645 684 1708 mactandum
709 1645 794 1726 ipsos
824 1647 921 1706 boves
953 1644 1116 1706 neminem
1149 1644 1303 1707 conduxit
1326 1645 1366 1706 ad
1390 1645 1478 1705 terri·

215 1754 335 1815 torium
368 1751 505 1813 civitatis
535 1752 687 1834 predicte,
720 1771 777 1812 nec
809 1750 883 1812 iecit
910 1751 1012 1834 ipsam
1044 1751 1323 1834 depredacionem‚
1354 1771 1414 1812 nec
1446 1751 1478 1812 in

216 1860 331 1922 eodem
355 1857 440 1920 facto
472 1857 532 1940 ipsi
556 1858 695 1918 Martino
727 1856 825 1938 judici
858 1857 991 1938 aliquod
1023 1856 1200 1939 dampnum
1234 1855 1342 1918 intulit
1366 1857 1422 1918 sed
1446 1855 1479 1917 in

213 1965 305 2029 totali
330 1965 462 2026 accione
487 1978 518 2025 et
541 1963 758 2045 acquisicione
783 1963 857 2024 dicti
884 1963 1013 2024 Martini
1041 1963 1157 2025 actoris
1181 1964 1339 2025 innocens
1362 1963 1402 2024 sit
1427 1982 1480 2044 pe·

215 2073 299 2134 nitus
324 2086 356 2133 et
377 2071 538 2134 innoxius.

320 2199 399 2260 Item
425 2217 554 2258 causam
578 2215 675 2278 quarn
700 2196 857 2257 Martinus
881 2193 970 2257 faber
995 2209 1104 2257 contra
1122 2194 1232 2257 Guralt
1257 2193 1479 2257 hlozlauchich

214 2306 247 2367 in
272 2303 355 2367 facto
379 2304 593 2388 percussionis
618 2303 726 2364 uxoris
750 2303 848 2384 ipsius
873 2303 1002 2364 Martini
1038 2321 1145 2363 coram
1171 2301 1264 2364 nobis
1288 2301 1399 2380 movit,
1424 2321 1480 2383 per

214 2413 409 2494 peticionem
434 2413 609 2494 proborum
635 2409 776 2470 virorum
802 2409 841 2470 ad
864 2409 1004 2490 primum
1040 2407 1198 2489 judicium
1222 2408 1263 2470 ad
1285 2428 1397 2492 pacem
1422 2407 1479 2470 du·

214 2519 319 2580 ximus
342 2517 590 2600 prorogandam.

318 2641 395 2704 Item
428 2641 627 2722 Augustinus
658 2640 779 2722 juratus
810 2653 918 2701 contra
950 2639 1131 2700 Fabianum
1165 2639 1321 2700 Iohannis
1348 2637 1387 2700 de
1420 2638 1479 2699 Po-

216 2750 328 2831 bresya
352 2749 458 2832 primo
483 2748 597 2809 citatus
620 2767 685 2808 non
714 2745 903 2829 comparuit.

324 2855 402 2917 Item
435 2875 562 2917 causam
588 2873 684 2935 quam
704 2851 864 2934 Georgius
886 2851 971 2914 filius
988 2851 1165 2914 Clementis
1190 2852 1229 2912 de
1255 2852 1480 2934 Prepustowcz

216 2975 326 3024 contra
350 2959 514 3043 Mathyam
539 2959 707 3022 Ztakorich
745 2960 776 3021 in
802 2957 885 3020 facto
913 2959 1150 3020 vulneracionis
1175 2978 1231 3019 sue
1256 2978 1363 3020 coram
1388 2961 1481 3022 nobis

216 3070 378 3146 movebat,
402 3067 442 3128 ad
466 3067 608 3149 primum
638 3066 794 3148 judicium
823 3085 879 3148 per
910 3066 1106 3147 peticionem
1138 3065 1314 3147 proborum
1339 3065 1480 3128 virorum

216 3195 275 3258 pro
299 3193 376 3257 pace
400 3173 506 3235 fienda
531 3173 681 3234 duximus
704 3172 953 3256 prorogandam.

323 3297 401 3360 Item
419 3297 557 3360 Michael
582 3296 670 3360 faber
693 3311 803 3359 contra
827 3295 990 3357 Andream
1015 3296 1142 3357 fabrum
1159 3295 1263 3378 primo
1282 3295 1396 3357 citatus
1414 3316 1481 3358 non

218 3407 408 3488 comparuit.

324 3513 403 3574 Item
428 3532 557 3574 causam
582 3531 678 3594 quam
705 3531 784 3573 uxor
808 3510 973 3572 Michaelis
1001 3509 1173 3594 Zywalych
1206 3524 1314 3572 contra
1339 3510 1481 3573 Iwanum

220 3620 377 3682 inclinum
403 3620 531 3681 Martini
557 3619 670 3692 iudicis
687 3639 771 3680 nunc
795 3638 925 3679 movere
943 3618 1091 3694 debebat,
1114 3637 1171 3698 per
1187 3617 1383 3698 peticionem
1408 3638 1481 3700 pro·

222 3729 336 3789 borum
360 3727 504 3788 virorum
529 3727 568 3786 ad
594 3726 733 3808 primum
752 3724 907 3807 judicium
931 3743 990 3806 pro
1006 3743 1083 3806 pace
1108 3721 1212 3784 fienda
1237 3724 1386 3784 duximus
1410 3744 1482 3806 pro·

218 3833 406 3914 rogandam.

328 3956 405 4018 Item
439 3956 514 4038 quia
549 3955 708 4037 Georgius
739 3941 876 4018 sellator
901 3955 933 4016 id
957 3955 1044 4016 solus
1075 3953 1212 4037 (sponte)
1236 3973 1342 4016 coram
1373 3953 1482 4035 juratis

219 4063 374 4144 presentis
405 4063 479 4124 anni
512 4062 682 4124 asserendo
714 4059 947 4138 manifestavit,
984 4060 1176 4142 (quomodo)
1208 4061 1286 4142 ipse,
1316 4060 1372 4122 lite
1398 4060 1481 4122 inter

219 4170 324 4251 ipsum
350 4183 381 4231 et
404 4169 486 4230 inter
516 4169 645 4229 Hansek
670 4182 811 4230 sutorem
836 4167 995 4249 pendente
1020 4188 1037 4228 a
1060 4165 1193 4248 (juratis)
1218 4179 1250 4228 et
1272 4165 1378 4248 judice
1403 4166 1484 4228 inter

222 4277 308 4358 ipsos
331 4295 447 4359 penam
467 4276 578 4338 decem
603 4295 781 4338 marcarum
798 4289 938 4356 ponente
956 4274 1004 4355 (ac
1029 4274 1141 4355 eciam)
1165 4275 1388 4353 constituente,
1405 4272 1483 4334 hora

221 4383 324 4444 noctis
348 4403 442 4465 super
465 4381 600 4444 domum
625 4383 724 4464 ipsius
749 4381 903 4443 Iohannis
928 4379 1042 4462 (aliter)
1067 4381 1182 4441 lansek
1207 4379 1359 4440 irruendo
1384 4379 1482 4440 hosti·

221 4489 295 4552 liter
318 4489 457 4550 maxime
482 4487 689 4571 clapm(and0
707 4487 749 4571 et)
767 4489 883 4550 intrare
900 4487 1040 4550 volendo
1058 4486 1139 4546 circa
1164 4486 1268 4568 ipsum
1294 4497 1325 4547 et
1347 4485 1407 4546 sibi
1425 4504 1482 4546 no-

222 4616 293 4658 cere
317 4595 471 4675 volendo,
496 4596 603 4679 (prout
627 4595 706 4678 ipse)
735 4596 851 4656 lansek
883 4595 1051 4670 asserebat,
1072 4593 1146 4654 ideo
1172 4613 1208 4654 ex
1241 4592 1483 4675 adjudicatione

221 4703 397 4784 juratorum
423 4703 490 4785 ipse
516 4701 676 4782 Georgius
708 4701 837 4762 sellator
864 4700 1016 4762 remansit
1048 4700 1079 4760 in
1113 4700 1223 4760 decem
1248 4699 1362 4760 marcis
1386 4697 1482 4759 dena·

222 4809 344 4872 riorum
368 4808 560 4890 judicialiter
584 4807 839 4889 condempnatus
862 4807 975 4868 ordine
999 4805 1075 4887 juris
1100 4819 1298 4888 exposcente.

329 4932 407 4994 Item
432 4933 593 4994 Fabianus
617 4945 718 4994 sartor
743 4945 851 4993 contra
877 4929 1056 4991 Iohannem
1080 4929 1219 5010 judicem
1244 4929 1349 5010 primo
1370 4929 1484 4989 citatus

220 5058 286 5102 non
311 5040 501 5122 comparuit.
