3734 5796
462 560 524 620 262
843 559 1044 636 Ann01437.
1068 571 1181 618 -11.
1202 561 1356 634 januarii.

566 771 644 832 Item
669 771 744 852 quia
769 771 816 832 vir
847 769 1001 852 providus
1024 769 1208 831 Anthonius
1231 783 1320 831 sutor
1352 768 1437 831 filius
1461 770 1545 832 lwan
1573 769 1614 831 de
1638 771 1702 832 Dan·

462 876 575 939 kowch
600 889 631 938 et
653 876 787 939 honesta
811 876 927 938 mulier
951 876 1065 937 Vrsula
1083 888 1205 954 vocata,
1228 875 1295 938 filia
1320 876 1461 960 Mathey‚
1478 897 1611 939 consors
1633 877 1703 958 legit·

461 983 538 1044 tima
552 983 650 1064 ipsius
663 981 830 1060 Anthonii,
847 982 1081 1044 cohabitatores
1094 982 1239 1044 suburbii
1252 982 1335 1044 dicte
1350 983 1495 1060 civitatis,
1510 983 1543 1044 id
1556 981 1704 1045 cumsuffi·

462 1089 557 1151 cienti
571 1103 602 1150 et
617 1088 782 1170 fidedigno
799 1101 981 1150 nostrorum
998 1089 1181 1149 concivium
1190 1089 1376 1151 testimonio
1390 1089 1422 1150 in
1439 1089 1514 1150 sede
1527 1088 1704 1171 nostrajudi·

462 1197 557 1258 ciaria
582 1197 665 1258 clare
681 1211 712 1256 et
735 1195 853 1257 seriose
877 1213 985 1256 coram
1004 1195 1097 1256 nobis
1121 1194 1153 1255 in
1177 1193 1297 1276 judicio
1315 1196 1577 1276 comprobarunt,
1595 1210 1630 1258 ut
1644 1195 1704 1256 dun

461 1303 595 1386 provida
627 1303 764 1364 condam
795 1301 912 1363 mulier
944 1300 1063 1362 Melina
1096 1315 1225 1379 vocata,
1257 1301 1368 1363 relicta
1400 1302 1537 1364 condam
1572 1302 1704 1364 lobannis

464 1410 598 1490 Ozebel,
624 1410 765 1472 concivis
789 1421 908 1486 nostra,
932 1408 964 1468 in
989 1408 1139 1468 extremis
1162 1408 1226 1470 vite
1249 1427 1305 1470 sue
1330 1409 1518 1490 temporalis
1542 1410 1704 1486 laborasset,

462 1531 538 1580 tunc
562 1518 629 1600 ipsa
647 1515 852 1578 medietatem
871 1514 1036 1576 cuiusdam
1054 1513 1181 1592 domus,
1206 1512 1309 1592 fundi,
1328 1515 1513 1597 cellariique
1530 1514 1705 1577 subterranei

462 1637 493 1686 et
516 1623 739 1686 hedificiorum
763 1623 795 1683 in
820 1621 905 1682 dicto
930 1621 1084 1682 suburbio
1110 1619 1245 1682 civitatis
1269 1622 1302 1682 in
1336 1622 1440 1704 platea
1466 1622 1615 1685 videlicet
1637 1635 1705 1684 suto·

463 1750 535 1792 rum
552 1729 670 1808 habite,
688 1729 789 1810 ipsam
807 1727 940 1807 juridice
958 1727 1189 1805 concorrentis,
1214 1747 1312 1788 unam
1329 1728 1450 1790 scilicet
1474 1743 1618 1810 quartam
1639 1729 1705 1790 curie

465 1837 497 1898 in
522 1855 555 1898 se
579 1836 816 1912 continentem
840 1835 917 1896 item
941 1833 1116 1915 quemdam
1134 1833 1287 1916 (h)ortum
1311 1855 1405 1896 suum
1429 1835 1576 1898 similiter
1598 1837 1628 1897 in
1649 1835 1705 1896 sub·

463 1943 556 2005 urbio
580 1941 715 2004 civitatis
738 1941 894 2020 habiturn,
915 1959 1013 2002 unam
1032 1940 1243 2001 consimiliter
1267 1955 1413 2022 quartam
1432 1942 1519 2004 curie
1543 1943 1575 2004 in
1599 1962 1630 2004 se
1645 1961 1705 2002 con·

462 2049 629 2126 tinentern,
646 2068 719 2110 cum
744 2048 894 2110 omnibus
911 2047 976 2108 suis
993 2047 1183 2109 utilitatibus
1207 2062 1238 2109 et
1261 2049 1466 2129 pertinenciis
1483 2049 1636 2111 universis
1650 2066 1704 2130 pre·

463 2154 535 2217 fatis
550 2154 716 2216 Anthonio
733 2155 832 2216 sutori
846 2168 877 2215 et
889 2154 1003 2215 Vrsule
1015 2173 1071 2214 sue
1088 2155 1227 2215 consorti
1243 2154 1413 2235 legavisset
1425 2169 1456 2216 et
1474 2155 1641 2217 dimisisset
1652 2154 1705 2236 jure

464 2261 651 2345 perhennali
676 2261 903 2343 possidendam
922 2274 953 2324 et
977 2260 1286 2342 quomodocumque
1307 2261 1468 2324 voluerint
1491 2262 1704 2345 disponendam

465 2367 552 2448 juxta
570 2367 795 2430 condicionem
813 2365 949 2430 civitatis
966 2379 1142 2447 prenotate,
1159 2365 1233 2427 ideo
1257 2384 1317 2428 nos
1333 2381 1399 2427 tam
1415 2367 1590 2448 predictam
1605 2365 1705 2428 medie·

463 2487 560 2536 tatem
586 2474 729 2556 ipsorum
753 2473 880 2550 domus,
897 2470 1001 2549 fundi,
1026 2471 1212 2552 cellariique
1228 2473 1426 2534 subterranei
1444 2487 1476 2534 et
1492 2472 1705 2546 hedificiorum,

464 2599 562 2642 unam
594 2593 630 2641 ut
660 2579 834 2661 predicitur
865 2589 1012 2659 quartam
1044 2578 1130 2638 curie
1161 2578 1191 2638 in
1225 2597 1258 2638 se
1290 2579 1521 2658 continentem,
1554 2600 1588 2641 ac
1619 2579 1703 2661 ipsum

464 2683 618 2768 (h)ortum
642 2685 673 2746 in
698 2684 783 2746 dicto
807 2683 963 2746 suburbio
988 2683 1145 2762 habitum,
1177 2683 1323 2746 similiter
1347 2704 1446 2746 unam
1469 2701 1611 2767 quartam
1635 2683 1704 2746 curie

465 2791 497 2852 in
522 2810 555 2853 se
579 2791 808 2868 continentem,
833 2809 907 2852 cum
929 2790 1081 2854 omnibus
1112 2789 1261 2872 predictis
1293 2791 1415 2852 cunctis
1438 2792 1504 2853 suis
1536 2791 1703 2853 utilitatibus

465 2910 496 2960 et
519 2896 723 2978 pertinenciis
748 2895 903 2957 universis
926 2895 1096 2958 statuimus
1115 2907 1146 2956 et
1169 2895 1390 2957 commisimus
1414 2916 1450 2958 ex
1468 2897 1624 2980 premissis
1645 2915 1703 2978 pre·

465 3003 538 3064 fatis
553 3003 720 3064 Anthonio
744 3002 842 3064 sutori
868 3015 899 3064 et
915 3002 1030 3064 Vrsule
1053 3022 1109 3063 sue
1126 3002 1266 3064 consorti
1290 3023 1327 3065 ac
1350 3023 1406 3086 per
1430 3024 1486 3065 eos
1509 3005 1642 3086 ipsorum
1658 3001 1703 3063 he·

467 3109 598 3171 redibus
621 3108 689 3191 jure
713 3123 868 3191 perpetuo
893 3121 924 3170 et
952 3109 1203 3170 irrevocabiliter
1232 3110 1460 3191 possidendam
1492 3125 1524 3173 et
1548 3107 1704 3192 quomodo·

465 3235 604 3298 cumque
621 3216 782 3278 voluerint
798 3215 1034 3297 disponendam
1051 3215 1137 3296 juxta
1154 3216 1330 3297 predictam
1347 3217 1575 3280 condicionem
1592 3214 1707 3278 civitatis

466 3336 632 3405 prenotate
656 3324 696 3384 ab
721 3322 854 3404 antiquo
882 3324 1104 3404 approbatam.

573 3429 651 3490 Item
676 3429 823 3510 quamvis
847 3428 1009 3490 lohannes
1033 3441 1134 3490 sartor
1150 3429 1283 3491 claudus
1307 3429 1391 3491 lilius
1415 3430 1542 3492 Nicolai
1565 3449 1614 3513 per
1632 3425 1705 3488 insti·

465 3536 633 3616 gecionem
658 3535 788 3618 dyaboli
814 3549 844 3597 et
868 3535 1101 3597 nonnullorum
1125 3536 1211 3617 pacis
1235 3547 1266 3596 et
1290 3536 1442 3597 bonitatis
1464 3537 1657 3597 inimicorum
1680 3533 1704 3592 in

467 3661 560 3703 causa
593 3643 757 3703 cuiusdam
792 3643 991 3704 detentionis
1022 3643 1120 3724 ipsius
1145 3641 1300 3703 Johannis
1327 3643 1466 3720 sartoris,
1498 3663 1591 3724 super
1616 3640 1703 3721 ipsunt

466 3762 596 3830 propter
622 3763 725 3811 certos
749 3768 894 3810 excessus
918 3763 949 3810 et
972 3762 1077 3810 reatus
1101 3769 1136 3809 ac
1154 3749 1260 3809 debita
1285 3767 1341 3809 sua
1366 3761 1397 3809 et
1421 3749 1520 3830 ipsius
1543 3767 1596 3830 per
1617 3745 1702 3805 virum

467 3854 637 3937 providum
663 3868 693 3917 et
728 3855 898 3916 honestum
924 3856 1082 3916 Briccium
1114 3854 1216 3916 filium
1242 3854 1405 3916 benedicti
1437 3854 1564 3936 pridem
1587 3851 1700 3934 judicem

466 3959 697 4041 concivemque
721 3975 876 4038 nostrum,
900 3960 1033 4041 juridice
1058 3975 1089 4022 et
1104 3959 1259 4040 legittime
1283 3959 1376 4038 facte,
1400 3961 1541 4022 eundem
1567 3957 1701 4022 Briccium

468 4066 607 4142 judicem
632 4087 738 4128 coram
768 4068 861 4128 nobis
893 4069 924 4128 in
956 4067 1076 4148 judicio
1108 4067 1228 4148 pluries
1259 4066 1368 4128 illicite
1394 4079 1425 4128 et
1457 4067 1597 4129 indebite
1618 4065 1700 4144 ipsam

468 4192 595 4234 causam
628 4173 853 4255 prosequendo
886 4174 1019 4255 turpiter
1049 4173 1252 4255 pertractavit
1282 4187 1313 4234 et
1344 4173 1589 4252 dehonestavit,
1616 4183 1701 4231 tamen

467 4279 534 4358 ipse
559 4279 701 4340 Briccius
724 4280 820 4360 judex
844 4280 1061 4340 misericordia
1087 4279 1138 4340 dei
1163 4291 1194 4340 et
1221 4279 1380 4360 peticione
1404 4279 1614 4360 plurimorum
1633 4273 1700 4333 vit0·

466 4403 538 4444 rum
563 4384 770 4446 honestorum
803 4400 909 4448 motus
941 4387 1045 4448 eidem
1071 4381 1209 4446 iohanni
1241 4384 1371 4463 sartori,
1410 4385 1465 4465 qui
1491 4381 1628 4446 convinci
1655 4396 1700 4458 po·

467 4503 547 4552 terat
579 4492 750 4573 superinde
783 4493 821 4553 de
855 4493 941 4573 jure,
973 4493 1112 4574 predicta
1146 4491 1227 4552 lacta
1258 4510 1315 4552 sua
1346 4491 1500 4572 nepharia
1531 4490 1654 4553 totaliter
1679 4497 1703 4542 er

467 4596 601 4656 omnino
619 4598 769 4657 relaxavit
794 4599 932 4659 eundem
961 4598 1133 4678 superinde
1158 4598 1303 4678 quietum
1321 4597 1525 4659 committens
1550 4596 1584 4660 et
1602 4590 1701 4677 penitus

467 4701 662 4764 absolutum.

574 4807 651 4868 Item
685 4808 776 4887 jurati
810 4809 1075 4886 adjudicaverunt
1105 4809 1136 4870 in
1169 4829 1262 4870 causa
1296 4810 1377 4871 inter
1405 4809 1572 4872 dominam
1596 4807 1700 4868 lanam

470 4933 603 4975 uxorem
629 4914 776 4994 Gregorii
804 4915 894 4994 jurati
928 4914 983 4974 lilii
1016 4915 1180 4976 Benedicti
1206 4917 1246 4976 ab
1278 4935 1341 4976 una
1366 4930 1453 4997 parte
1488 4930 1523 4978 ut
1548 4917 1579 4976 in
1600 4922 1699 4973 causam

468 5034 643 5098 attractam,
668 5037 697 5083 et
723 5023 802 5082 inter
821 5021 1014 5100 Gregorinm
1032 5022 1209 5082 institorem
1230 5020 1335 5084 filiurn
1354 5022 1493 5105 Philippi
1520 5036 1554 5083 ut
1579 5030 1699 5088 actorem,
