3852 5820
411 555 452 598 ao
814 536 1012 613 Armo1414.
1038 569 1078 579 -
1097 546 1132 610 5.
1155 534 1284 595 octobres.

410 749 508 812 ciaria
531 747 766 831 comprobavit,
789 746 878 829 quod
894 745 1070 828 quamdam
1089 745 1204 806 silvam
1228 745 1262 806 in
1278 755 1389 806 nostro
1404 743 1567 806 territorio
1591 742 1674 805 inter

413 855 511 916 silvas
535 854 691 917 consortis
715 852 886 916 Thomlini
906 865 938 914 et
954 851 1087 933 Georgii
1113 849 1293 934 Ztradbych
1309 848 1463 928 habitam,
1488 848 1594 911 eidem
1618 847 1674 910 do·

410 961 500 1025 mine
524 961 592 1043 ipse
617 959 754 1043 Mykech
777 959 957 1040 legavisset,
974 957 1047 1020 ideo
1072 956 1208 1020 eaodem
1225 955 1331 1018 eidem
1356 955 1488 1018 domine
1504 953 1676 1016 statuimus

413 1081 571 1151 perpetuo
594 1065 833 1150 possidendam.

518 1173 596 1236 item
631 1170 792 1253 Georgius
822 1169 1053 1254 Opprasnycha
1081 1181 1192 1231 contra
1224 1169 1381 1230 Jacobum
1404 1167 1546 1229 secundo
1562 1166 1675 1228 citatus

411 1299 477 1342 non
511 1278 702 1362 comparuit.

517 1384 597 1448 item
632 1402 761 1446 causam
797 1381 963 1463 utriusque
997 1381 1131 1462 Georgii
1171 1393 1331 1444 sartorum
1366 1392 1397 1440 ct
1432 1379 1604 1442 Ambrenis
1635 1377 1675 1440 ad

411 1491 553 1574 primum
578 1489 734 1572 judicium
758 1487 798 1550 ad
821 1507 934 1570 pacem
958 1488 1109 1549 duximus
1133 1485 1382 1571 prorogandam.

518 1597 597 1659 item
628 1593 821 1658 Benedictus
851 1597 995 1676 Ansetyo
1019 1607 1130 1656 contra
1158 1593 1324 1656 Vrbanum
1356 1596 1502 1674 Ansetyn
1532 1589 1674 1652 secundo

411 1703 526 1766 citatus
556 1721 623 1766 non
647 1701 836 1783 comparuit.

521 1808 600 1870 item
624 1807 781 1870 Martinus
804 1805 930 1888 sagipar
955 1818 1064 1868 contra
1089 1806 1247 1868 Joannem
1274 1823 1465 1887 arcuparum
1489 1816 1519 1864 et
1544 1802 1675 1886 Gyurek

411 1913 555 1978 secundo
579 1914 694 1977 citatus
718 1931 783 1974 non
808 1912 1000 1994 comparuit.

517 2019 596 2082 Item
613 2019 759 2082 Andreas
782 2017 872 2082 faber
896 2031 1007 2081 contra
1033 2019 1155 2080 Lucam
1179 2031 1321 2080 autorem
1346 2019 1451 2100 primo
1475 2018 1589 2081 citatus
1610 2037 1675 2080 non

414 2126 604 2209 comparuit.
1557 2138 1558 2143 ’

520 2231 599 2294 Item
614 2230 743 2294 Gerdak
755 2243 845 2293 sutor
857 2243 967 2293 contra
981 2231 1155 2293 Martinam
1166 2231 1270 2312 primo
1281 2231 1395 2292 citatus
1408 2249 1472 2291 non
1486 2229 1676 2313 comparuit.

521 2338 599 2401 Item
623 2355 752 2400 causam
769 2337 912 2418 magistri
929 2335 1058 2398 Thome
1076 2336 1145 2398 isan
1170 2349 1202 2399 et
1219 2335 1338 2398 Cosme
1355 2337 1516 2418 arcuparis
1540 2335 1674 2398 infacto

413 2445 550 2507 verberii
574 2464 631 2527 per
654 2443 776 2506 dictum
800 2443 989 2525 magistrum
1017 2442 1181 2504 Thomam
1205 2442 1376 2524 perpetrati
1401 2441 1442 2504 ad
1466 2442 1605 2524 primum
1629 2441 1677 2523 ju·

413 2551 534 2612 dicium
557 2548 597 2612 ad
620 2568 734 2632 pacem
758 2549 908 2611 duximus
931 2548 1181 2631 prorogandam.

519 2655 597 2718 item
615 2675 710 2718 causa
727 2655 859 2717 ioannis
875 2655 1066 2738 carpentarii
1091 2668 1122 2716 et
1145 2654 1312 2716 Benedicti
1336 2654 1488 2718 lakvearii
1505 2654 1545 2715 ad
1565 2673 1676 2736 pacem

414 2762 455 2825 ad
480 2763 620 2846 primum
645 2761 800 2842 judicium
825 2774 872 2824 est
895 2773 1077 2844 prorogata.

521 2868 600 2930 Item
626 2867 771 2930 Thomas
794 2867 952 2951 Zolarych
976 2881 1085 2929 contra
1121 2867 1308 2949 magistrum
1340 2867 1503 2930 Thomam
1536 2866 1677 2930 secundo

415 2975 529 3037 citatus
553 2993 620 3036 non
644 2974 834 3056 comparuit.

522 3080 600 3142 Item
624 3080 736 3141 Petrus
760 3078 855 3161 judex
880 3078 981 3142 Saffar
996 3080 1220 3142 testimonium
1240 3081 1273 3142 in
1298 3081 1402 3163 primo
1427 3080 1547 3164 judicio
1567 3093 1676 3143 contra

416 3185 548 3270 Gyurair
572 3184 754 3248 carnificem
777 3185 954 3268 producere
978 3186 1074 3248 debet
1097 3187 1130 3248 in
1155 3185 1239 3248 facto
1264 3187 1425 3270 vituperii,
1450 3187 1602 3249 videlicet
1628 3186 1676 3249 Si·

414 3291 623 3376 gismundum
646 3292 786 3374 juratum
809 3306 840 3354 et
864 3293 1020 3354 Jacobum
1044 3295 1179 3355 kramar.

523 3397 601 3460 item
631 3397 757 3479 Agatha
789 3417 920 3460 consors
951 3398 1081 3460 Martini
1113 3398 1249 3482 lapicida
1283 3412 1397 3461 octavo
1430 3399 1482 3461 die
1513 3419 1608 3482 super
1639 3419 1678 3461 eo

417 3501 633 3584 juramentum
649 3517 738 3565 sento
754 3525 788 3566 se
813 3504 956 3586 personis
979 3503 1141 3584 deponere
1166 3504 1273 3583 debet,
1291 3517 1326 3567 ut
1352 3505 1419 3586 ipsa
1437 3505 1563 3567 nullum
1579 3504 1679 3566 male·

416 3607 524 3671 ficium
557 3621 667 3672 contra
699 3608 820 3672 dictum
853 3610 1027 3672 Martinum
1060 3610 1210 3672 maritum
1243 3629 1308 3672 non
1334 3609 1408 3672 fecit
1439 3630 1545 3692 neque
1576 3609 1679 3672 facere

417 3712 565 3777 intendit.

524 3819 603 3882 Item
628 3819 748 3903 Stanya
779 3821 896 3884 mulier
925 3821 1026 3883 tercio
1056 3841 1089 3883 se
1121 3822 1267 3903 personis
1290 3841 1386 3904 super
1417 3841 1456 3884 eo
1481 3835 1596 3884 octavo
1628 3822 1680 3883 die

417 3926 633 4008 juramentum
656 3940 796 4008 prestare
820 3939 976 4006 teneatur,
1000 3939 1036 3988 ut
1061 3927 1129 4009 ipsa
1153 3927 1239 3990 dicto
1265 3928 1405 3991 Martino
1430 3929 1557 3990 nullum
1581 3929 1679 3991 malc-

417 4029 526 4093 ficium
551 4031 719 4113 impendit.

523 4139 601 4203 Item
625 4139 703 4201 luan
727 4138 816 4202 faber
840 4153 950 4204 contra
975 4141 1107 4206 Petrum
1129 4143 1235 4225 primo
1261 4143 1375 4206 citatus
1399 4163 1465 4206 non
1490 4145 1680 4227 comparuit.
