3852 5820
408 513 448 595 38
785 507 985 588 Annor416.
1009 541 1054 556 -
1076 505 1108 571 6.
1132 509 1300 571 novembres.

407 739 504 786 tatem
529 723 675 787 volentes
698 723 815 804 cuique
847 720 982 784 reddere
1006 719 1039 782 id
1070 719 1159 802 quod
1189 740 1285 783 suum
1309 733 1366 800 est,
1389 719 1488 782 deum
1518 719 1670 782 habentes

408 851 465 914 pre
497 831 610 910 oculis,
634 829 715 892 duas
745 843 851 912 partes
874 827 974 910 ipsius
1004 826 1121 889 domus
1152 826 1298 910 predicto
1331 826 1438 890 Blasio
1468 827 1596 889 literato
1619 845 1670 906 eo,

407 937 496 1020 quod
520 938 560 998 ab
584 935 751 998 Anthonio
774 953 930 1018 germano
953 953 1013 996 suo
1044 946 1116 1015 post
1138 947 1276 995 mortem
1307 934 1405 995 tercia
1429 951 1502 1016 pars
1525 931 1669 994 eiusdem

408 1045 439 1105 in
465 1045 570 1126 ipsum
595 1043 738 1104 Blasium
762 1042 821 1104 rite
853 1039 1141 1120 condescendebat,
1171 1040 1267 1102 simul
1290 1059 1365 1103 cum
1396 1040 1522 1102 duabus
1545 1040 1670 1122 porcio·

408 1152 502 1213 nibus
526 1148 617 1211 fundi
642 1163 673 1212 et
698 1147 899 1210 edificiorum
924 1146 965 1208 ad
998 1146 1098 1209 dictas
1130 1145 1210 1209 duas
1234 1161 1339 1230 partes
1370 1147 1487 1210 domus
1509 1146 1670 1229 pertinen·

407 1259 492 1320 cium
517 1255 586 1339 jure
617 1269 772 1340 perpetuo
805 1255 838 1315 in
869 1251 1025 1315 heredum
1054 1252 1188 1315 heredes
1217 1267 1415 1330 statuerunt;
1439 1253 1570 1316 terciam
1594 1270 1671 1314 vero

408 1378 531 1448 partem
556 1363 641 1426 dicte
658 1363 775 1424 domus
798 1358 921 1443 prefate
945 1361 1077 1422 domine
1094 1361 1140 1422 lse
1161 1373 1326 1442 tamquam
1349 1361 1448 1422 tercio
1465 1359 1574 1422 heredi
1598 1359 1671 1421 reli·

408 1483 547 1554 querunt
555 1469 784 1553 possidendam
796 1489 805 1546 ;
818 1482 848 1529 et
861 1469 955 1530 ambe
972 1482 1077 1550 partes
1093 1469 1133 1530 de
1148 1469 1218 1552 ipso
1230 1468 1351 1550 judicio
1366 1467 1495 1530 luerunt
1511 1481 1671 1531 contente.

501 1671 598 1744 Faria
626 1677 726 1744 serta
754 1675 908 1761 proxima
936 1679 1012 1761 post
1040 1672 1163 1742 festum
1190 1671 1282 1744 beati
1311 1669 1452 1744 Emerici
1482 1672 1586 1743 dotis.

916 1822 962 1904 (ό.
987 1824 1166 1900 novembris).

516 1967 594 2029 ltent
619 1965 776 2028 Martinus
799 1965 884 2028 filius
908 1966 993 2028 Petri
1018 1963 1272 2048 Plemenschyak
1299 1983 1356 2046 per
1380 1963 1573 2045 peticionem
1598 1981 1671 2044 pro·

409 2075 524 2136 borum
548 2073 689 2134 virorum
715 2073 899 2134 Emericum
923 2071 1025 2134 filium
1055 2071 1154 2133 Marci
1179 2069 1432 2153 Cherninouych
1448 2089 1543 2152 super
1566 2089 1616 2148 eo,
1636 2079 1673 2132 ut

409 2181 477 2262 ipse
500 2192 588 2240 sexto
612 2199 645 2240 se
669 2179 813 2261 personia
837 2178 940 2260 jurare
957 2178 1105 2258 debebat,
1129 2177 1218 2260 quod
1242 2177 1401 2260 (h)oreum
1424 2197 1482 2239 seu
1506 2177 1669 2238 stabulum

409 2305 503 2348 suum
535 2285 602 2368 ipse
635 2285 800 2348 Emericus
832 2305 972 2347 cremare
997 2305 1061 2346 non
1094 2282 1179 2364 lecit,
1207 2285 1369 2347 commisit
1394 2285 1541 2366 quietum
1565 2295 1595 2345 et
1618 2303 1671 2344 ex-

410 2391 566 2476 peditum.

516 2497 595 2559 ltem
619 2517 713 2558 causa
738 2495 893 2559 lohannis
916 2496 1031 2579 judicis
1063 2496 1120 2559 filii
1145 2497 1235 2559 Pauli
1268 2510 1299 2560 et
1322 2497 1419 2559 Blasii
1445 2495 1520 2559 dicti
1547 2497 1671 2558 Bastar·

410 2603 493 2688 dych
524 2603 581 2665 filii
613 2603 743 2665 Thome
774 2604 807 2664 in
839 2602 922 2666 lacto
953 2605 1132 2666 testamenti
1165 2605 1303 2667 condam
1335 2603 1466 2666 domine
1498 2603 1670 2666 Scolastica

410 2723 521 2773 vocate
544 2708 585 2771 ad
609 2724 758 2772 octavum
782 2709 868 2772 diem
891 2709 931 2772 ad
956 2729 1067 2792 pacem
1090 2725 1136 2772 est
1159 2723 1295 2793 recepta.

517 2815 596 2878 ltem
620 2816 813 2878 Benedictus
837 2829 925 2878 sutor
949 2815 1123 2899 Zubanych
1150 2829 1259 2878 contra
1285 2815 1493 2878 Valentinum
1518 2829 1672 2878 sartorem

411 2941 565 3006 generum
590 2922 719 2984 Thome
744 2921 909 3005 Wychech
934 2923 1077 2984 secundo
1113 2923 1225 2984 citatus
1263 2941 1328 2984 non
1353 2923 1542 3005 comparuit.

521 3028 598 3090 ltem
635 3048 727 3091 causa
752 3029 835 3091 Petri
870 3028 984 3110 judicis
1016 3027 1116 3090 Saffar
1148 3041 1179 3090 et
1210 3028 1342 3110 Georgii
1372 3027 1465 3110 jurati
1497 3027 1553 3090 filii
1586 3028 1673 3090 lwan

414 3133 618 3219 superfacto
643 3135 808 3197 cuiusdam
835 3135 899 3197 vini
925 3135 964 3197 ad
989 3149 1138 3198 octavum
1163 3136 1249 3197 diem
1274 3135 1313 3196 ad
1330 3154 1443 3218 pacem
1467 3149 1513 3196 est
1536 3149 1672 3217 recepta.

520 3241 597 3304 Item
623 3241 735 3304 Petrus
759 3256 859 3303 sartor
876 3241 978 3303 dictus
995 3240 1165 3303 Priuarcha
1183 3242 1214 3304 in
1239 3261 1374 3323 persona
1391 3241 1523 3304 domine
1540 3239 1673 3322 Agnetis

414 3349 569 3412 consortis
582 3369 638 3411 sue
652 3362 761 3410 contra
775 3347 976 3410 Anthonium
993 3348 1132 3430 judicem
1150 3348 1254 3430 primo
1272 3349 1384 3411 citatus
1400 3369 1465 3411 non
1483 3347 1672 3431 comparuit.

521 3455 598 3517 ltem
634 3475 728 3516 eausa
761 3453 892 3536 Georgii
925 3454 1081 3518 chhech
1115 3469 1149 3516 ut
1179 3455 1312 3534 actoris,
1344 3455 1420 3516 item
1452 3455 1579 3517 Andree
1613 3453 1672 3515 filii

414 3561 512 3624 Blasii
537 3560 612 3622 dicti
639 3561 843 3644 Stepkouych
868 3561 907 3622 ad
932 3575 1081 3623 octavum
1105 3561 1191 3623 diem
1215 3561 1254 3622 ad
1278 3581 1390 3644 pacem
1415 3575 1462 3624 est
1484 3576 1619 3644 recepta.

521 3667 598 3729 ltem
625 3667 700 3750 quia
718 3667 829 3728 Petrus
847 3667 947 3728 Saffar
962 3667 1059 3748 judex
1083 3681 1192 3730 contra
1209 3667 1418 3730 Benedictum
1436 3666 1538 3730 lilium
1556 3667 1673 3752 Gyuan

413 3771 539 3856 judicis,
557 3773 664 3835 literas
688 3773 900 3856 expeditorias
925 3774 1060 3836 civitatis
1089 3788 1234 3857 tempore
1263 3774 1357 3837 Chon
1374 3773 1488 3858 judicis
1511 3787 1676 3838 emanatas

414 3880 557 3944 exhibuit
582 3881 613 3941 in
639 3900 689 3960 eo,
714 3894 748 3942 ut
772 3881 839 3963 ipse
865 3881 1056 3943 Benedictus
1088 3900 1186 3943 unam
1210 3881 1334 3963 peciam
1358 3881 1455 3964 panni
1480 3880 1618 3944 Calonie
1641 3895 1673 3945 et

414 3999 581 4068 argentum
607 3986 667 4047 sibi
692 3986 732 4047 ad
763 3986 1018 4048 conservandum
1051 4007 1116 4049 non
1141 3986 1291 4067 dedisset,
1324 3987 1380 4049 sed
1404 3987 1538 4070 quidam
1562 3989 1674 4050 Petrus

415 4093 572 4176 Kyspeter
596 4089 763 4154 familiaris
788 4093 886 4154 Marci
911 4091 968 4155 filii
993 4093 1068 4154 dicti
1099 4092 1215 4176 Gyuan
1247 4093 1352 4155 eidem
1377 4094 1471 4156 Petro
1495 4093 1593 4177 judici
1618 4093 1673 4157 de·

414 4199 510 4261 disset
534 4211 565 4260 et
589 4197 695 4260 eidem
711 4199 907 4279 restituisset,
929 4219 1026 4282 penes
1042 4199 1159 4262 dictam
1178 4200 1301 4262 literam
1327 4200 1559 4282 expeditoriam
1582 4201 1671 4264 solus

413 4305 530 4386 jurabit
555 4353 588 4368 ..
614 4317 727 4368 octavo
752 4305 814 4368 die.

520 4410 598 4472 ltem
622 4410 697 4492 quia
722 4410 846 4474 Blasius
869 4410 953 4474 filius
977 4412 1142 4487 lobannis,
1165 4413 1298 4475 maritus
1321 4413 1459 4476 condam
1474 4415 1572 4478 Lucie
1596 4415 1673 4478 Pur·

414 4515 563 4599 garycha‚
578 4516 609 4577 id
635 4517 856 4600 comprobavit
880 4519 913 4580 in
937 4517 1013 4580 sede
1029 4516 1194 4601 judiciaria
1215 4538 1288 4581 cum
1305 4518 1471 4601 fidedigno
1488 4521 1673 4585 testimonio

414 4635 597 4684 nostrorum
622 4623 815 4705 concivium,
839 4637 875 4688 ut
905 4625 974 4708 ipsa
1007 4624 1138 4688 domina
1164 4626 1261 4688 Lucia
1286 4625 1319 4687 in
1351 4626 1500 4688 extremis
1524 4627 1674 4691 laborans

414 4728 499 4791 dicto
524 4729 632 4791 Blasio
657 4731 771 4792 marito
802 4751 861 4793 suo
893 4731 1026 4794 domurn
1051 4745 1082 4794 et
1113 4732 1240 4794 vineam
1272 4745 1303 4794 et
1334 4732 1444 4794 omnia
1468 4733 1616 4796 utensilia
1642 4748 1674 4798 et

414 4837 499 4898 bona
532 4855 587 4898 sua
619 4837 881 4901 testamentaliter
912 4839 1057 4918 legasset,
1091 4837 1165 4900 ideo
1194 4837 1287 4918 jurati
1320 4837 1553 4922 judicaverunt,
1584 4841 1673 4921 quod

413 4940 520 5003 literas
543 4961 638 5025 super
662 4943 824 5026 premissis
848 4945 946 5006 domo
970 4956 1002 5006 et
1025 4944 1119 5006 vinea
1142 4944 1283 5028 recipere
1307 4944 1407 5029 possit
1430 4945 1576 5009 civitatis.
