<?xml version="1.0" encoding="UTF-8"?>
<!DOCTYPE html PUBLIC "-//W3C//DTD XHTML 1.0 Transitional//EN"
    "http://www.w3.org/TR/xhtml1/DTD/xhtml1-transitional.dtd">
<html xmlns="http://www.w3.org/1999/xhtml" xml:lang="en" lang="en">
 <head>
  <title>
</title>
<meta http-equiv="Content-Type" content="text/html;charset=utf-8" />
  <meta name='ocr-system' content='tesseract 3.04.00' />
  <meta name='ocr-capabilities' content='ocr_page ocr_carea ocr_par ocr_line ocrx_word'/>
</head>
<body>
  <div class='ocr_page' id='page_1' title='image "./monumentahistor14laszgoog_0524.png"; bbox 0 0 3796 5812; ppageno 0'>
   <div class='ocr_carea' id='block_1_1' title="bbox 411 575 478 638">
    <p class='ocr_par' dir='ltr' id='par_1_1' title="bbox 411 575 478 638">
     <span class='ocr_line' id='line_1_1' title="bbox 411 575 478 638; baseline 0 -3"><span class='ocrx_word' id='word_1_1' title='bbox 411 575 478 638; x_wconf 91' lang='lat'>474</span> 
     </span>
    </p>
   </div>
   <div class='ocr_carea' id='block_1_2' title="bbox 407 764 1675 3296">
    <p class='ocr_par' dir='ltr' id='par_1_2' title="bbox 410 764 1674 954">
     <span class='ocr_line' id='line_1_2' title="bbox 516 764 1674 848; baseline 0.002 -22"><span class='ocrx_word' id='word_1_2' title='bbox 516 766 593 828; x_wconf 90' lang='lat' dir='ltr'>Item</span> <span class='ocrx_word' id='word_1_3' title='bbox 618 766 703 827; x_wconf 89' lang='lat' dir='ltr'>idem</span> <span class='ocrx_word' id='word_1_4' title='bbox 730 766 832 827; x_wconf 87' lang='lat' dir='ltr'>Lucas</span> <span class='ocrx_word' id='word_1_5' title='bbox 856 777 965 827; x_wconf 89' lang='lat' dir='ltr'>contra</span> <span class='ocrx_word' id='word_1_6' title='bbox 990 765 1104 826; x_wconf 89' lang='lat' dir='ltr'>Hanch</span> <span class='ocrx_word' id='word_1_7' title='bbox 1133 764 1314 828; x_wconf 86' lang='lat' dir='ltr'>carnificem</span> <span class='ocrx_word' id='word_1_8' title='bbox 1339 766 1443 848; x_wconf 84' lang='lat' dir='ltr'>prImo</span> <span class='ocrx_word' id='word_1_9' title='bbox 1468 766 1582 828; x_wconf 87' lang='lat' dir='ltr'>citatus</span> <span class='ocrx_word' id='word_1_10' title='bbox 1607 785 1674 828; x_wconf 86' lang='lat' dir='ltr'>non</span> 
     </span>
     <span class='ocr_line' id='line_1_3' title="bbox 410 873 599 954; baseline 0.011 -20"><span class='ocrx_word' id='word_1_11' title='bbox 410 873 599 954; x_wconf 83' lang='lat' dir='ltr'>comparuit.</span> 
     </span>
    </p>

    <p class='ocr_par' dir='ltr' id='par_1_3' title="bbox 413 977 1675 1168">
     <span class='ocr_line' id='line_1_4' title="bbox 516 977 1675 1061; baseline 0.001 -22"><span class='ocrx_word' id='word_1_12' title='bbox 516 979 593 1040; x_wconf 84' lang='lat' dir='ltr'>Item</span> <span class='ocrx_word' id='word_1_13' title='bbox 619 979 759 1040; x_wconf 84' lang='lat' dir='ltr'>Ioannes</span> <span class='ocrx_word' id='word_1_14' title='bbox 781 978 998 1060; x_wconf 85' lang='lat' dir='ltr'>carpentarius</span> <span class='ocrx_word' id='word_1_15' title='bbox 1030 993 1139 1040; x_wconf 87' lang='lat' dir='ltr'>contra</span> <span class='ocrx_word' id='word_1_16' title='bbox 1172 979 1279 1042; x_wconf 80' lang='lat' dir='ltr'>Mathe</span> <span class='ocrx_word' id='word_1_17' title='bbox 1303 979 1398 1040; x_wconf 89' lang='lat' dir='ltr'>Zolar</span> <span class='ocrx_word' id='word_1_18' title='bbox 1430 977 1536 1061; x_wconf 91' lang='lat' dir='ltr'>primo</span> <span class='ocrx_word' id='word_1_19' title='bbox 1560 978 1675 1040; x_wconf 89' lang='lat' dir='ltr'>citatus</span> 
     </span>
     <span class='ocr_line' id='line_1_5' title="bbox 413 1087 692 1168; baseline 0 -22"><span class='ocrx_word' id='word_1_20' title='bbox 413 1105 476 1146; x_wconf 92' lang='lat' dir='ltr'>non</span> <span class='ocrx_word' id='word_1_21' title='bbox 503 1087 692 1168; x_wconf 86' lang='lat' dir='ltr'><strong>comparuit.</strong></span> 
     </span>
    </p>

    <p class='ocr_par' dir='ltr' id='par_1_4' title="bbox 410 1190 1675 1379">
     <span class='ocr_line' id='line_1_6' title="bbox 520 1190 1675 1274; baseline -0.001 -20"><span class='ocrx_word' id='word_1_22' title='bbox 520 1193 596 1254; x_wconf 83' lang='lat' dir='ltr'>Item</span> <span class='ocrx_word' id='word_1_23' title='bbox 624 1192 755 1252; x_wconf 88' lang='lat' dir='ltr'>domina</span> <span class='ocrx_word' id='word_1_24' title='bbox 780 1191 980 1272; x_wconf 88' lang='lat' dir='ltr'>Margarerha</span> <span class='ocrx_word' id='word_1_25' title='bbox 1007 1211 1116 1253; x_wconf 89' lang='lat' dir='ltr'>socrus</span> <span class='ocrx_word' id='word_1_26' title='bbox 1141 1191 1288 1273; x_wconf 83' lang='lat' dir='ltr'>Gregorii</span> <span class='ocrx_word' id='word_1_27' title='bbox 1321 1210 1457 1274; x_wconf 85' lang='lat' dir='ltr'>vosgyar</span> <span class='ocrx_word' id='word_1_28' title='bbox 1482 1205 1596 1253; x_wconf 88' lang='lat' dir='ltr'>octavo</span> <span class='ocrx_word' id='word_1_29' title='bbox 1621 1190 1675 1253; x_wconf 90' lang='lat' dir='ltr'>die</span> 
     </span>
     <span class='ocr_line' id='line_1_7' title="bbox 410 1295 1144 1379; baseline 0.003 -21"><span class='ocrx_word' id='word_1_30' title='bbox 410 1311 519 1360; x_wconf 87' lang='lat' dir='ltr'>contra</span> <span class='ocrx_word' id='word_1_31' title='bbox 544 1298 682 1358; x_wconf 87' lang='lat' dir='ltr'>eundem</span> <span class='ocrx_word' id='word_1_32' title='bbox 709 1295 901 1378; x_wconf 90' lang='lat' dir='ltr'>Gregorium</span> <span class='ocrx_word' id='word_1_33' title='bbox 927 1298 1144 1379; x_wconf 86' lang='lat' dir='ltr'>respondebit.</span> 
     </span>
    </p>

    <p class='ocr_par' dir='ltr' id='par_1_5' title="bbox 410 1402 1674 1593">
     <span class='ocr_line' id='line_1_8' title="bbox 516 1402 1674 1486; baseline -0.001 -22"><span class='ocrx_word' id='word_1_34' title='bbox 516 1403 593 1465; x_wconf 88' lang='lat' dir='ltr'>Item</span> <span class='ocrx_word' id='word_1_35' title='bbox 619 1404 795 1485; x_wconf 85' lang='lat' dir='ltr'>Agustinus</span> <span class='ocrx_word' id='word_1_36' title='bbox 820 1403 962 1464; x_wconf 88' lang='lat' dir='ltr'>medicus</span> <span class='ocrx_word' id='word_1_37' title='bbox 987 1417 1096 1466; x_wconf 88' lang='lat' dir='ltr'>contra</span> <span class='ocrx_word' id='word_1_38' title='bbox 1123 1402 1308 1486; x_wconf 89' lang='lat' dir='ltr'>Gyaninutn</span> <span class='ocrx_word' id='word_1_39' title='bbox 1334 1404 1404 1465; x_wconf 90' lang='lat' dir='ltr'>Bon</span> <span class='ocrx_word' id='word_1_40' title='bbox 1429 1403 1534 1484; x_wconf 83' lang='lat' dir='ltr'>prImo</span> <span class='ocrx_word' id='word_1_41' title='bbox 1559 1402 1674 1464; x_wconf 89' lang='lat' dir='ltr'>citatus</span> 
     </span>
     <span class='ocr_line' id='line_1_9' title="bbox 410 1511 690 1593; baseline 0.014 -23"><span class='ocrx_word' id='word_1_42' title='bbox 410 1529 473 1570; x_wconf 91' lang='lat' dir='ltr'>non</span> <span class='ocrx_word' id='word_1_43' title='bbox 501 1511 690 1593; x_wconf 86' lang='lat' dir='ltr'>comparuit.</span> 
     </span>
    </p>

    <p class='ocr_par' dir='ltr' id='par_1_6' title="bbox 410 1615 1675 1806">
     <span class='ocr_line' id='line_1_10' title="bbox 516 1615 1675 1679; baseline 0 -1"><span class='ocrx_word' id='word_1_44' title='bbox 516 1616 595 1678; x_wconf 84' lang='lat' dir='ltr'>Item</span> <span class='ocrx_word' id='word_1_45' title='bbox 628 1618 754 1678; x_wconf 89' lang='lat' dir='ltr'>Marcus</span> <span class='ocrx_word' id='word_1_46' title='bbox 777 1616 862 1678; x_wconf 88' lang='lat' dir='ltr'>filius</span> <span class='ocrx_word' id='word_1_47' title='bbox 895 1616 1035 1679; x_wconf 89' lang='lat' dir='ltr'>Gemeze</span> <span class='ocrx_word' id='word_1_48' title='bbox 1067 1631 1177 1678; x_wconf 87' lang='lat' dir='ltr'>contra</span> <span class='ocrx_word' id='word_1_49' title='bbox 1211 1618 1355 1679; x_wconf 88' lang='lat' dir='ltr'>Marcum</span> <span class='ocrx_word' id='word_1_50' title='bbox 1384 1615 1487 1678; x_wconf 90' lang='lat' dir='ltr'>lilium</span> <span class='ocrx_word' id='word_1_51' title='bbox 1512 1616 1675 1678; x_wconf 80' lang='lat' dir='ltr'>PucanIch</span> 
     </span>
     <span class='ocr_line' id='line_1_11' title="bbox 410 1723 955 1806; baseline 0.007 -24"><span class='ocrx_word' id='word_1_52' title='bbox 410 1723 515 1804; x_wconf 91' lang='lat' dir='ltr'>primo</span> <span class='ocrx_word' id='word_1_53' title='bbox 540 1725 652 1786; x_wconf 88' lang='lat' dir='ltr'>citatus</span> <span class='ocrx_word' id='word_1_54' title='bbox 676 1743 740 1785; x_wconf 94' lang='lat' dir='ltr'>non</span> <span class='ocrx_word' id='word_1_55' title='bbox 766 1723 955 1806; x_wconf 84' lang='lat' dir='ltr'>comparuit.</span> 
     </span>
    </p>

    <p class='ocr_par' dir='ltr' id='par_1_7' title="bbox 409 1827 1673 2020">
     <span class='ocr_line' id='line_1_12' title="bbox 515 1827 1673 1912; baseline -0.001 -21"><span class='ocrx_word' id='word_1_56' title='bbox 515 1830 593 1892; x_wconf 89' lang='lat' dir='ltr'>Item</span> <span class='ocrx_word' id='word_1_57' title='bbox 627 1831 787 1912; x_wconf 85' lang='lat' dir='ltr'>Georgius</span> <span class='ocrx_word' id='word_1_58' title='bbox 818 1829 939 1910; x_wconf 85' lang='lat' dir='ltr'>juratus</span> <span class='ocrx_word' id='word_1_59' title='bbox 967 1844 1080 1891; x_wconf 89' lang='lat' dir='ltr'>octavo</span> <span class='ocrx_word' id='word_1_60' title='bbox 1114 1831 1165 1892; x_wconf 88' lang='lat' dir='ltr'>die</span> <span class='ocrx_word' id='word_1_61' title='bbox 1190 1844 1300 1892; x_wconf 87' lang='lat' dir='ltr'>contra</span> <span class='ocrx_word' id='word_1_62' title='bbox 1330 1829 1536 1891; x_wconf 90' lang='lat' dir='ltr'>Franciscum</span> <span class='ocrx_word' id='word_1_63' title='bbox 1569 1827 1673 1890; x_wconf 90' lang='lat' dir='ltr'>filium</span> 
     </span>
     <span class='ocr_line' id='line_1_13' title="bbox 409 1937 739 2020; baseline 0.003 -23"><span class='ocrx_word' id='word_1_64' title='bbox 409 1937 493 1998; x_wconf 86' lang='lat' dir='ltr'>Iwan</span> <span class='ocrx_word' id='word_1_65' title='bbox 523 1937 739 2020; x_wconf 85' lang='lat' dir='ltr'>respondebit.</span> 
     </span>
    </p>

    <p class='ocr_par' dir='ltr' id='par_1_8' title="bbox 409 2043 1674 2340">
     <span class='ocr_line' id='line_1_14' title="bbox 516 2043 1674 2127; baseline -0.001 -22"><span class='ocrx_word' id='word_1_66' title='bbox 516 2045 592 2106; x_wconf 84' lang='lat' dir='ltr'>Item</span> <span class='ocrx_word' id='word_1_67' title='bbox 612 2045 792 2127; x_wconf 89' lang='lat' dir='ltr'>Stephanus</span> <span class='ocrx_word' id='word_1_68' title='bbox 809 2043 893 2106; x_wconf 92' lang='lat' dir='ltr'>lilius</span> <span class='ocrx_word' id='word_1_69' title='bbox 909 2044 1001 2106; x_wconf 88' lang='lat' dir='ltr'>Pauli</span> <span class='ocrx_word' id='word_1_70' title='bbox 1018 2043 1077 2105; x_wconf 90' lang='lat' dir='ltr'>ruli</span> <span class='ocrx_word' id='word_1_71' title='bbox 1095 2057 1208 2106; x_wconf 86' lang='lat' dir='ltr'>octavo</span> <span class='ocrx_word' id='word_1_72' title='bbox 1230 2044 1282 2105; x_wconf 90' lang='lat' dir='ltr'>die</span> <span class='ocrx_word' id='word_1_73' title='bbox 1299 2064 1355 2127; x_wconf 89' lang='lat' dir='ltr'>per</span> <span class='ocrx_word' id='word_1_74' title='bbox 1372 2043 1543 2106; x_wconf 86' lang='lat' dir='ltr'>Nicolaum</span> <span class='ocrx_word' id='word_1_75' title='bbox 1561 2043 1674 2106; x_wconf 87' lang='lat' dir='ltr'>Mahni</span> 
     </span>
     <span class='ocr_line' id='line_1_15' title="bbox 409 2149 1670 2232; baseline -0.001 -21"><span class='ocrx_word' id='word_1_76' title='bbox 409 2165 440 2212; x_wconf 90' lang='lat' dir='ltr'>et</span> <span class='ocrx_word' id='word_1_77' title='bbox 464 2151 643 2213; x_wconf 88' lang='lat' dir='ltr'>Iohannem</span> <span class='ocrx_word' id='word_1_78' title='bbox 661 2151 763 2212; x_wconf 88' lang='lat' dir='ltr'>lilium</span> <span class='ocrx_word' id='word_1_79' title='bbox 788 2152 872 2212; x_wconf 89' lang='lat' dir='ltr'>Petri</span> <span class='ocrx_word' id='word_1_80' title='bbox 893 2166 923 2212; x_wconf 93' lang='lat' dir='ltr'>et</span> <span class='ocrx_word' id='word_1_81' title='bbox 937 2150 1130 2232; x_wconf 88' lang='lat' dir='ltr'>Gregorium</span> <span class='ocrx_word' id='word_1_82' title='bbox 1156 2149 1258 2212; x_wconf 88' lang='lat' dir='ltr'>filium</span> <span class='ocrx_word' id='word_1_83' title='bbox 1276 2151 1408 2211; x_wconf 90' lang='lat' dir='ltr'>Ioannis</span> <span class='ocrx_word' id='word_1_84' title='bbox 1424 2149 1484 2211; x_wconf 87' lang='lat' dir='ltr'>hoc</span> <span class='ocrx_word' id='word_1_85' title='bbox 1510 2149 1670 2228; x_wconf 87' lang='lat' dir='ltr'>atestabit,</span> 
     </span>
     <span class='ocr_line' id='line_1_16' title="bbox 410 2243 1143 2340; baseline 0.001 -22"><span class='ocrx_word' id='word_1_86' title='bbox 410 2271 444 2319; x_wconf 95' lang='lat' dir='ltr'>ut</span> <span class='ocrx_word' id='word_1_87' title='bbox 469 2259 573 2340; x_wconf 77' lang='lat' dir='ltr'>Ipsum</span> <span class='ocrx_word' id='word_1_88' title='bbox 599 2243 759 2339; x_wconf 81' lang='lat' dir='ltr'>Georgius</span> <span class='ocrx_word' id='word_1_89' title='bbox 782 2257 902 2338; x_wconf 88' lang='lat' dir='ltr'>juratus</span> <span class='ocrx_word' id='word_1_90' title='bbox 925 2257 1143 2339; x_wconf 89' lang='lat' dir='ltr'>vituperasset.</span> 
     </span>
    </p>

    <p class='ocr_par' dir='ltr' id='par_1_9' title="bbox 409 2361 1672 2552">
     <span class='ocr_line' id='line_1_17' title="bbox 517 2361 1672 2445; baseline -0.003 -20"><span class='ocrx_word' id='word_1_91' title='bbox 517 2365 594 2425; x_wconf 91' lang='lat' dir='ltr'>Item</span> <span class='ocrx_word' id='word_1_92' title='bbox 619 2364 803 2425; x_wconf 87' lang='lat' dir='ltr'>Anthonius</span> <span class='ocrx_word' id='word_1_93' title='bbox 834 2381 970 2445; x_wconf 90' lang='lat' dir='ltr'>sponsus</span> <span class='ocrx_word' id='word_1_94' title='bbox 995 2362 1184 2445; x_wconf 86' lang='lat' dir='ltr'>Kordarych</span> <span class='ocrx_word' id='word_1_95' title='bbox 1217 2376 1327 2424; x_wconf 91' lang='lat' dir='ltr'>contra</span> <span class='ocrx_word' id='word_1_96' title='bbox 1352 2361 1505 2424; x_wconf 87' lang='lat' dir='ltr'>Mathiam</span> <span class='ocrx_word' id='word_1_97' title='bbox 1531 2361 1672 2444; x_wconf 89' lang='lat' dir='ltr'>juratum</span> 
     </span>
     <span class='ocr_line' id='line_1_18' title="bbox 409 2469 839 2552; baseline -0.002 -20"><span class='ocrx_word' id='word_1_98' title='bbox 409 2485 522 2532; x_wconf 88' lang='lat' dir='ltr'>octavo</span> <span class='ocrx_word' id='word_1_99' title='bbox 547 2471 598 2531; x_wconf 88' lang='lat' dir='ltr'>die</span> <span class='ocrx_word' id='word_1_100' title='bbox 624 2469 839 2552; x_wconf 88' lang='lat' dir='ltr'>respondebit.</span> 
     </span>
    </p>

    <p class='ocr_par' dir='ltr' id='par_1_10' title="bbox 409 2574 1672 2765">
     <span class='ocr_line' id='line_1_19' title="bbox 518 2574 1672 2658; baseline -0.001 -21"><span class='ocrx_word' id='word_1_101' title='bbox 518 2577 595 2638; x_wconf 90' lang='lat' dir='ltr'>Item</span> <span class='ocrx_word' id='word_1_102' title='bbox 625 2577 756 2638; x_wconf 93' lang='lat' dir='ltr'>domina</span> <span class='ocrx_word' id='word_1_103' title='bbox 781 2576 976 2638; x_wconf 83' lang='lat' dir='ltr'>WllrouIcha</span> <span class='ocrx_word' id='word_1_104' title='bbox 1002 2589 1111 2638; x_wconf 88' lang='lat' dir='ltr'>contra</span> <span class='ocrx_word' id='word_1_105' title='bbox 1144 2575 1327 2658; x_wconf 87' lang='lat' dir='ltr'>Mykusium</span> <span class='ocrx_word' id='word_1_106' title='bbox 1360 2575 1498 2638; x_wconf 91' lang='lat' dir='ltr'>condam</span> <span class='ocrx_word' id='word_1_107' title='bbox 1530 2574 1672 2656; x_wconf 87' lang='lat' dir='ltr'>judicem</span> 
     </span>
     <span class='ocr_line' id='line_1_20' title="bbox 409 2683 935 2765; baseline 0.004 -22"><span class='ocrx_word' id='word_1_108' title='bbox 409 2683 514 2765; x_wconf 89' lang='lat' dir='ltr'>primo</span> <span class='ocrx_word' id='word_1_109' title='bbox 539 2684 632 2744; x_wconf 86' lang='lat' dir='ltr'>citata</span> <span class='ocrx_word' id='word_1_110' title='bbox 657 2703 722 2744; x_wconf 93' lang='lat' dir='ltr'>non</span> <span class='ocrx_word' id='word_1_111' title='bbox 747 2683 935 2764; x_wconf 84' lang='lat' dir='ltr'>comparuit.</span> 
     </span>
    </p>

    <p class='ocr_par' dir='ltr' id='par_1_11' title="bbox 408 2788 1674 2978">
     <span class='ocr_line' id='line_1_21' title="bbox 514 2788 1674 2872; baseline -0.001 -22"><span class='ocrx_word' id='word_1_112' title='bbox 514 2789 591 2851; x_wconf 91' lang='lat' dir='ltr'>Item</span> <span class='ocrx_word' id='word_1_113' title='bbox 626 2790 711 2851; x_wconf 91' lang='lat' dir='ltr'>idern</span> <span class='ocrx_word' id='word_1_114' title='bbox 736 2788 962 2872; x_wconf 80' lang='lat' dir='ltr'>Wllrouoyech</span> <span class='ocrx_word' id='word_1_115' title='bbox 996 2803 1105 2852; x_wconf 87' lang='lat' dir='ltr'>contra</span> <span class='ocrx_word' id='word_1_116' title='bbox 1136 2789 1290 2851; x_wconf 91' lang='lat' dir='ltr'>Iacobum</span> <span class='ocrx_word' id='word_1_117' title='bbox 1316 2788 1395 2850; x_wconf 90' lang='lat' dir='ltr'>Bole</span> <span class='ocrx_word' id='word_1_118' title='bbox 1426 2789 1532 2871; x_wconf 93' lang='lat' dir='ltr'>primo</span> <span class='ocrx_word' id='word_1_119' title='bbox 1557 2788 1674 2850; x_wconf 88' lang='lat' dir='ltr'>citatus</span> 
     </span>
     <span class='ocr_line' id='line_1_22' title="bbox 408 2897 687 2978; baseline 0.004 -22"><span class='ocrx_word' id='word_1_120' title='bbox 408 2915 472 2956; x_wconf 92' lang='lat' dir='ltr'>non</span> <span class='ocrx_word' id='word_1_121' title='bbox 498 2897 687 2978; x_wconf 89' lang='lat' dir='ltr'>comparuit.</span> 
     </span>
    </p>

    <p class='ocr_par' dir='ltr' id='par_1_12' title="bbox 407 3000 1672 3296">
     <span class='ocr_line' id='line_1_23' title="bbox 515 3000 1672 3083; baseline -0.001 -21"><span class='ocrx_word' id='word_1_122' title='bbox 515 3002 594 3064; x_wconf 90' lang='lat' dir='ltr'>Item</span> <span class='ocrx_word' id='word_1_123' title='bbox 619 3022 711 3063; x_wconf 87' lang='lat' dir='ltr'>causa</span> <span class='ocrx_word' id='word_1_124' title='bbox 738 3003 863 3063; x_wconf 88' lang='lat' dir='ltr'>Lucasii</span> <span class='ocrx_word' id='word_1_125' title='bbox 881 3001 937 3064; x_wconf 91' lang='lat' dir='ltr'>filii</span> <span class='ocrx_word' id='word_1_126' title='bbox 963 3001 1101 3063; x_wconf 90' lang='lat' dir='ltr'>Munech</span> <span class='ocrx_word' id='word_1_127' title='bbox 1127 3015 1235 3062; x_wconf 90' lang='lat' dir='ltr'>contra</span> <span class='ocrx_word' id='word_1_128' title='bbox 1254 3001 1369 3063; x_wconf 89' lang='lat' dir='ltr'>Paulas</span> <span class='ocrx_word' id='word_1_129' title='bbox 1393 3021 1449 3083; x_wconf 88' lang='lat' dir='ltr'>per</span> <span class='ocrx_word' id='word_1_130' title='bbox 1474 3000 1672 3081; x_wconf 90' lang='lat' dir='ltr'>Gregorium</span> 
     </span>
     <span class='ocr_line' id='line_1_24' title="bbox 408 3105 1672 3190; baseline -0.001 -23"><span class='ocrx_word' id='word_1_131' title='bbox 408 3127 543 3190; x_wconf 88' lang='lat' dir='ltr'>vosgyar</span> <span class='ocrx_word' id='word_1_132' title='bbox 576 3122 606 3169; x_wconf 92' lang='lat' dir='ltr'>et</span> <span class='ocrx_word' id='word_1_133' title='bbox 638 3106 796 3168; x_wconf 80' lang='lat' dir='ltr'>lanchech</span> <span class='ocrx_word' id='word_1_134' title='bbox 829 3121 861 3169; x_wconf 89' lang='lat' dir='ltr'>et</span> <span class='ocrx_word' id='word_1_135' title='bbox 892 3109 1049 3170; x_wconf 83' lang='lat' dir='ltr'>Ioannem</span> <span class='ocrx_word' id='word_1_136' title='bbox 1082 3107 1232 3190; x_wconf 90' lang='lat' dir='ltr'>Grachyn</span> <span class='ocrx_word' id='word_1_137' title='bbox 1262 3107 1301 3168; x_wconf 91' lang='lat' dir='ltr'>ad</span> <span class='ocrx_word' id='word_1_138' title='bbox 1338 3121 1485 3170; x_wconf 85' lang='lat' dir='ltr'>octavum</span> <span class='ocrx_word' id='word_1_139' title='bbox 1512 3107 1597 3168; x_wconf 91' lang='lat' dir='ltr'>diem</span> <span class='ocrx_word' id='word_1_140' title='bbox 1630 3105 1672 3167; x_wconf 89' lang='lat' dir='ltr'>ad</span> 
     </span>
     <span class='ocr_line' id='line_1_25' title="bbox 407 3229 750 3296; baseline 0 -20"><span class='ocrx_word' id='word_1_141' title='bbox 407 3235 519 3296; x_wconf 88' lang='lat' dir='ltr'>pacem</span> <span class='ocrx_word' id='word_1_142' title='bbox 544 3231 590 3275; x_wconf 88' lang='lat' dir='ltr'>est</span> <span class='ocrx_word' id='word_1_143' title='bbox 614 3229 750 3295; x_wconf 84' lang='lat' dir='ltr'>recepta.</span> 
     </span>
    </p>
   </div>
   <div class='ocr_carea' id='block_1_3' title="bbox 402 3423 1670 5104">
    <p class='ocr_par' dir='ltr' id='par_1_13' title="bbox 405 3423 1670 4359">
     <span class='ocr_line' id='line_1_26' title="bbox 518 3423 1670 3506; baseline -0.003 -18"><span class='ocrx_word' id='word_1_144' title='bbox 518 3428 594 3489; x_wconf 91' lang='lat' dir='ltr'>Item</span> <span class='ocrx_word' id='word_1_145' title='bbox 620 3447 713 3489; x_wconf 86' lang='lat' dir='ltr'>causa</span> <span class='ocrx_word' id='word_1_146' title='bbox 738 3427 878 3488; x_wconf 91' lang='lat' dir='ltr'>Brumen</span> <span class='ocrx_word' id='word_1_147' title='bbox 911 3425 1061 3488; x_wconf 87' lang='lat' dir='ltr'>aurifabri</span> <span class='ocrx_word' id='word_1_148' title='bbox 1094 3439 1203 3488; x_wconf 87' lang='lat' dir='ltr'>contra</span> <span class='ocrx_word' id='word_1_149' title='bbox 1229 3425 1403 3486; x_wconf 86' lang='lat' dir='ltr'>MartInum</span> <span class='ocrx_word' id='word_1_150' title='bbox 1434 3423 1670 3506; x_wconf 88' lang='lat' dir='ltr'>carpentarium</span> 
     </span>
     <span class='ocr_line' id='line_1_27' title="bbox 409 3529 1670 3615; baseline -0.002 -20"><span class='ocrx_word' id='word_1_151' title='bbox 409 3535 450 3595; x_wconf 90' lang='lat' dir='ltr'>ita</span> <span class='ocrx_word' id='word_1_152' title='bbox 475 3547 521 3596; x_wconf 92' lang='lat' dir='ltr'>est</span> <span class='ocrx_word' id='word_1_153' title='bbox 547 3533 695 3614; x_wconf 78' lang='lat' dir='ltr'>judicata,</span> <span class='ocrx_word' id='word_1_154' title='bbox 720 3534 808 3615; x_wconf 92' lang='lat' dir='ltr'>quod</span> <span class='ocrx_word' id='word_1_155' title='bbox 826 3533 901 3614; x_wconf 90' lang='lat' dir='ltr'>quia</span> <span class='ocrx_word' id='word_1_156' title='bbox 926 3533 1011 3594; x_wconf 92' lang='lat' dir='ltr'>idem</span> <span class='ocrx_word' id='word_1_157' title='bbox 1031 3533 1186 3594; x_wconf 91' lang='lat' dir='ltr'>Martinus</span> <span class='ocrx_word' id='word_1_158' title='bbox 1211 3533 1366 3613; x_wconf 88' lang='lat' dir='ltr'>quasdam</span> <span class='ocrx_word' id='word_1_159' title='bbox 1391 3545 1514 3612; x_wconf 83' lang='lat' dir='ltr'>segetes</span> <span class='ocrx_word' id='word_1_160' title='bbox 1539 3529 1670 3612; x_wconf 84' lang='lat' dir='ltr'>frugum</span> 
     </span>
     <span class='ocr_line' id='line_1_28' title="bbox 407 3637 1666 3721; baseline -0.002 -20"><span class='ocrx_word' id='word_1_161' title='bbox 407 3641 506 3721; x_wconf 91' lang='lat' dir='ltr'>ipsius</span> <span class='ocrx_word' id='word_1_162' title='bbox 531 3641 670 3701; x_wconf 76' lang='lat' dir='ltr'>brumen</span> <span class='ocrx_word' id='word_1_163' title='bbox 696 3640 822 3721; x_wconf 89' lang='lat' dir='ltr'>depasci</span> <span class='ocrx_word' id='word_1_164' title='bbox 847 3638 931 3716; x_wconf 85' lang='lat' dir='ltr'>lecit,</span> <span class='ocrx_word' id='word_1_165' title='bbox 956 3639 1030 3700; x_wconf 91' lang='lat' dir='ltr'>ideo</span> <span class='ocrx_word' id='word_1_166' title='bbox 1054 3639 1137 3700; x_wconf 88' lang='lat' dir='ltr'>dicte</span> <span class='ocrx_word' id='word_1_167' title='bbox 1155 3651 1277 3720; x_wconf 89' lang='lat' dir='ltr'>segetes</span> <span class='ocrx_word' id='word_1_168' title='bbox 1298 3656 1398 3718; x_wconf 89' lang='lat' dir='ltr'>usque</span> <span class='ocrx_word' id='word_1_169' title='bbox 1425 3637 1539 3699; x_wconf 86' lang='lat' dir='ltr'>festum</span> <span class='ocrx_word' id='word_1_170' title='bbox 1565 3639 1666 3700; x_wconf 87' lang='lat' dir='ltr'>sancti</span> 
     </span>
     <span class='ocr_line' id='line_1_29' title="bbox 407 3744 1670 3827; baseline -0.002 -17"><span class='ocrx_word' id='word_1_171' title='bbox 407 3747 540 3827; x_wconf 88' lang='lat' dir='ltr'>Georgii</span> <span class='ocrx_word' id='word_1_172' title='bbox 566 3747 661 3806; x_wconf 88' lang='lat' dir='ltr'>cresci</span> <span class='ocrx_word' id='word_1_173' title='bbox 687 3746 814 3825; x_wconf 87' lang='lat' dir='ltr'>debent,</span> <span class='ocrx_word' id='word_1_174' title='bbox 840 3760 870 3808; x_wconf 91' lang='lat' dir='ltr'>et</span> <span class='ocrx_word' id='word_1_175' title='bbox 893 3747 918 3806; x_wconf 89' lang='lat' dir='ltr'>si</span> <span class='ocrx_word' id='word_1_176' title='bbox 943 3747 1054 3806; x_wconf 88' lang='lat' dir='ltr'>eedem</span> <span class='ocrx_word' id='word_1_177' title='bbox 1072 3759 1194 3826; x_wconf 88' lang='lat' dir='ltr'>segetes</span> <span class='ocrx_word' id='word_1_178' title='bbox 1216 3745 1295 3806; x_wconf 89' lang='lat' dir='ltr'>tales</span> <span class='ocrx_word' id='word_1_179' title='bbox 1323 3744 1441 3806; x_wconf 84' lang='lat' dir='ltr'>fuerint</span> <span class='ocrx_word' id='word_1_180' title='bbox 1464 3746 1575 3826; x_wconf 86' lang='lat' dir='ltr'>quales</span> <span class='ocrx_word' id='word_1_181' title='bbox 1592 3762 1670 3808; x_wconf 90' lang='lat' dir='ltr'>sunt</span> 
     </span>
     <span class='ocr_line' id='line_1_30' title="bbox 406 3852 1665 3934; baseline -0.001 -19"><span class='ocrx_word' id='word_1_182' title='bbox 406 3855 466 3915; x_wconf 91' lang='lat' dir='ltr'>alie</span> <span class='ocrx_word' id='word_1_183' title='bbox 492 3867 615 3934; x_wconf 89' lang='lat' dir='ltr'>segetes</span> <span class='ocrx_word' id='word_1_184' title='bbox 640 3853 754 3914; x_wconf 88' lang='lat' dir='ltr'>eodem</span> <span class='ocrx_word' id='word_1_185' title='bbox 771 3867 916 3934; x_wconf 88' lang='lat' dir='ltr'>tempore</span> <span class='ocrx_word' id='word_1_186' title='bbox 942 3867 972 3914; x_wconf 92' lang='lat' dir='ltr'>et</span> <span class='ocrx_word' id='word_1_187' title='bbox 996 3853 1028 3912; x_wconf 94' lang='lat' dir='ltr'>in</span> <span class='ocrx_word' id='word_1_188' title='bbox 1045 3852 1142 3912; x_wconf 91' lang='lat' dir='ltr'>simili</span> <span class='ocrx_word' id='word_1_189' title='bbox 1167 3866 1249 3914; x_wconf 89' lang='lat' dir='ltr'>terra</span> <span class='ocrx_word' id='word_1_190' title='bbox 1274 3852 1439 3931; x_wconf 88' lang='lat' dir='ltr'>seminate,</span> <span class='ocrx_word' id='word_1_191' title='bbox 1457 3867 1572 3914; x_wconf 85' lang='lat' dir='ltr'>extunc</span> <span class='ocrx_word' id='word_1_192' title='bbox 1597 3873 1665 3914; x_wconf 85' lang='lat' dir='ltr'>eas·</span> 
     </span>
     <span class='ocr_line' id='line_1_31' title="bbox 406 3957 1668 4040; baseline -0.001 -19"><span class='ocrx_word' id='word_1_193' title='bbox 406 3961 481 4021; x_wconf 92' lang='lat' dir='ltr'>dem</span> <span class='ocrx_word' id='word_1_194' title='bbox 508 3973 630 4039; x_wconf 86' lang='lat' dir='ltr'>segetes</span> <span class='ocrx_word' id='word_1_195' title='bbox 655 3960 721 4040; x_wconf 89' lang='lat' dir='ltr'>ipse</span> <span class='ocrx_word' id='word_1_196' title='bbox 746 3960 887 4020; x_wconf 89' lang='lat' dir='ltr'>Brumen</span> <span class='ocrx_word' id='word_1_197' title='bbox 912 3979 970 4040; x_wconf 91' lang='lat' dir='ltr'>pro</span> <span class='ocrx_word' id='word_1_198' title='bbox 995 3978 1027 4018; x_wconf 89' lang='lat' dir='ltr'>se</span> <span class='ocrx_word' id='word_1_199' title='bbox 1052 3958 1193 4039; x_wconf 89' lang='lat' dir='ltr'>recipiet,</span> <span class='ocrx_word' id='word_1_200' title='bbox 1217 3958 1242 4018; x_wconf 89' lang='lat' dir='ltr'>si</span> <span class='ocrx_word' id='word_1_201' title='bbox 1275 3971 1381 4018; x_wconf 89' lang='lat' dir='ltr'>autem</span> <span class='ocrx_word' id='word_1_202' title='bbox 1407 3957 1519 4019; x_wconf 87' lang='lat' dir='ltr'>eedem</span> <span class='ocrx_word' id='word_1_203' title='bbox 1543 3972 1668 4038; x_wconf 93' lang='lat' dir='ltr'>segetes</span> 
     </span>
     <span class='ocr_line' id='line_1_32' title="bbox 405 4064 1669 4147; baseline 0 -21"><span class='ocrx_word' id='word_1_204' title='bbox 405 4067 530 4147; x_wconf 88' lang='lat' dir='ltr'>peiores</span> <span class='ocrx_word' id='word_1_205' title='bbox 555 4065 672 4126; x_wconf 88' lang='lat' dir='ltr'>luerint</span> <span class='ocrx_word' id='word_1_206' title='bbox 697 4086 793 4146; x_wconf 91' lang='lat' dir='ltr'>quam</span> <span class='ocrx_word' id='word_1_207' title='bbox 818 4067 879 4126; x_wconf 89' lang='lat' dir='ltr'>alie</span> <span class='ocrx_word' id='word_1_208' title='bbox 914 4079 1037 4145; x_wconf 85' lang='lat' dir='ltr'>segetes</span> <span class='ocrx_word' id='word_1_209' title='bbox 1069 4084 1131 4146; x_wconf 93' lang='lat' dir='ltr'>que</span> <span class='ocrx_word' id='word_1_210' title='bbox 1164 4064 1278 4125; x_wconf 90' lang='lat' dir='ltr'>eodem</span> <span class='ocrx_word' id='word_1_211' title='bbox 1304 4064 1379 4124; x_wconf 91' lang='lat' dir='ltr'>anni</span> <span class='ocrx_word' id='word_1_212' title='bbox 1411 4077 1556 4146; x_wconf 90' lang='lat' dir='ltr'>tempore</span> <span class='ocrx_word' id='word_1_213' title='bbox 1581 4079 1611 4126; x_wconf 87' lang='lat' dir='ltr'>et</span> <span class='ocrx_word' id='word_1_214' title='bbox 1636 4065 1669 4126; x_wconf 90' lang='lat' dir='ltr'>in</span> 
     </span>
     <span class='ocr_line' id='line_1_33' title="bbox 407 4171 1669 4250; baseline 0.001 -18"><span class='ocrx_word' id='word_1_215' title='bbox 407 4173 504 4232; x_wconf 93' lang='lat' dir='ltr'>simili</span> <span class='ocrx_word' id='word_1_216' title='bbox 529 4186 611 4233; x_wconf 89' lang='lat' dir='ltr'>terra</span> <span class='ocrx_word' id='word_1_217' title='bbox 636 4185 710 4234; x_wconf 91' lang='lat' dir='ltr'>sunt</span> <span class='ocrx_word' id='word_1_218' title='bbox 741 4172 907 4250; x_wconf 85' lang='lat' dir='ltr'>seminate,</span> <span class='ocrx_word' id='word_1_219' title='bbox 940 4185 1054 4233; x_wconf 82' lang='lat' dir='ltr'>extunc</span> <span class='ocrx_word' id='word_1_220' title='bbox 1090 4171 1176 4232; x_wconf 90' lang='lat' dir='ltr'>idem</span> <span class='ocrx_word' id='word_1_221' title='bbox 1208 4171 1364 4232; x_wconf 84' lang='lat' dir='ltr'>Martinus</span> <span class='ocrx_word' id='word_1_222' title='bbox 1395 4171 1595 4233; x_wconf 89' lang='lat' dir='ltr'>tantumdem</span> <span class='ocrx_word' id='word_1_223' title='bbox 1629 4173 1669 4233; x_wconf 91' lang='lat' dir='ltr'>de</span> 
     </span>
     <span class='ocr_line' id='line_1_34' title="bbox 405 4277 1667 4359; baseline 0.003 -21"><span class='ocrx_word' id='word_1_224' title='bbox 405 4279 471 4338; x_wconf 93' lang='lat' dir='ltr'>suis</span> <span class='ocrx_word' id='word_1_225' title='bbox 490 4280 650 4359; x_wconf 91' lang='lat' dir='ltr'>segetibus</span> <span class='ocrx_word' id='word_1_226' title='bbox 667 4277 794 4359; x_wconf 83' lang='lat' dir='ltr'>frugum</span> <span class='ocrx_word' id='word_1_227' title='bbox 813 4280 845 4339; x_wconf 84' lang='lat' dir='ltr'>In</span> <span class='ocrx_word' id='word_1_228' title='bbox 859 4279 954 4340; x_wconf 91' lang='lat' dir='ltr'>simili</span> <span class='ocrx_word' id='word_1_229' title='bbox 973 4291 1054 4339; x_wconf 91' lang='lat' dir='ltr'>terra</span> <span class='ocrx_word' id='word_1_230' title='bbox 1071 4277 1234 4338; x_wconf 80' lang='lat' dir='ltr'>semiustis</span> <span class='ocrx_word' id='word_1_231' title='bbox 1252 4279 1325 4338; x_wconf 85' lang='lat' dir='ltr'>dare</span> <span class='ocrx_word' id='word_1_232' title='bbox 1345 4277 1475 4340; x_wconf 90' lang='lat' dir='ltr'>debebit</span> <span class='ocrx_word' id='word_1_233' title='bbox 1493 4277 1667 4342; x_wconf 89' lang='lat' dir='ltr'>Brumeno.</span> 
     </span>
    </p>

    <p class='ocr_par' dir='ltr' id='par_1_14' title="bbox 404 4383 1669 4892">
     <span class='ocr_line' id='line_1_35' title="bbox 513 4383 1668 4468; baseline 0.002 -24"><span class='ocrx_word' id='word_1_234' title='bbox 513 4385 592 4447; x_wconf 86' lang='lat' dir='ltr'>Item</span> <span class='ocrx_word' id='word_1_235' title='bbox 618 4405 710 4446; x_wconf 88' lang='lat' dir='ltr'>causa</span> <span class='ocrx_word' id='word_1_236' title='bbox 736 4385 875 4468; x_wconf 90' lang='lat' dir='ltr'>Philippi</span> <span class='ocrx_word' id='word_1_237' title='bbox 900 4383 957 4445; x_wconf 88' lang='lat' dir='ltr'>filii</span> <span class='ocrx_word' id='word_1_238' title='bbox 976 4385 1077 4446; x_wconf 90' lang='lat' dir='ltr'>Mauri</span> <span class='ocrx_word' id='word_1_239' title='bbox 1103 4399 1134 4446; x_wconf 92' lang='lat' dir='ltr'>et</span> <span class='ocrx_word' id='word_1_240' title='bbox 1154 4383 1247 4445; x_wconf 89' lang='lat' dir='ltr'>Jolan</span> <span class='ocrx_word' id='word_1_241' title='bbox 1274 4385 1315 4444; x_wconf 92' lang='lat' dir='ltr'>ita</span> <span class='ocrx_word' id='word_1_242' title='bbox 1341 4397 1386 4444; x_wconf 91' lang='lat' dir='ltr'>est</span> <span class='ocrx_word' id='word_1_243' title='bbox 1410 4383 1560 4465; x_wconf 87' lang='lat' dir='ltr'>judicata,</span> <span class='ocrx_word' id='word_1_244' title='bbox 1579 4385 1668 4465; x_wconf 94' lang='lat' dir='ltr'>quod</span> 
     </span>
     <span class='ocr_line' id='line_1_36' title="bbox 405 4490 1667 4573; baseline 0 -21"><span class='ocrx_word' id='word_1_245' title='bbox 405 4492 480 4572; x_wconf 87' lang='lat' dir='ltr'>quia</span> <span class='ocrx_word' id='word_1_246' title='bbox 506 4493 592 4553; x_wconf 90' lang='lat' dir='ltr'>idem</span> <span class='ocrx_word' id='word_1_247' title='bbox 619 4491 711 4552; x_wconf 88' lang='lat' dir='ltr'>Iolan</span> <span class='ocrx_word' id='word_1_248' title='bbox 737 4511 821 4552; x_wconf 90' lang='lat' dir='ltr'>anno</span> <span class='ocrx_word' id='word_1_249' title='bbox 847 4492 878 4551; x_wconf 91' lang='lat' dir='ltr'>in</span> <span class='ocrx_word' id='word_1_250' title='bbox 902 4491 1041 4573; x_wconf 89' lang='lat' dir='ltr'>presenti</span> <span class='ocrx_word' id='word_1_251' title='bbox 1073 4510 1168 4571; x_wconf 88' lang='lat' dir='ltr'>super</span> <span class='ocrx_word' id='word_1_252' title='bbox 1190 4505 1273 4552; x_wconf 91' lang='lat' dir='ltr'>terra</span> <span class='ocrx_word' id='word_1_253' title='bbox 1297 4490 1396 4569; x_wconf 91' lang='lat' dir='ltr'>vulgo</span> <span class='ocrx_word' id='word_1_254' title='bbox 1430 4492 1558 4551; x_wconf 85' lang='lat' dir='ltr'>mekota</span> <span class='ocrx_word' id='word_1_255' title='bbox 1583 4491 1667 4552; x_wconf 92' lang='lat' dir='ltr'>dicta</span> 
     </span>
     <span class='ocr_line' id='line_1_37' title="bbox 408 4594 1669 4681; baseline 0 -23"><span class='ocrx_word' id='word_1_256' title='bbox 408 4598 536 4659; x_wconf 91' lang='lat' dir='ltr'>milium</span> <span class='ocrx_word' id='word_1_257' title='bbox 561 4598 710 4658; x_wconf 91' lang='lat' dir='ltr'>seminari</span> <span class='ocrx_word' id='word_1_258' title='bbox 743 4597 827 4676; x_wconf 85' lang='lat' dir='ltr'>lecit,</span> <span class='ocrx_word' id='word_1_259' title='bbox 861 4598 935 4658; x_wconf 89' lang='lat' dir='ltr'>ideo</span> <span class='ocrx_word' id='word_1_260' title='bbox 967 4598 1034 4679; x_wconf 86' lang='lat' dir='ltr'>Ipse</span> <span class='ocrx_word' id='word_1_261' title='bbox 1066 4597 1233 4679; x_wconf 90' lang='lat' dir='ltr'>Philippus</span> <span class='ocrx_word' id='word_1_262' title='bbox 1257 4597 1358 4678; x_wconf 91' lang='lat' dir='ltr'>ipsam</span> <span class='ocrx_word' id='word_1_263' title='bbox 1389 4609 1504 4657; x_wconf 89' lang='lat' dir='ltr'>terram</span> <span class='ocrx_word' id='word_1_264' title='bbox 1527 4596 1566 4658; x_wconf 93' lang='lat' dir='ltr'>ab</span> <span class='ocrx_word' id='word_1_265' title='bbox 1589 4594 1669 4681; x_wconf 69' lang='lat' dir='ltr'>:ipso</span> 
     </span>
     <span class='ocr_line' id='line_1_38' title="bbox 404 4701 1669 4785; baseline 0 -21"><span class='ocrx_word' id='word_1_266' title='bbox 404 4702 496 4765; x_wconf 85' lang='lat' dir='ltr'>Iolatr</span> <span class='ocrx_word' id='word_1_267' title='bbox 526 4703 635 4764; x_wconf 86' lang='lat' dir='ltr'>aufferi</span> <span class='ocrx_word' id='word_1_268' title='bbox 669 4724 732 4765; x_wconf 92' lang='lat' dir='ltr'>non</span> <span class='ocrx_word' id='word_1_269' title='bbox 766 4719 872 4785; x_wconf 90' lang='lat' dir='ltr'>posset</span> <span class='ocrx_word' id='word_1_270' title='bbox 903 4723 988 4764; x_wconf 91' lang='lat' dir='ltr'>anno</span> <span class='ocrx_word' id='word_1_271' title='bbox 1020 4704 1050 4764; x_wconf 92' lang='lat' dir='ltr'>in</span> <span class='ocrx_word' id='word_1_272' title='bbox 1083 4703 1239 4785; x_wconf 90' lang='lat' dir='ltr'>presenti;</span> <span class='ocrx_word' id='word_1_273' title='bbox 1264 4704 1330 4784; x_wconf 86' lang='lat' dir='ltr'>ipse</span> <span class='ocrx_word' id='word_1_274' title='bbox 1363 4717 1469 4764; x_wconf 87' lang='lat' dir='ltr'>autem</span> <span class='ocrx_word' id='word_1_275' title='bbox 1501 4701 1669 4785; x_wconf 89' lang='lat' dir='ltr'>Philippus</span> 
     </span>
     <span class='ocr_line' id='line_1_39' title="bbox 405 4809 1268 4892; baseline 0.002 -22"><span class='ocrx_word' id='word_1_276' title='bbox 405 4811 524 4871; x_wconf 87' lang='lat' dir='ltr'>dictam</span> <span class='ocrx_word' id='word_1_277' title='bbox 551 4829 678 4871; x_wconf 88' lang='lat' dir='ltr'>causam</span> <span class='ocrx_word' id='word_1_278' title='bbox 703 4811 742 4870; x_wconf 91' lang='lat' dir='ltr'>ad</span> <span class='ocrx_word' id='word_1_279' title='bbox 767 4811 917 4892; x_wconf 88' lang='lat' dir='ltr'>antiquos</span> <span class='ocrx_word' id='word_1_280' title='bbox 940 4810 1062 4890; x_wconf 90' lang='lat' dir='ltr'>judices</span> <span class='ocrx_word' id='word_1_281' title='bbox 1086 4809 1268 4891; x_wconf 87' lang='lat' dir='ltr'>appellavit.</span> 
     </span>
    </p>

    <p class='ocr_par' dir='ltr' id='par_1_15' title="bbox 402 4914 1668 5104">
     <span class='ocr_line' id='line_1_40' title="bbox 515 4914 1668 4998; baseline 0.001 -23"><span class='ocrx_word' id='word_1_282' title='bbox 515 4916 592 4976; x_wconf 81' lang='lat' dir='ltr'>Item</span> <span class='ocrx_word' id='word_1_283' title='bbox 618 4936 710 4976; x_wconf 86' lang='lat' dir='ltr'>causa</span> <span class='ocrx_word' id='word_1_284' title='bbox 737 4915 891 4976; x_wconf 84' lang='lat' dir='ltr'>Iohannis</span> <span class='ocrx_word' id='word_1_285' title='bbox 908 4916 1053 4995; x_wconf 91' lang='lat' dir='ltr'>Hungari</span> <span class='ocrx_word' id='word_1_286' title='bbox 1072 4931 1101 4977; x_wconf 89' lang='lat' dir='ltr'>et</span> <span class='ocrx_word' id='word_1_287' title='bbox 1120 4915 1294 4998; x_wconf 84' lang='lat' dir='ltr'>Mythaelis</span> <span class='ocrx_word' id='word_1_288' title='bbox 1318 4914 1375 4977; x_wconf 88' lang='lat' dir='ltr'>filii</span> <span class='ocrx_word' id='word_1_289' title='bbox 1394 4915 1541 4977; x_wconf 89' lang='lat' dir='ltr'>Damiani</span> <span class='ocrx_word' id='word_1_290' title='bbox 1560 4916 1601 4975; x_wconf 85' lang='lat' dir='ltr'>ita</span> <span class='ocrx_word' id='word_1_291' title='bbox 1621 4929 1668 4976; x_wconf 86' lang='lat' dir='ltr'>est</span> 
     </span>
     <span class='ocr_line' id='line_1_41' title="bbox 402 5021 1664 5104; baseline 0 -22"><span class='ocrx_word' id='word_1_292' title='bbox 402 5021 552 5103; x_wconf 85' lang='lat' dir='ltr'>judicata,</span> <span class='ocrx_word' id='word_1_293' title='bbox 577 5022 664 5103; x_wconf 92' lang='lat' dir='ltr'>quod</span> <span class='ocrx_word' id='word_1_294' title='bbox 691 5023 766 5103; x_wconf 88' lang='lat' dir='ltr'>quia</span> <span class='ocrx_word' id='word_1_295' title='bbox 791 5022 876 5083; x_wconf 89' lang='lat' dir='ltr'>idem</span> <span class='ocrx_word' id='word_1_296' title='bbox 902 5022 1063 5083; x_wconf 85' lang='lat' dir='ltr'>Iohannes</span> <span class='ocrx_word' id='word_1_297' title='bbox 1088 5023 1266 5104; x_wconf 85' lang='lat' dir='ltr'>proposuit,</span> <span class='ocrx_word' id='word_1_298' title='bbox 1293 5021 1381 5103; x_wconf 90' lang='lat' dir='ltr'>quod</span> <span class='ocrx_word' id='word_1_299' title='bbox 1405 5021 1490 5082; x_wconf 92' lang='lat' dir='ltr'>idern</span> <span class='ocrx_word' id='word_1_300' title='bbox 1515 5021 1664 5104; x_wconf 86' lang='lat' dir='ltr'>Mychael</span> 
     </span>
    </p>
   </div>
   <div class='ocr_carea' id='block_1_4' title="bbox 0 0 1902 5812">
    <p class='ocr_par' dir='ltr' id='par_1_16' title="bbox 0 0 1902 5812">
     <span class='ocr_line' id='line_1_42' title="bbox 0 0 1902 5812; baseline 0 2"><span class='ocrx_word' id='word_1_301' title='bbox 0 0 1902 5812; x_wconf 95' lang='lat' dir='ltr'> </span> 
     </span>
    </p>
   </div>
  </div>
 </body>
</html>
