3796 5812
1431 599 1494 660 495

226 799 393 868 tamquam
412 785 513 848 filium
531 800 562 848 et
578 786 730 850 heredem
751 807 844 849 suum
870 786 956 868 juxta
974 788 1208 871 privilegiatam
1227 790 1490 852 consvetudinem

226 893 363 955 civitatis
385 893 443 954 rite
469 892 620 956 devoluta
638 895 800 974 extitisset,
827 895 964 977 ideoque
982 915 1041 957 nos
1058 896 1158 978 ipsam
1176 897 1309 958 domum
1335 917 1408 960 cum
1424 901 1491 961 suis

226 998 434 1080 pertinenciis
458 999 564 1061 eidem
589 1000 690 1062 Paulo
714 1000 883 1062 statuimus
906 1015 937 1062 et
954 1001 1144 1084 reliquimus
1168 1003 1395 1084 possidendam
1419 1025 1489 1088 per-

228 1119 325 1187 petuo
350 1119 381 1167 et
404 1107 711 1188 quomodocumque
735 1107 873 1170 voluerit
896 1107 1141 1190 disponendam.

335 1213 412 1275 ltem
431 1213 507 1295 quia
532 1213 631 1275 Lucia
648 1215 757 1276 relicta
781 1215 918 1278 condam
938 1215 1066 1279 Martini
1084 1216 1200 1278 sutoris
1217 1236 1347 1279 consors
1364 1219 1488 1280 Nicolai

226 1319 382 1381 tubatoris
406 1319 438 1380 id
463 1339 536 1380 cum
560 1317 731 1382 sufficienti
756 1333 787 1382 et
807 1319 971 1402 fidedigno
989 1336 1171 1384 nostrorum
1196 1323 1377 1386 concivium
1403 1325 1490 1386 testi·

227 1426 338 1486 monio
363 1425 396 1486 in
420 1425 496 1487 sede
518 1439 625 1489 nostra
650 1426 814 1508 judiciaria
843 1428 1066 1510 comprobavit
1089 1447 1197 1490 coram
1221 1428 1325 1506 nobis,
1350 1443 1385 1491 ut
1408 1429 1486 1491 dum

227 1529 368 1613 prefatus
385 1531 543 1593 Martinus
559 1533 592 1593 in
608 1531 758 1595 humanis
774 1533 899 1614 egisset,
916 1547 992 1596 tunc
1009 1533 1183 1616 quamdam
1200 1548 1317 1596 terram
1334 1535 1489 1598 arabilem

227 1637 258 1698 in
285 1657 400 1720 campo
424 1651 534 1700 nostro
558 1639 640 1700 inter
664 1654 761 1700 terras
789 1641 925 1702 arabiles
948 1641 1092 1702 virorum
1123 1640 1333 1722 providorum
1366 1641 1495 1704 Thome

229 1743 338 1804 vicarii
364 1743 396 1804 in
420 1744 652 1826 temporalibus
676 1759 706 1808 et
731 1743 880 1826 Gregorii
905 1745 997 1825 jurati
1030 1766 1066 1808 ac
1091 1745 1255 1808 colendini
1279 1746 1488 1810 confraterni-

229 1849 302 1910 tatis
325 1849 425 1911 sancti
450 1849 535 1912 Petri
559 1847 700 1912 habitam
733 1863 764 1912 et
786 1849 986 1930 existentem,
1017 1853 1097 1914 duas
1121 1864 1156 1921 ut
1187 1851 1302 1913 dicitur
1326 1851 1426 1914 dietas
1457 1853 1489 1914 in

226 1975 260 2016 se
284 1955 513 2035 continentem,
539 1956 644 2018 eidem
678 1957 817 2020 Martino
849 1977 905 2040 per
936 1959 1073 2020 condam
1097 1957 1204 2039 Wych
1237 1958 1281 2020 sic
1314 1957 1389 2021 dicti
1416 1978 1492 2020 con-

227 2061 327 2122 civem
354 2077 499 2123 nostrum
517 2062 655 2144 legatam
679 2076 709 2124 et
729 2063 893 2124 dimissam
911 2062 1032 2146 prefate
1050 2063 1149 2126 Lucis
1174 2063 1265 2124 uxori
1282 2083 1337 2125 sue
1355 2065 1491 2146 legasset

226 2179 257 2229 et
279 2167 450 2229 dimisisset
474 2167 711 2248 possidendam,
737 2168 810 2230 ideo
836 2189 894 2231 nos
923 2170 1041 2232 dictam
1065 2183 1180 2232 terram
1206 2187 1279 2230 cum
1304 2170 1370 2231 suis
1393 2172 1491 2252 perti·

230 2273 352 2334 nenciis
376 2287 552 2336 memorate
577 2274 676 2336 Lucie
700 2287 732 2336 et
754 2276 820 2336 suis
852 2274 1025 2338 heredibus
1055 2277 1224 2338 statuimus
1248 2288 1278 2336 et
1302 2276 1491 2357 reliquimus

228 2393 383 2460 perpetuo
408 2380 634 2462 possidendam
668 2394 699 2442 et
730 2382 1040 2464 quomodocumque
1072 2382 1211 2444 voluerit
1246 2381 1492 2464 disponendam.

282 2615 378 2690 laria
407 2625 504 2690 sexta
532 2621 687 2709 proxima
714 2629 791 2710 post
818 2626 975 2692 octavam
1007 2619 1269 2710 Epiphaniarun
1296 2622 1437 2694 Domini.

334 2787 410 2851 ltem
429 2808 522 2850 causa
548 2788 629 2850 inter
654 2789 863 2850 Benedictum
883 2788 1039 2851 Hansetin
1064 2788 1166 2851 lilium
1191 2790 1316 2852 Nicolai
1341 2804 1372 2852 et
1388 2791 1490 2873 Drag-

227 2892 322 2955 checz
346 2894 385 2956 ad
410 2894 551 2977 primum
575 2893 730 2976 judicium
757 2894 796 2956 ad
822 2915 932 2976 pacem
957 2906 1003 2957 est
1026 2908 1162 2977 recepta.

334 2999 411 3061 ltem
444 3000 563 3062 Paulus
594 2999 718 3062 Thotar
750 3013 858 3062 contra
892 2999 1033 3062 Blasium
1058 2999 1160 3062 lilium
1194 3001 1277 3064 Petri
1299 3002 1402 3064 civem
1426 3002 1489 3062 vici

227 3105 416 3168 Latinorum
440 3106 582 3168 secundo
607 3107 720 3168 citatus
743 3126 807 3168 non
833 3107 1021 3188 comparuit.

334 3211 410 3274 ltem
445 3213 602 3274 Martinus
636 3211 852 3294 carpentarius
885 3227 993 3274 contra
1027 3212 1161 3274 Paulum
1195 3211 1296 3275 lilium
1333 3212 1489 3275 Anthonii

227 3317 412 3380 Jerihouich
439 3319 544 3401 primo
569 3318 682 3380 citatus
706 3337 771 3380 non
796 3318 984 3399 comparuit.

337 3423 415 3486 Item
440 3424 538 3486 Bellra
566 3425 680 3486 textrix
710 3439 821 3486 contra
853 3423 1050 3506 Stephanum
1083 3423 1268 3506 pincernam
1293 3423 1417 3506 pridem
1442 3422 1490 3506 ju·

228 3543 331 3591 ratum
356 3529 498 3590 secundo
523 3530 615 3592 citata
640 3549 705 3591 non
729 3529 918 3612 comparuit.

335 3652 413 3715 ltem
447 3654 521 3734 quia
552 3653 694 3716 Maricha
725 3655 833 3716 relicta
865 3667 896 3715 et
920 3653 1020 3716 Elena
1052 3672 1088 3714 ac
1113 3652 1228 3714 Vrsula
1263 3652 1329 3714 lilie
1353 3652 1490 3714 condam

227 3759 379 3841 Stephani
404 3759 460 3822 filii
494 3760 648 3823 Johannis
681 3760 713 3821 id
745 3781 816 3822 cum
848 3758 1018 3821 sufficienti
1051 3773 1081 3820 et
1106 3757 1270 3840 fidedigno
1303 3773 1486 3820 nostrorum

226 3865 406 3927 concivium
431 3866 615 3928 testimonio
640 3866 764 3928 insede
789 3880 895 3927 nostra
913 3865 1077 3946 judiciaria
1101 3867 1351 3947 comprobarunt
1375 3884 1483 3926 coram

226 3971 329 4050 nobis,
354 3987 388 4033 ut
412 3972 489 4033 dum
514 3973 581 4054 ipse
607 3973 786 4054 Stephanus
814 3973 846 4034 in
878 3972 1028 4034 humanis
1051 3971 1178 4052 egisset,
1213 3984 1291 4033 tunc
1315 3970 1489 4052 quamdam

227 4077 354 4139 vineam
379 4097 469 4140 suam
495 4079 526 4140 in
551 4078 713 4140 vicinitate
734 4079 901 4140 vinearum
919 4079 1027 4140 relicte
1052 4078 1190 4140 condam
1215 4077 1355 4139 Barsech
1381 4077 1490 4138 Jacobi

227 4196 258 4245 et
281 4183 348 4245 vias
379 4204 567 4246 communes
602 4205 637 4246 ac
670 4185 794 4246 Nicolai
827 4185 1016 4266 carpentarii
1049 4205 1122 4246 cutn
1146 4184 1211 4246 suis
1243 4184 1435 4246 utilitatibus
1460 4197 1491 4244 et

226 4289 321 4352 metis
344 4311 380 4352 ac
404 4291 610 4374 pertinenciis
634 4289 764 4373 prelatis
781 4291 919 4353 Maricae
936 4305 966 4352 et
991 4291 1092 4354 Elene
1116 4311 1152 4353 ac
1178 4291 1292 4352 Vrsule
1316 4290 1489 4352 dimisisset

226 4410 257 4458 et
282 4397 417 4478 legasset
441 4397 667 4480 possidendam
692 4411 723 4458 et
752 4397 937 4476 tenendam,
970 4397 1044 4459 ideo
1071 4416 1131 4458 nos
1161 4395 1338 4480 predictam
1361 4396 1488 4458 vineam

226 4503 285 4564 sub
310 4503 379 4563 eius
396 4504 479 4564 veris
503 4517 533 4564 et
562 4503 723 4585 prioribus
747 4504 841 4564 metis
864 4523 936 4564 cum
954 4503 1019 4564 suis
1043 4503 1250 4585 pertinenciis
1276 4502 1397 4564 eisdem
1423 4503 1489 4563 Ma·

226 4609 308 4669 ricze
334 4622 364 4670 et
390 4609 490 4672 Elene
515 4629 552 4670 ac
576 4609 689 4670 Vrsule
714 4629 749 4671 ac
774 4609 838 4670 suis
862 4607 1034 4671 heredibus
1058 4609 1227 4670 statuimus
1252 4623 1283 4671 et
1299 4608 1490 4690 reliquimus

227 4727 382 4796 perpetuo
410 4714 638 4797 possidendam
664 4729 695 4776 et
718 4715 1026 4796 quomodocumque
1057 4714 1219 4776 voluerint
1242 4713 1488 4796 disponendam.

332 4820 410 4882 ltem
433 4821 508 4902 quia
533 4820 670 4882 Michael
691 4819 775 4881 filius
800 4819 951 4902 Symonis
974 4819 1069 4900 judex
1094 4820 1230 4881 civitatis
1253 4818 1429 4880 modernus
1452 4817 1486 4879 id

227 4925 259 4987 in
283 4925 359 4988 sede
384 4941 491 4988 nostra
515 4925 682 5008 judiciaria
711 4945 818 4988 coram
851 4926 944 4987 nobis
967 4925 1189 5008 comprobavit
1220 4945 1293 4987 curn
1318 4922 1487 4985 sufficienti

226 5044 256 5092 et
280 5030 444 5114 fidedigno
469 5045 651 5094 nostrorum
676 5032 857 5094 concivium
885 5032 1083 5111 testimonio,
1106 5045 1142 5093 ut
1165 5031 1242 5092 dum
1269 5031 1407 5092 lacobus
1431 5031 1488 5090 Ze-
