3796 5812
435 561 500 623 490

462 778 558 854 lenia
586 785 694 854 tercia
721 785 878 872 proxima
906 781 1063 853 videlicet
1092 781 1126 852 in
1154 779 1239 852 testo
1268 780 1358 854 beati
1386 783 1500 871 llatey
1528 783 1677 872 apostoli

927 911 961 976 et
988 904 1211 994 ewangeliste.

540 1072 618 1135 Item
643 1073 717 1156 quia
742 1071 906 1155 Georgius
931 1071 1099 1134 Thomasii
1124 1071 1163 1134 de
1180 1072 1283 1136 Vrbes
1306 1085 1341 1136 ut
1357 1085 1446 1136 actor
1466 1073 1497 1135 in
1523 1093 1620 1136 causa
1646 1073 1702 1135 du·

435 1191 601 1240 centorum
626 1192 658 1242 et
680 1179 846 1262 sexaginta
871 1177 940 1242 flor.
966 1179 1034 1241 auri
1059 1192 1168 1240 contra
1186 1179 1377 1242 Michaelem
1403 1177 1577 1261 pellificem
1598 1178 1703 1242 filiurn

435 1285 519 1346 Petri
545 1285 708 1348 concivem
734 1300 878 1346 nostrum
903 1299 938 1348 ut
962 1285 994 1346 in
1019 1305 1147 1346 causam
1170 1299 1337 1348 attractum
1361 1285 1517 1366 judicium
1542 1285 1703 1348 universi·

435 1391 507 1452 tatia
529 1403 612 1453 terre
637 1391 801 1453 Fluminis
825 1391 857 1454 in
880 1391 971 1454 litera
994 1391 1053 1452 sub
1077 1390 1185 1473 sigillo
1210 1391 1354 1453 eiusdem
1385 1392 1627 1454 communitatis
1649 1411 1704 1474 per

435 1509 530 1559 testes
554 1497 585 1558 in
611 1497 723 1559 eadem
748 1497 839 1559 litera
856 1497 1059 1578 singulariter
1075 1497 1236 1578 adjuratos
1260 1511 1291 1559 et
1314 1499 1512 1560 examinatos
1530 1511 1704 1560 contentos

435 1606 580 1686 portabat
604 1619 635 1665 et
659 1605 819 1666 asserebat
854 1604 915 1664 sibi
940 1604 1045 1686 ipsum
1075 1603 1266 1666 Michaelem
1299 1617 1503 1686 prenotatum
1527 1603 1702 1686 pellificem

435 1709 467 1770 in
491 1710 586 1772 tantis
609 1724 705 1792 prout
728 1711 815 1792 prius
839 1729 1023 1792 expressum
1051 1723 1098 1772 est
1120 1707 1214 1793 (iore)
1246 1710 1425 1772 debitorem
1450 1729 1499 1789 eo,
1524 1709 1601 1791 quia
1628 1710 1696 1792 ipse

437 1815 598 1898 Georgius
621 1831 708 1878 actor
740 1817 901 1899 predictus
941 1829 1008 1878 erat
1039 1815 1206 1878 fideiussor
1238 1836 1296 1899 pro
1328 1817 1398 1899 ipso
1423 1817 1580 1878 Michaele
1606 1830 1643 1878 ut
1667 1817 1698 1878 in

434 1941 562 1984 causam
597 1935 764 1984 attractum
797 1923 830 1984 in
863 1972 870 1984 .
896 1969 902 1984 .
929 1969 936 1984 .
962 1968 969 1983 .
994 1941 1052 2004 pto
1089 1921 1230 2004 predicta
1261 1923 1437 2003 quantitate
1468 1921 1694 2004 pecuniarum,

433 2027 565 2110 ipseque
583 2029 720 2090 Michael
737 2027 817 2090 hanc
834 2027 987 2111 (causam)
1011 2028 1148 2090 omnino
1166 2029 1321 2109 negabat3
1338 2027 1455 2110 quibus
1471 2029 1630 2110 perceptis
1646 2027 1694 2108 ju·

432 2135 490 2196 rati
515 2133 665 2216 (eundem
691 2134 894 2216 Michaelem)
921 2135 1003 2196 trina
1028 2133 1097 2196 vi'ce
1129 2135 1416 2215 interrogaverunt,
1448 2148 1482 2196 ut
1505 2135 1530 2194 si
1556 2135 1624 2214 ipse
1654 2134 1694 2195 ad

539 2239 657 2301 dictam
690 2251 806 2302 terram
831 2240 989 2302 Fluminis
1013 2241 1064 2302 vel
1095 2240 1135 2300 ad
1168 2239 1329 2302 Bokarum
1360 2239 1412 2301 vel
1442 2239 1482 2301 ad
1514 2239 1695 2322 (Segniam)

432 2345 529 2407 vellet
553 2346 610 2425 ire,
643 2345 775 2428 ipseque
808 2345 946 2407 Michael
977 2359 1024 2408 ter
1055 2345 1253 2428 respondens
1285 2345 1457 2428 (negabat).
1491 2345 1641 2408 Tandem
1669 2361 1701 2406 et

436 2451 510 2514 ideo
535 2452 594 2534 ipsi
619 2452 712 2532 jurati
736 2452 846 2514 audito
863 2472 1016 2534 responso
1042 2452 1196 2534 (eiusdem
1220 2451 1396 2534 Michaelis)
1422 2451 1701 2533 adjudicaverunt,

436 2559 524 2639 quod
549 2558 653 2620 adhuc
677 2559 745 2642 ipse
771 2557 930 2640 Georgius
954 2557 1147 2640 (Thomasii)
1172 2579 1209 2620 ex
1230 2558 1429 2620 habundanti
1454 2557 1578 2638 justicia
1602 2577 1699 2640 supra

431 2665 532 2747 ipsam
550 2665 674 2727 literam
698 2663 822 2747 prefate
847 2711 855 2728 .
874 2714 881 2727 .
905 2678 987 2726 terre
1004 2664 1163 2725 Fluminis
1187 2662 1264 2726 feria
1284 2677 1370 2726 sexta
1388 2677 1459 2747 post
1476 2663 1592 2725 festum
1611 2665 1697 2725 beati

430 2771 561 2854 (Mathei
586 2770 739 2854 apostoli)
764 2786 795 2832 et
811 2771 1016 2852 ewangeliste
1040 2785 1172 2832 ventura
1189 2771 1290 2832 tercio
1314 2790 1347 2832 se
1364 2771 1580 2854 juramentum
1597 2789 1696 2852 super

433 2898 520 2939 aram
546 2878 644 2940 debet
669 2877 866 2960 (deponere),
895 2891 930 2939 ut
961 2878 1027 2958 ipse
1052 2875 1190 2938 Michael
1222 2877 1280 2938 sibi
1308 2877 1339 2938 in
1371 2877 1467 2938 tantis
1490 2889 1586 2958 prout
1610 2876 1700 2958 prius

435 3004 618 3066 expressum
643 2999 689 3047 est
711 2983 880 3066 (ducentis)
905 2998 936 3044 et
959 2983 1121 3062 sexaginta
1138 2981 1207 3044 flor.
1231 2983 1299 3044 auri
1324 2982 1501 3044 secundum
1527 2983 1698 3044 continen-

436 3091 516 3152 ciam
543 3091 642 3172 ipsius
676 3091 767 3152 litere
791 3090 884 3172 (terre
910 3088 1078 3170 Fluminis)
1109 3089 1288 3170 obligatur3
1313 3090 1352 3151 de
1377 3109 1442 3172 quo
1474 3089 1594 3171 judicio
1626 3089 1697 3170 ipse

434 3197 571 3259 Michael
596 3217 660 3259 non
686 3210 854 3258 contentus
882 3196 1034 3278 protraxit
1064 3214 1191 3256 causam
1216 3195 1260 3277 (in
1293 3195 1502 3278 presenciam)
1526 3195 1692 3256 seniorum

432 3303 587 3385 judicum.

536 3427 615 3489 Item
646 3426 723 3488 feria
755 3427 901 3508 sequenti
933 3427 1074 3488 seniores
1109 3427 1229 3506 judices
1259 3427 1415 3508 judicium
1452 3427 1630 3508 juratorum
1665 3427 1697 3487 in

431 3551 524 3594 causa
550 3533 632 3594 inter
658 3531 834 3613 Georgium
859 3531 962 3594 filium
987 3532 1170 3594 Thomassii
1203 3533 1243 3595 de
1267 3534 1372 3594 Vrbaz
1397 3547 1431 3595 ut
1458 3533 1642 3615 adve(nam)
1667 3547 1699 3593 et

431 3653 572 3700 actorem
596 3659 632 3702 ac
657 3639 845 3702 Michaelem
879 3637 1048 3720 pellificem
1076 3641 1243 3702 concivem
1276 3654 1421 3702 nostrum
1445 3655 1480 3702 ut
1507 3640 1538 3702 in
1564 3659 1694 3702 causam

430 3757 598 3806 attractum
622 3746 768 3826 superius
791 3745 976 3806 immediate
1001 3743 1118 3806 facturn
1137 3745 1367 3808 confirmarunt
1390 3747 1431 3807 ita
1457 3759 1580 3824 tamen,
1606 3747 1696 3828 quod

428 3851 453 3911 si
480 3851 583 3911 dictus
606 3849 765 3931 Georgius
787 3865 875 3912 actor
898 3865 929 3912 et
954 3851 1076 3912 advena
1109 3851 1324 3930 juramentum
1348 3853 1407 3913 sibi
1433 3854 1572 3915 terciose
1597 3872 1696 3934 super

429 3975 516 4017 aram
540 3955 756 4037 adjudicatum
783 3957 834 4018 die
859 3976 914 4037 per
947 3957 1031 4038 ipsos
1066 3957 1184 4036 juratos
1208 3957 1328 4040 prefixo
1360 3959 1521 4040 deponere
1547 3977 1610 4020 non
1637 3980 1693 4020 va·

427 4062 522 4124 luerit
546 4076 577 4123 et
600 4063 685 4143 ipsos
717 4063 934 4142 conjuratores
967 4064 1109 4126 invenire
1141 4065 1337 4146 nequiendo‚
1371 4079 1485 4127 extunc
1510 4065 1576 4146 ipse
1603 4063 1690 4127 idern

428 4167 588 4249 Georgius
612 4183 699 4229 actor
731 4169 858 4250 propria
893 4169 924 4228 in
958 4185 1164 4250 personanter
1195 4171 1246 4231 vel
1270 4171 1352 4232 trina
1383 4171 1452 4232 vice
1477 4189 1567 4232 more
1591 4169 1688 4230 solito

429 4273 533 4356 jurare
568 4295 624 4336 seu
656 4275 870 4355 juramentum
909 4275 1070 4357 deponere
1110 4278 1257 4354 debebit;
1299 4277 1338 4339 de
1371 4297 1436 4359 quo
1468 4277 1588 4358 judicio
1622 4276 1691 4358 ipse

428 4379 566 4442 Michael
598 4379 727 4462 pellifex
761 4382 791 4441 in
826 4401 954 4442 causam
985 4395 1134 4444 attractus
1169 4403 1232 4444 non
1274 4397 1442 4445 contentus
1473 4383 1627 4466 protraxit
1664 4396 1694 4444 et

428 4486 602 4568 appellavit
637 4506 764 4548 causam
801 4507 907 4548 coram
943 4487 1063 4568 judicio
1100 4491 1240 4570 magistri
1273 4490 1550 4568 thavernicorum,
1588 4489 1692 4550 cuius·

429 4592 561 4672 quidem
586 4593 727 4672 magistri
752 4592 928 4654 thavernici
954 4643 960 4655 .
987 4639 994 4655 .
1021 4643 1027 4668 ‚
1053 4594 1173 4673 judicio
1199 4597 1265 4676 ipse
1289 4610 1377 4677 parte
1402 4597 1564 4678 litigantes
1589 4614 1690 4677 nsque

428 4698 467 4758 ad
493 4697 681 4758 vicesimum
707 4699 855 4779 quintum
882 4698 992 4782 (diem)
1018 4700 1135 4762 debent
1160 4721 1355 4784 comparere.
