3852 5820
684 535 884 612 Ann01413.
910 568 949 580 —
976 549 1024 596 12.
1049 536 1129 595 maii.
1506 557 1526 619 7

365 743 443 805 ltem
476 745 673 806 Laurencius
705 757 816 807 contra
847 745 1050 808 Anthonium
1081 746 1243 808 literatum
1273 746 1378 829 primo
1412 747 1524 810 citatus

262 850 449 932 comparuit.

364 955 442 1018 Item
468 955 649 1039 Stephanus
679 957 764 1020 fllius
788 956 964 1041 Mychaelis
986 955 1187 1041 Ortophlych
1221 971 1331 1021 contra
1363 959 1521 1021 loannem

262 1057 363 1122 filium
394 1061 524 1124 Martini
548 1063 581 1124 in
613 1062 698 1126 facto
730 1063 911 1126 medietatis
941 1081 1048 1124 rerum
1080 1077 1112 1125 et
1143 1065 1314 1144 bonorum,
1339 1076 1374 1126 ut
1397 1063 1520 1143 debuit,

261 1185 354 1228 suum
378 1167 436 1230 rite
461 1168 611 1250 deposuit
635 1169 862 1251 juramentum.
1113 1165 1116 1170 ’

363 1273 440 1335 item
456 1275 595 1337 loannes
611 1273 732 1358 juratus
749 1274 832 1338 filius
849 1274 977 1337 Martini
995 1287 1026 1336 et
1042 1275 1223 1358 Stephanus
1240 1274 1325 1337 filius
1343 1274 1520 1358 Mychaelis

260 1377 461 1462 Ortophlych
478 1380 511 1440 in
535 1377 620 1442 facto
644 1381 860 1462 quorumdam
877 1379 1084 1442 denariorum
1100 1380 1140 1442 ad
1164 1381 1386 1443 testimonium
1403 1381 1443 1442 ad
1467 1400 1520 1443 oc-

257 1495 367 1545 tavum
379 1485 466 1547 diem
490 1505 523 1548 se
547 1487 765 1549 submiserunt
787 1489 957 1549 amborum
974 1486 1150 1567 voluntate,
1175 1487 1326 1550 videlicet
1349 1507 1444 1571 super
1461 1488 1519 1550 do·

258 1589 382 1651 minum
408 1591 585 1674 Symonem
608 1604 641 1654 et
663 1591 866 1676 Mychaelem
890 1591 1022 1673 judices.

363 1697 441 1760 ltem
466 1698 618 1762 Clemens
641 1712 730 1761 sutor
753 1711 862 1762 contra
887 1697 1091 1762 Clementem
1122 1698 1248 1762 fabrum
1272 1700 1379 1784 primo
1403 1701 1520 1764 citatus

258 1822 322 1864 non
349 1805 538 1887 comparuit.

362 1909 440 1972 Item
475 1909 627 1974 dominus
657 1911 811 1975 Nicolaus
840 1912 943 1996 Bolye
974 1925 1084 1974 contra
1117 1911 1237 1974 Mathei
1269 1911 1373 1994 primo
1406 1913 1520 1974 citatus

258 2035 322 2076 non
346 2017 536 2099 comparuit.

363 2120 441 2184 Item
466 2123 574 2185 relicta
608 2123 781 2206 Ozmonog
811 2135 920 2186 contra
954 2125 1082 2186 Petrum
1114 2137 1268 2186 sartorem
1292 2124 1397 2208 primo
1426 2124 1520 2187 citata

257 2245 321 2288 non
347 2229 537 2309 comparuit.

361 2333 441 2396 item
465 2335 617 2416 magister
642 2335 787 2398 Thomas
811 2336 881 2398 Isan
905 2349 1014 2398 contra
1039 2335 1248 2399 Valentinum
1272 2337 1377 2420 primo
1405 2337 1519 2400 citatus

256 2459 320 2502 non
345 2441 535 2523 comparuit.

360 2547 440 2608 Item
464 2545 557 2628 jurati
575 2547 757 2628 judicarunt
773 2568 901 2610 causam
922 2549 1006 2610 Petri
1025 2547 1140 2630 judicia
1161 2547 1218 2610 filii
1236 2549 1331 2628 Petri,
1355 2548 1431 2630 quia
1448 2549 1516 2630 ipse

257 2653 366 2714 Petrus
389 2651 485 2734 judex
509 2653 617 2716 literas
645 2673 751 2716 coram
784 2654 878 2717 nobis
908 2654 1149 2733 demonstravit,
1173 2655 1261 2737 quod
1293 2655 1428 2738 provida
1460 2655 1517 2717 do·

256 2759 341 2820 mina
366 2772 397 2820 et
420 2759 540 2821 nobilis
564 2758 741 2842 Elyzabeth
766 2773 889 2839 vocata,
912 2759 976 2822 filia
998 2759 1136 2823 condam
1160 2761 1302 2843 magistri
1327 2761 1453 2824 Nicolai
1477 2761 1517 2824 de

257 2865 422 2942 Monozlo‚
446 2864 556 2926 relicta
581 2865 710 2927 alterius
734 2865 860 2928 Nicolai
885 2865 943 2928 filii
975 2865 1160 2945 Alexandri,
1180 2867 1241 2928 sibi
1265 2868 1428 2948 sexaginta
1452 2880 1516 2929 tres

255 2972 357 3032 trabes
381 2971 467 3032 iuxta
493 2971 629 3033 eandem
654 2971 778 3034 literam
804 2971 879 3033 dare
903 2984 1075 3052 teneretur,
1103 2993 1161 3054 pro
1186 2992 1224 3033 eo
1249 2972 1355 3035 eidem
1380 2973 1512 3034 domine

256 3076 569 3158 quintumdecimum
594 3076 680 3138 diem
705 3078 745 3140 ad
776 3077 1027 3160 persolvendum
1052 3097 1110 3160 pro
1140 3079 1279 3140 termino
1304 3079 1515 3159 assignarunt.

358 3183 437 3244 item
461 3182 614 3244 Nicolaus
638 3183 754 3266 Ztrych
779 3197 888 3246 contra
913 3185 1102 3246 Ladkonem
1132 3196 1246 3246 octavo
1270 3183 1323 3244 die
1345 3202 1441 3265 super
1465 3204 1515 3264 eo,

256 3287 342 3370 quod
367 3289 433 3370 ipse
459 3289 591 3351 Laadko
608 3289 640 3351 in
658 3289 787 3371 triginta
810 3303 932 3371 septem
958 3289 1087 3352 florenis
1102 3290 1171 3352 auri
1195 3308 1260 3351 non
1278 3301 1440 3352 teneretur
1457 3310 1516 3352 nec

255 3394 380 3456 debitor
404 3407 495 3474 esset,
519 3393 734 3476 juramentum
752 3409 893 3478 prestare
916 3396 1077 3458 tenebitur
1092 3396 1160 3458 sola
1184 3415 1240 3457 sua
1264 3396 1297 3457 in
1322 3415 1468 3478 persona.

359 3501 437 3563 ltem
463 3501 603 3562 loannes
626 3500 748 3582 juratus
780 3500 865 3563 filius
893 3502 1021 3563 Martini
1053 3515 1163 3564 contra
1188 3499 1387 3584 Stephanum
1412 3499 1514 3562 fllium

254 3606 429 3690 Mychaelis
447 3605 648 3690 Ortophlych
666 3627 820 3690 supereo,
839 3621 994 3689 quantum
1009 3627 1104 3690 super
1120 3627 1194 3669 eum
1209 3607 1241 3668 in
1259 3606 1358 3669 domo
1377 3607 1517 3669 eundern

252 3714 470 3774 conservando
495 3713 652 3796 exposuit,
669 3713 884 3795 juramentum
909 3727 1022 3776 octavo
1039 3715 1092 3776 die
1109 3728 1249 3796 prestare
1272 3714 1434 3776 tenebitur
1449 3713 1517 3776 sola

253 3839 285 3879 rn
333 3838 456 3882 ersona.

309 3839 330 3900 p
358 3907 436 3970 item
470 3907 545 3989 quia
576 3907 713 3990 provida
745 3907 877 3970 domina
909 3913 1014 3988 Anna,
1048 3906 1139 3992 Dyka
1171 3907 1364 3990 pronomine
1395 3920 1517 3988 vocata,

252 4027 360 4074 contra
386 4013 551 4075 dominam
577 4013 775 4076 Dorotheam
799 4014 943 4076 relictam
962 4015 1125 4078 Valentini
1152 4015 1252 4076 Yliasi
1277 4013 1309 4076 in
1334 4013 1417 4076 facto
1442 4027 1515 4076 octo

253 4117 447 4181 florenorum
472 4139 567 4182 suum
592 4133 627 4182 ut
650 4119 763 4182 debuit
786 4119 936 4201 deposuit
959 4119 1185 4200 juramentum,
1224 4139 1282 4202 pro
1307 4138 1346 4181 eo
1378 4111 1514 4182 eandem

253 4223 419 4286 dominam
443 4229 571 4286 Annam
597 4225 819 4287 commisimus
843 4223 912 4287 lore
937 4223 1128 4308 expeditam]

359 4331 437 4393 ltem
462 4332 537 4413 quia
563 4331 646 4394 dicta
671 4332 802 4394 domina
827 4335 921 4394 Anna
939 4345 1048 4394 contra
1073 4331 1328 4394 commissarium
1354 4330 1514 4415 Radyuoy

252 4434 284 4495 in
309 4434 392 4498 lacto
416 4436 527 4498 decem
552 4436 749 4498 florenorum
768 4435 879 4498 ‚minus
903 4455 966 4498 una
991 4449 1113 4519 quarta,
1141 4456 1235 4498 suum
1259 4437 1318 4500 rite
1343 4450 1378 4498 ut
1402 4436 1514 4499 debuit

252 4540 400 4624 deposuit
424 4541 650 4622 juramentum,
675 4561 733 4624 pro
758 4561 796 4603 eo
821 4541 960 4604 eandem
983 4543 1204 4604 commisimus
1228 4539 1296 4604 fore
1321 4541 1514 4623 expeditam.

251 4722 347 4797 Feria
375 4733 473 4798 sexta
502 4729 656 4816 proxima
684 4733 760 4816 post
797 4726 921 4798 testum
948 4724 1163 4816 Aparicionis
1201 4725 1291 4798 beati
1322 4724 1514 4815 Mychaelis.

790 4855 854 4920 (ει.
877 4843 972 4920 maia).

356 4947 435 5009 Item
460 4945 580 5010 Mathei
604 4947 790 5009 tributarius
820 4961 931 5010 contra
963 4946 1166 5011 Anthonium
1199 4947 1434 5032 carpentarium
1465 4965 1513 5010 se·

254 5053 358 5116 cundo
383 5053 496 5118 citatus
520 5073 585 5116 non
617 5054 806 5139 comparuit.
