3876 5798
665 555 752 611 Anno
775 568 870 631 1442.
896 588 936 596 —
960 568 1011 614 22.
1028 555 1120 630 junii.
1467 558 1525 638 365

261 763 396 826 civitatis
428 765 570 847 predicte
603 765 820 847 privilegiales
854 785 912 847 pro
945 779 1033 846 parte
1066 766 1166 848 ipsius
1202 767 1338 828 condam
1372 767 1527 830 Anthonii

261 872 422 953 arcuparis
447 891 543 953 super
568 871 680 932 eadem
706 872 805 932 domo
831 891 887 932 sua
915 871 1022 952 lignea
1054 871 1253 953 infrascripta
1279 873 1358 934 olim
1383 872 1527 936 conlecta

260 991 291 1038 et
315 991 462 1040 emanata
490 978 522 1038 in
548 977 692 1059 predicto
710 977 894 1038 exercituali
919 989 1064 1059 tempore
1082 977 1197 1038 amisse
1222 991 1253 1038 et
1271 977 1438 1061 deperdite
1455 995 1528 1041 sunt

267 1103 302 1142 ex
328 1103 345 1144 a
370 1098 467 1162 certo,
492 1097 588 1166 prout
621 1083 704 1144 idem
738 1084 890 1145 dominus
922 1083 1084 1146 lohannes
1116 1086 1271 1166 presbiter
1302 1086 1396 1146 nobis
1420 1087 1529 1150 retulit

264 1187 438 1271 fidedigne,
464 1191 643 1271 aedemque
667 1190 758 1251 litere
783 1203 890 1252 nostre
915 1209 971 1251 seu
988 1190 1123 1251 civitatis
1147 1190 1288 1272 predicte
1312 1192 1528 1274 privilegiales

261 1296 300 1356 ad
334 1297 451 1358 trinam
483 1294 643 1358 forensem
676 1296 837 1378 publicam
870 1296 1163 1378 proclamacionem
1196 1317 1233 1356 ex
1266 1297 1395 1360 instanti
1428 1299 1527 1381 ipsius

261 1401 386 1463 domini
412 1403 566 1464 Johannis
591 1403 752 1485 peticione
780 1421 870 1464 more
904 1402 1000 1463 solito
1025 1421 1081 1482 per
1104 1400 1258 1464 officiales
1290 1417 1416 1466 nostros
1447 1405 1528 1466 inter

263 1527 321 1568 nos
346 1505 473 1588 factam,
497 1527 703 1590 nequaquam
733 1508 868 1570 inveniri
894 1520 1068 1589 potuerunt
1103 1507 1281 1589 hucusque,
1306 1508 1445 1591 ideoque
1469 1529 1528 1572 nos

262 1613 439 1696 predictam
464 1615 597 1676 domurn
622 1615 763 1695 ligneam
788 1613 888 1696 ipsius
904 1613 1041 1674 condam
1067 1613 1223 1674 Anthonii
1241 1615 1414 1696 arcuparis,
1431 1616 1527 1678 simul

261 1739 334 1781 cum
359 1719 461 1782 fundo
486 1733 517 1783 et
540 1721 672 1783 cellario
696 1721 904 1782 subterraneo
928 1739 965 1782 ac
988 1717 1145 1780 hedificiis
1168 1720 1200 1780 in
1230 1719 1302 1781 vico
1326 1720 1426 1803 ipsius
1451 1722 1526 1783 civi-

260 1827 333 1888 tatis
357 1828 507 1890 exteriori
531 1847 586 1890 seu
612 1828 717 1910 platea
737 1826 970 1889 theuthonicali
989 1826 1070 1887 inter
1094 1825 1220 1904 domos,
1239 1825 1358 1888 fundos
1383 1840 1412 1889 et
1436 1827 1526 1889 hedi·

262 1932 332 1994 ficia
359 1934 514 1996 lobannis
538 1933 684 2016 pellificis
708 1935 799 1994 aliter
824 1932 916 2016 Gyan
949 1932 1052 1994 vocati
1078 1933 1117 1992 ab
1143 1951 1206 1993 una
1240 1945 1340 2014 parte,
1364 1934 1404 1994 ab
1428 1934 1527 1996 altera

261 2059 336 2102 vero
361 2041 538 2104 liberorum
561 2061 618 2103 seu
635 2060 853 2103 successorum
872 2043 1008 2101 condam
1028 2038 1160 2119 Georgii
1178 2038 1373 2101 balneatoris
1389 2053 1419 2101 et
1437 2041 1526 2102 Pauli

260 2147 422 2229 arcuparis
445 2147 587 2209 habitam
605 2161 636 2208 et
659 2146 857 2225 existentem,
874 2145 1013 2208 mediam
1038 2145 1157 2206 curiam
1183 2145 1215 2206 in
1234 2165 1266 2205 se
1293 2147 1525 2225 continentem,

261 2253 364 2335 ipsum
390 2254 592 2315 Anthonium
621 2273 806 2336 arcuparem
839 2252 972 2333 juridice
1005 2265 1035 2312 et
1059 2251 1233 2313 literatorie
1267 2266 1526 2332 concernentem,

262 2360 359 2420 simul
384 2380 456 2421 cum
482 2361 633 2422 omnibus
658 2359 802 2421 eiusdem
827 2359 953 2437 domus,
978 2357 1080 2435 fundi,
1104 2358 1224 2419 cellarii
1248 2373 1279 2420 et
1303 2357 1526 2420 hedificiorum

261 2466 368 2526 medie
394 2467 480 2528 curie
506 2466 697 2528 utilitatibus
721 2479 751 2527 et
775 2465 981 2549 pertinenciis
1005 2465 1161 2526 universis
1188 2467 1247 2527 sub
1272 2466 1341 2527 eius
1364 2467 1526 2548 prioribus

260 2572 341 2633 veris
366 2586 397 2634 et
420 2573 561 2654 antiquis
593 2573 696 2652 metis,
720 2587 816 2655 prout
844 2571 956 2634 eadem
989 2571 1105 2632 domus
1133 2571 1239 2651 lignea
1271 2591 1345 2632 cum
1376 2571 1527 2654 predictis

261 2677 361 2742 fundo
387 2693 417 2742 et
441 2680 573 2741 cellario
597 2681 806 2741 subterraneo
838 2699 875 2739 ac
898 2677 1016 2759 (h)0rt0
1041 2691 1071 2738 et
1102 2675 1259 2738 hedificiis
1284 2697 1340 2759 per
1364 2676 1524 2759 prefatum

261 2786 462 2847 Anthonium
487 2805 672 2868 arcuparem
698 2799 783 2846 tenta
808 2784 868 2846 tuit
900 2799 931 2845 et
954 2803 1108 2865 possessa,
1141 2783 1288 2862 predicto
1313 2783 1447 2845 domino
1473 2784 1525 2844 Jo-

259 2891 358 2952 hanni
384 2893 560 2974 presbitero
591 2893 721 2974 plenam
752 2891 915 2953 vendendi
948 2901 978 2951 et
1009 2889 1108 2951 modo
1140 2889 1296 2970 premisso
1329 2889 1524 2971 disponendi

259 2999 465 3060 attribuimus
489 2997 685 3062 facultatem.

296 3198 391 3271 laria
420 3207 518 3272 sexta
547 3203 700 3290 proxima
729 3207 807 3271 ante
835 3201 958 3271 testum
989 3200 1188 3272 Natiuitatis
1217 3200 1307 3270 beati
1335 3198 1499 3288 Johannis

808 3325 969 3413 Baptiste.

797 3497 861 3568 (22.
879 3497 984 3572 junii).

367 3637 444 3698 ltem
471 3637 608 3698 lacobus
631 3636 751 3718 juratus
782 3635 867 3697 filius
890 3635 973 3697 Petri
1000 3635 1122 3717 Saphar
1146 3647 1255 3695 contra
1280 3633 1450 3694 Nicolaum
1476 3631 1523 3710 ju-

260 3743 364 3804 dicem
390 3744 494 3825 primo
519 3744 633 3805 citatus
661 3763 725 3804 non
751 3743 940 3825 comparuit.

364 3850 441 3912 ltem
467 3851 558 3911 Vitus
582 3847 721 3910 carnifex
745 3848 829 3910 filius
853 3847 1057 3910 Biherwarad
1082 3862 1193 3910 contra
1217 3846 1353 3908 Elenam
1379 3844 1521 3906 relictam

260 3956 392 4038 Georgii
417 3957 576 4018 Wrabecz
600 3957 705 4039 primo
729 3957 842 4018 citatus
867 3976 933 4017 non
958 3956 1147 4037 comparuit.

366 4064 443 4125 ltem
467 4064 653 4125 Franciscus
677 4061 817 4144 frenipar
840 4061 924 4123 filius
942 4061 1070 4144 Mathye
1095 4074 1204 4122 contra
1230 4057 1394 4150 Mathyam
1420 4055 1523 4118 filium

260 4169 414 4232 Johannis
440 4169 629 4232 Teschebek
653 4183 793 4230 sutorem
819 4168 923 4250 primo
947 4167 1060 4229 citatus
1083 4186 1147 4228 non
1180 4164 1371 4247 comparuit.

365 4277 444 4339 ltem
470 4277 630 4357 Georgius
654 4275 815 4356 cirologus
846 4273 978 4336 maritus
1010 4273 1140 4335 domine
1166 4277 1294 4355 Agycze
1319 4282 1428 4330 contra
1454 4288 1521 4329 ma·

258 4383 392 4463 gistrum
418 4383 582 4446 Mutheum
608 4383 769 4444 notarium
794 4395 938 4442 nostrum
964 4381 997 4442 in
1022 4385 1105 4443 lacto
1130 4378 1278 4462 vituperii
1304 4389 1334 4439 et
1358 4376 1519 4438 minarum

260 4489 372 4550 mortis
395 4490 500 4571 primo
524 4489 637 4550 citatus
662 4507 727 4550 non
752 4487 943 4569 comparuit.

367 4595 444 4656 ltem
469 4595 600 4656 domina
619 4598 747 4677 Agycza
765 4593 906 4676 predicta
925 4593 956 4654 in
976 4591 1059 4655 facto
1082 4591 1361 4653 dehonestacionis
1386 4604 1417 4652 et
1440 4591 1522 4652 vitu·

259 4702 339 4781 perii
364 4701 520 4764 consortis
545 4701 644 4783 ipsius
669 4701 811 4782 magistri
837 4698 957 4761 Mathei
987 4698 1092 4780 primo
1124 4697 1217 4758 citata
1242 4717 1307 4758 non
1332 4696 1522 4778 comparuit.

366 4807 443 4869 ltem
468 4828 505 4870 ex
530 4807 772 4888 adjudicatione
797 4805 974 4888 juratorum
1002 4804 1147 4886 Mathyas
1170 4815 1270 4882 sutor,
1293 4803 1428 4864 servitor
1446 4821 1521 4862 con-

260 4912 334 4974 dam
357 4913 482 4976 Nicolai
509 4912 614 4995 jurati,
638 4933 738 4996 penes
769 4911 935 4993 sanguinis
966 4910 1155 4972 effusionem
1181 4921 1211 4970 et
1243 4909 1404 4972 cicatrices
1428 4927 1523 4990 super

260 5019 398 5080 eundem
425 5019 589 5102 Matbyam
613 5039 670 5102 per
694 5019 857 5081 Andream
891 5031 922 5078 et
946 5017 1110 5078 Thomarn
1142 5036 1251 5077 servos
1275 5016 1374 5097 ipsius
1398 5015 1522 5077 Nicolai
