3678 5800
584 584 674 645 Anno
696 598 787 665 1435.
812 621 853 631 -
877 597 926 664 27.
950 586 1036 650 maii.
1366 605 1430 668 229

167 797 340 859 dimisisset
364 796 432 878 jure
456 797 644 881 perhennali
668 797 878 881 possidendas
902 810 933 861 et
961 798 1269 883 quomodocumque
1293 801 1432 864 voluerit

169 903 405 986 disponendas;
428 916 459 966 et
483 904 559 988 quia
583 904 632 966 vir
654 905 808 988 providus
833 917 863 968 et
879 905 1033 968 honestus
1049 905 1194 968 Thomas
1216 905 1301 969 filius
1317 906 1431 989 prefati

167 1009 285 1088 Chooi‚
309 1009 431 1091 juratus
457 1023 565 1073 noster
588 1009 773 1092 modernus,
797 1012 940 1093 predicte
968 1011 1127 1093 legacioni
1151 1013 1297 1075 eiusdem
1322 1013 1430 1076 Choni

167 1115 282 1198 judicis
306 1117 404 1199 patris
438 1117 486 1179 sui
518 1137 611 1179 suurn
645 1117 832 1181 benivolum
869 1137 1060 1180 consensum
1092 1117 1221 1200 prebuit
1252 1119 1369 1202 pariter
1400 1132 1431 1181 et

166 1241 343 1302 assensum,
367 1223 507 1306 ideoque
531 1243 590 1286 nos
607 1223 764 1306 predictas
788 1224 952 1286 universas
967 1224 1184 1307 possessiones
1208 1237 1239 1288 et
1262 1225 1431 1307 porciones

166 1329 434 1410 possessionarias
457 1328 571 1412 prelati
596 1327 703 1393 Choni
727 1329 842 1412 judicis
877 1329 937 1392 sibi
965 1350 1021 1413 per
1044 1329 1224 1412 predictum
1250 1329 1430 1394 lohannem

168 1437 258 1497 Bozo
276 1434 386 1512 vlilium
404 1433 558 1519 Stephani
575 1436 695 1518 legatas
718 1449 754 1498 ut
769 1434 937 1519 prefertur,
961 1455 1033 1499 cum
1050 1435 1212 1520 premissis
1229 1437 1350 1500 cunctis
1366 1437 1431 1500 suis

168 1541 373 1620 utilitatibus,
398 1541 531 1622 juribus,
554 1543 665 1604 usibus
688 1555 720 1606 et
750 1543 955 1626 pertinenciis
985 1543 1142 1606 universis
1164 1557 1344 1606 memorato
1368 1545 1431 1608 Ra-

167 1647 276 1732 phaeli
309 1647 376 1710 filio
408 1630 508 1732 ipsius
537 1648 692 1712 lohannis
722 1649 837 1732 judicis
875 1650 951 1712 dicti
983 1649 1073 1712 Bozo
1105 1669 1141 1712 ac
1173 1669 1231 1732 per
1261 1669 1335 1712 eum
1366 1650 1431 1712 suis

169 1756 343 1818 heredibus
370 1757 539 1818 statuimus
570 1769 601 1820 et
632 1757 852 1820 commisimus
881 1776 919 1818 ex
950 1757 1111 1840 premissis
1142 1770 1299 1840 perpetuo
1330 1758 1430 1840 possi-

170 1861 293 1926 dendas
316 1876 348 1926 et
371 1862 680 1945 quomodocumque
697 1864 835 1926 voluerit
851 1855 1069 1946 disponendas
1091 1862 1178 1945 juxta
1202 1861 1430 1926 condicionem

166 1968 304 2031 civitatis
326 1983 493 2051 prenotate
517 1970 557 2031 ab
580 1969 714 2052 antiquo
746 1970 969 2054 approbatam,
1000 1969 1129 2032 nemine
1151 1969 1282 2052 penitus
1306 1981 1429 2032 contra·

167 2074 290 2137 dicture
314 2088 497 2157 apparente.
657 2053 661 2064 ⁸

275 2181 354 2243 ltem
378 2201 472 2244 causa
497 2181 579 2244 inter
595 2181 761 2264 Matbyem
778 2181 960 2245 carnificem
977 2181 1079 2245 lilium
1097 2181 1252 2245 lobannis
1275 2193 1307 2245 et
1329 2181 1430 2244 Vrba-

166 2306 244 2348 num
270 2286 380 2371 Rosyn
405 2288 445 2349 ad
469 2287 610 2370 primum
634 2287 789 2371 judicium
812 2287 853 2350 ad
880 2307 992 2371 pacem
1016 2301 1063 2351 est
1086 2301 1223 2372 recepta.

274 2393 352 2455 Item
381 2393 457 2476 quia
482 2393 656 2456 Katherina
679 2394 771 2457 aliter
794 2395 907 2457 Kauka
938 2409 1062 2476 vocata,
1086 2393 1150 2458 lilia
1175 2394 1312 2457 condam
1338 2393 1429 2456 Pauli

166 2499 242 2562 dicti
260 2500 406 2582 Bogdan,
423 2519 509 2563 nunc
525 2519 657 2563 consors
673 2499 829 2582 legittima
845 2502 905 2564 riri
921 2502 1048 2584 providi
1065 2501 1193 2564 Thome
1225 2500 1301 2563 dicti
1320 2500 1430 2562 llrana

166 2607 284 2668 sutoris
315 2621 346 2669 et
367 2607 513 2670 Andreas
544 2627 579 2670 ac
611 2607 763 2670 Nicolaus
787 2607 844 2670 filii
876 2606 989 2691 prelati
1022 2607 1112 2670 Pauli
1148 2607 1281 2689 bogdan
1315 2607 1347 2668 id
1372 2625 1430 2668 no·

166 2726 264 2775 stram
290 2714 454 2776 venientes
477 2715 510 2776 in
534 2713 732 2797 presenciam
767 2713 946 2795 significare
978 2725 1140 2794 curarunt,
1175 2711 1343 2796 quomodo
1367 2711 1430 2774 De·

167 2819 302 2881 merrius
325 2818 410 2882 filius
438 2819 560 2903 prefate
593 2819 705 2882 Kauke
736 2819 891 2899 mulieris,
924 2841 962 2883 ex
987 2819 1100 2882 eadem
1135 2832 1166 2882 et
1190 2819 1283 2882 Petro
1308 2818 1429 2880 cultore

165 2925 272 3009 primo
297 2927 412 2988 marito
430 2927 529 3008 ipsius
547 2926 660 2989 Kauke
685 2927 829 2988 mulieris
845 2926 1002 3009 legittime
1027 2925 1259 3009 progenitus,a
1282 2925 1430 3009 pluribus

165 3033 231 3114 jam
256 3034 421 3096 retroactis
444 3034 645 3116 temporibus
669 3033 701 3095 in
725 3033 869 3115 partibus
908 3033 1022 3096 alienis
1045 3033 1193 3096 existeret
1216 3045 1248 3096 et
1272 3032 1430 3094 nescietur

167 3153 277 3202 utrum
303 3139 411 3202 vivere
428 3141 479 3202 vel
504 3141 585 3202 mori
614 3140 843 3220 dinosceretur,
860 3141 916 3222 qui
933 3140 1041 3222 itaque
1059 3139 1242 3202 Demetrius
1266 3137 1429 3221 quandam

166 3245 359 3330 particulam
383 3262 464 3308 terre
495 3245 623 3309 arabilis
655 3247 688 3308 in
718 3266 832 3330 campo
865 3261 896 3308 et
927 3247 1087 3308 territorio
1119 3245 1255 3308 civitatis
1287 3244 1428 3332 predicte

165 3353 342 3416 literatorie
366 3353 529 3435 possidere
554 3353 779 3416 dinoscebatur
803 3373 841 3416 ex
866 3367 972 3416 acerto
996 3365 1092 3435 prout
1114 3352 1147 3414 in
1172 3349 1312 3434 quadam
1336 3350 1428 3412 litera

169 3459 308 3520 civitatis
332 3459 472 3541 predicte
497 3479 554 3542 pro
579 3473 667 3543 parte
700 3460 798 3542 ipsius
829 3459 983 3522 Demetrii
1015 3457 1186 3542 superinde
1218 3456 1363 3520 conlecta
1396 3457 1427 3518 id

169 3584 317 3647 expresse
341 3564 482 3626 vidimus
505 3565 680 3642 contineri;
704 3579 735 3628 et
758 3566 834 3648 quia
853 3565 975 3649 prelata
999 3565 1173 3629 Katherina
1198 3564 1290 3626 aliter
1315 3565 1428 3627 Kauka

167 3685 292 3750 vocata,
316 3671 432 3733 mulier
464 3671 496 3733 id
529 3671 629 3734 eciam
661 3672 755 3735 nobis
784 3670 962 3753 significare
994 3671 1126 3752 curavit,
1158 3685 1193 3732 ut
1227 3671 1294 3754 ipsa
1328 3669 1428 3732 nimia

166 3791 353 3861 paupertate
377 3791 408 3840 et
432 3791 571 3860 egestate
595 3779 828 3860 opprimeretur
852 3791 883 3839 et
916 3797 981 3840 non
1006 3778 1137 3840 haberet
1168 3775 1254 3839 unde
1278 3777 1339 3839 sibi
1363 3775 1428 3858 jam

166 3885 196 3946 in
222 3896 379 3947 vetustate
410 3885 512 3966 posite
544 3884 665 3946 victum
696 3883 872 3966 acquirere,
904 3896 935 3946 et
966 3884 1041 3966 quia
1075 3881 1187 3966 prelati
1220 3881 1365 3945 Andreas
1397 3896 1428 3945 et

165 3991 320 4053 Nicolaus
344 3991 495 4052 avunculi
520 3990 619 4074 ipsius
636 3990 789 4054 Demetrii
815 3989 846 4052 id
872 4009 980 4052 coram
999 3989 1092 4052 nobis
1115 4002 1291 4072 spontanea
1315 4009 1428 4052 eorum

164 4095 331 4158 voluntate
355 4097 572 4174 assumebant,
597 4109 630 4158 ut
654 4096 678 4157 si
711 4115 876 4178 quoquam
908 4095 1063 4178 temporis
1096 4094 1193 4157 futuri
1218 4095 1251 4157 in
1276 4115 1427 4178 processu

163 4200 309 4285 prelatus
334 4201 515 4264 Demetrius
530 4201 616 4264 lilius
640 4202 723 4265 dicte
740 4201 914 4265 Katherine
931 4203 1049 4264 sororis
1073 4221 1185 4264 eorum
1209 4201 1271 4263 huc
1294 4199 1427 4263 adcivi-

163 4321 263 4371 tatem
288 4309 464 4390 predictam
488 4321 543 4370 aut
567 4309 648 4370 inter
672 4328 730 4371 nos
753 4309 844 4370 vivus
868 4309 1033 4370 advenerit
1057 4322 1087 4369 et
1104 4307 1222 4369 dictam
1246 4325 1337 4367 suam
1354 4325 1427 4388 por-

163 4415 291 4478 cionem
315 4427 397 4477 terre
422 4415 572 4476 rehabere
596 4415 745 4494 voluerit,
769 4427 884 4477 extunc
909 4413 1021 4496 prelati
1047 4413 1191 4476 Andreas
1218 4425 1248 4474 et
1272 4411 1426 4474 Nicolaus

163 4521 316 4584 avunculi
339 4521 439 4602 ipsius
459 4521 625 4600 Demetrii,
650 4519 756 4584 eidem
778 4541 837 4604 pro
854 4520 975 4604 prelata
998 4520 1151 4602 porcione
1175 4532 1258 4582 terre
1282 4516 1425 4580 satisfac·

163 4629 290 4690 cionem
315 4625 527 4689 sufficientem
551 4625 726 4709 inpendere
756 4627 968 4704 tenebuntur,
1001 4627 1043 4688 ob
1068 4625 1130 4687 hoc
1161 4624 1269 4706 itaque
1294 4644 1354 4686 nos
1378 4625 1426 4684 in-

163 4733 356 4795 stantissime
380 4733 477 4794 iidem
504 4732 679 4795 Katherine
702 4732 766 4795 lilia
784 4746 814 4794 et
832 4732 975 4794 Andreas
998 4752 1034 4794 ac
1050 4731 1203 4794 Nicolaus
1228 4729 1284 4792 lilii
1308 4729 1423 4811 prefati

164 4839 255 4901 Pauli
281 4858 340 4900 nos
363 4839 587 4901 instantissime
611 4859 706 4922 super
731 4858 769 4900 eo
793 4837 1005 4921 postularunt,
1038 4853 1071 4899 ut
1095 4837 1273 4920 predictam
1298 4837 1426 4918 porcio·

165 4965 238 5008 nem
252 4957 346 5023 terre,
364 4945 550 5026 porcionem
565 4944 714 5007 videlicet
731 4944 829 5026 ipsius
843 4945 1007 5017 Demetrii,
1025 4943 1145 5006 eisdem
1164 4941 1324 5005 vendendi
1338 4941 1424 5003 attri-

165 5055 302 5116 buamus
325 5051 459 5116 liberam
484 5049 677 5131 facultatem,
702 5064 733 5114 et
750 5051 823 5114 ideo
848 5069 907 5113 nos
929 5050 1112 5113 racionibus
1128 5063 1158 5111 et
1175 5049 1277 5112 causis
1301 5068 1338 5109 ex
1355 5067 1425 5132 pre·
