3876 5798
651 601 737 658 Anno
759 613 850 678 1445.
877 635 916 645 -
941 612 990 678 27.
1006 601 1093 678 julii.
1435 622 1497 682 421

239 814 306 894 ipse
336 811 513 893 Gregorius
536 831 594 896 pro
619 811 689 893 ipso
713 813 796 874 bove
820 832 879 874 suo
914 813 993 875 dum
1016 833 1090 875 eum
1116 815 1323 896 comparavit,
1348 813 1447 894 dedit,
1470 827 1503 876 et

238 918 399 1000 predictos
423 918 585 1000 sexaginta
606 918 755 980 denarios
779 938 837 1000 pro
869 919 987 1001 quibus
1017 920 1085 1002 ipsa
1108 920 1212 982 viacio
1244 920 1321 982 dicti
1353 918 1502 1003 Gregorii

239 1023 299 1086 luit
323 1025 477 1103 estimata,
503 1025 563 1107 ipsi
589 1023 747 1106 Gregorio
771 1025 952 1107 persolvere
977 1027 1125 1104 debebit;
1150 1026 1190 1088 de
1207 1045 1272 1108 quo
1289 1027 1409 1108 judicio
1433 1027 1502 1109 ipsa

238 1131 369 1192 domina
395 1131 569 1194 Katherina
593 1151 659 1194 non
683 1145 844 1211 contenta,
868 1133 1043 1215 appellavit
1068 1133 1153 1194 idem
1178 1132 1334 1214 judicium
1358 1133 1500 1216 ipsorum

237 1237 402 1299 seniorum
426 1235 568 1318 judicum
594 1239 627 1299 in
650 1237 848 1319 presenciam
873 1238 997 1300 domini
1022 1238 1119 1302 Vlrici
1144 1239 1270 1301 comitis
1294 1253 1352 1300 etc.
1377 1238 1501 1300 domini

239 1344 338 1406 nostri
363 1343 500 1426 graciosi
524 1364 582 1427 pro
607 1343 695 1406 finali
720 1345 819 1428 ipsius
843 1365 936 1407 cause
961 1345 1208 1408 deliberacione.

275 1561 372 1638 Feria
401 1569 508 1638 tercia
536 1568 691 1655 proxima
719 1575 796 1654 post
823 1565 947 1638 festum
974 1567 1071 1638 beate
1099 1566 1191 1638 Anne
1219 1567 1341 1636 matris
1369 1565 1466 1637 beate

646 1709 777 1779 semper
804 1691 946 1779 virginis
976 1690 1091 1760 llarle.

776 1841 840 1922 (η.
856 1840 957 1923 suro·

344 1983 421 2045 ltem
453 2003 525 2045 curn
551 1984 599 2044 vir
623 1983 777 2065 providus
801 1997 832 2045 et
856 1982 1008 2045 honestus
1033 1982 1157 2045 Blasius
1188 1983 1273 2045 filius
1297 1983 1427 2046 Thome
1451 1983 1499 2066 ju·

237 2103 323 2151 ratus
348 2103 454 2152 noster
479 2089 653 2152 modernus
678 2103 773 2171 atque
798 2089 939 2152 concivis
956 2090 1140 2172 nuperrime
1165 2089 1320 2171 quasdam
1343 2091 1501 2152 staciones

237 2211 268 2258 et
292 2195 426 2258 domum
450 2210 607 2258 muratam
626 2217 661 2258 ac
679 2195 797 2258 fundos
814 2196 932 2258 nobilis
949 2195 1079 2258 domine
1097 2195 1260 2257 Dorothee
1277 2195 1342 2258 filie
1359 2195 1499 2258 condam

238 2303 344 2364 Choni
363 2301 478 2384 judicis
501 2321 586 2364 nunc
603 2303 759 2364 consortis
779 2302 936 2384 legittime
954 2301 1072 2363 nobilis
1089 2315 1120 2363 et
1136 2301 1263 2364 honesti
1288 2303 1349 2362 viri
1368 2300 1500 2382 Georgii

238 2409 346 2492 Oxlyn
372 2409 411 2471 de
437 2409 528 2492 Rayn
554 2409 585 2470 in
611 2409 694 2472 dicta
711 2409 839 2472 civitate
864 2409 945 2470 inter
966 2409 1101 2471 domum
1126 2423 1283 2470 muratam
1308 2422 1339 2471 et
1363 2407 1500 2470 fundum

240 2515 372 2597 Georgii
396 2529 426 2577 et
451 2515 627 2598 Lodowyci
652 2515 791 2577 filiorum
816 2535 852 2576 ac
869 2514 1032 2577 Dorothee
1056 2513 1122 2577 filie
1146 2516 1283 2577 condam
1308 2514 1437 2578 Thome
1453 2515 1500 2598 ju-

238 2621 296 2683 rati
321 2621 378 2683 lilii
403 2620 515 2704 prelati
541 2621 648 2683 Choni
679 2621 804 2702 judicis,
837 2619 940 2684 fratris
971 2641 1047 2683 vero
1079 2621 1214 2683 carnalis
1246 2621 1344 2704 ipsius
1368 2621 1500 2684 domine

237 2727 400 2789 Dorothee
425 2727 532 2789 uxoris
556 2727 711 2808 legittime
736 2727 812 2790 dicti
837 2727 969 2809 Georgii
994 2727 1102 2811 Oxlyn
1133 2729 1173 2788 ab
1203 2727 1337 2806 oriente,
1361 2741 1392 2789 et
1417 2727 1500 2789 inter

237 2833 372 2896 fundum
398 2853 433 2896 ac
465 2835 639 2896 stacionem
671 2833 784 2917 prelati
811 2834 907 2896 Blasii
939 2833 1032 2916 jurati
1056 2835 1095 2896 ab
1119 2833 1285 2896 occidente
1316 2833 1492 2912 habitas,a

237 2939 360 3022 prelato
392 2939 534 3021 Georgio
566 2938 674 3024 Oxlyn
706 2955 871 3022 tamquam
901 2939 1034 3001 domino
1067 2953 1097 3002 et
1129 2940 1197 3001 viro
1230 2960 1265 3002 ac
1290 2953 1497 3022 procuratore

236 3047 394 3126 legittimo
419 3047 502 3108 dicte
534 3048 665 3108 domine
690 3047 853 3108 Dorothee
885 3066 943 3129 pro
972 3061 1055 3110 certa
1087 3047 1296 3129 pecuniarum
1319 3047 1499 3128 quantitate

237 3154 365 3215 emisset
389 3167 420 3214 et
443 3167 668 3236 comparasset,
692 3165 769 3216 tunc
786 3154 929 3215 Marinus
949 3153 1045 3234 judex
1068 3153 1146 3216 alias
1170 3167 1201 3216 et
1226 3153 1369 3215 concivis
1392 3166 1500 3215 noster

239 3275 404 3342 tamquam
428 3273 615 3343 procurator
641 3273 672 3322 et
688 3261 865 3322 avunculus
889 3280 924 3322 ac
940 3273 1102 3343 protector
1117 3261 1333 3342 predictorum
1359 3258 1499 3322 filiorum

237 3381 268 3428 et
301 3367 365 3428 filie
397 3367 496 3448 ipsius
519 3367 657 3428 condam
689 3366 818 3428 Thome
850 3367 943 3448 jurati
974 3367 1004 3427 in
1038 3386 1173 3448 persona
1205 3365 1394 3428 eorumdem
1421 3385 1499 3448 pue·

238 3492 347 3534 rorum
381 3471 543 3554 jamdicti
577 3472 706 3534 Thome
738 3471 830 3554 jurati
862 3485 1028 3554 tamquam
1059 3473 1237 3535 vicinorum
1263 3487 1294 3534 et
1324 3487 1498 3534 commeta-

240 3599 375 3642 neorum
409 3599 445 3640 ae
478 3580 800 3660 consangwineorum
833 3579 974 3662 predicte
1003 3579 1135 3641 domine
1167 3577 1339 3658 Dorothee,
1370 3578 1498 3640 easdem

239 3687 397 3748 staciones
421 3699 451 3748 et
475 3685 608 3747 domum
633 3701 789 3747 muratam
816 3705 851 3747 ac
869 3683 987 3748 fundos
1011 3685 1155 3747 eiusdem
1179 3685 1310 3746 domine
1335 3683 1498 3746 Dorothee

237 3809 267 3856 et
290 3791 449 3876 prefatum
475 3793 617 3855 Blasium
642 3793 780 3875 juratum
803 3795 843 3854 ab
865 3793 1032 3875 empcione
1049 3791 1236 3854 earumdem
1260 3792 1440 3854 stacionum
1465 3803 1498 3853 et

237 3901 352 3962 domus
377 3914 499 3962 mutate
524 3921 561 3961 ac
577 3899 752 3962 fundorum
769 3919 875 3962 coram
894 3900 987 3962 nobis
1004 3899 1169 3982 prohibuit
1194 3913 1224 3960 et
1248 3898 1396 3961 arestavit
1413 3918 1496 3960 asse-

237 4027 308 4068 rens
344 4007 428 4089 ipsas
451 4006 610 4068 staciones
641 4020 673 4068 et
700 4007 832 4068 domum
866 4021 1023 4068 muratam
1047 4026 1083 4068 ac
1115 4004 1232 4067 lundos
1256 4005 1339 4068 dicte
1364 4005 1495 4067 domine

237 4113 398 4175 Dorothee
423 4111 552 4195 prelatis
584 4113 691 4194 pueris
722 4112 821 4194 ipsius
850 4113 979 4174 Thorne
1003 4111 1096 4192 jurati
1128 4125 1293 4194 tamquam
1319 4111 1433 4173 vicinis
1465 4125 1495 4172 et

236 4219 465 4281 commetaneis
496 4239 533 4280 ac
563 4219 817 4299 consanguineis
847 4218 945 4300 ipsius
976 4218 1107 4281 domine
1140 4217 1302 4280 Dorothee
1333 4237 1439 4279 emere
1464 4229 1496 4279 et

237 4345 421 4407 comparare
446 4325 528 4388 velle
552 4345 588 4387 ac
612 4344 811 4404 conservare,
834 4338 865 4386 et
889 4343 962 4385 mox
987 4325 1088 4406 ipsam
1114 4324 1249 4406 pecunie
1273 4325 1496 4405 quantitatem,

237 4452 295 4514 pro
320 4451 383 4513 qua
408 4432 475 4513 ipse
501 4431 624 4493 Blasius
658 4431 778 4512 juratus
802 4431 901 4492 dictas
931 4431 1088 4491 staciones
1119 4443 1150 4491 et
1181 4431 1313 4492 domum
1339 4441 1495 4490 muratam

237 4559 273 4599 ac
298 4536 415 4598 fundos
439 4550 689 4619 comparaverat,
714 4538 800 4598 idem
833 4537 975 4598 Marinus
998 4535 1093 4616 judex
1118 4536 1151 4598 in
1175 4555 1310 4618 persona
1335 4535 1493 4597 dictorum

236 4663 408 4725 puerorum
433 4644 531 4725 ipsius
556 4643 684 4706 Thorne
709 4643 801 4724 jurati
828 4663 935 4705 coram
964 4643 1057 4704 nobis
1081 4643 1113 4704 in
1138 4655 1288 4725 prompto
1313 4642 1496 4724 deponebat

235 4763 346 4832 petens
370 4749 445 4830 ipsis
469 4749 575 4831 pueris
599 4751 675 4811 dicti
700 4749 828 4811 Thome
860 4749 953 4830 jurati
978 4770 1072 4831 super
1097 4749 1217 4812 eisdem
1241 4749 1439 4811 stationibus
1464 4762 1495 4811 et

236 4855 334 4916 domo
358 4867 483 4916 murata
507 4875 542 4917 ac
567 4853 674 4916 fundis
697 4856 804 4917 literas
828 4857 964 4918 civitatis
992 4857 1132 4938 predicte
1156 4856 1373 4938 privilegiales
1396 4876 1496 4938 penes

235 4961 340 5040 legem
365 4973 396 5021 et
420 4961 598 5024 libertatem
623 4961 759 5023 civitatis
775 4962 918 5024 eiusdem
944 4982 1000 5044 per
1025 4982 1082 5024 nos
1100 4961 1203 5025 lacere
1228 4961 1342 5024 confici
1366 4975 1397 5025 et
1411 4981 1496 5024 ema-

237 5087 322 5133 nare.
349 5067 498 5134 Tandem
524 5067 664 5154 prelatus
689 5068 813 5133 Blasius
836 5068 957 5152 juratus
988 5087 1023 5131 ex
1048 5069 1179 5152 proprio
1210 5069 1308 5132 animi
1333 5069 1381 5131 sui
1406 5081 1495 5133 motu
