3734 5796
452 536 516 614 264
835 538 921 595 Anao
944 549 1034 614 r437.
1060 572 1100 582 -
1124 553 1175 598 22.
1192 537 1346 611 januarii.

450 750 490 811 ab
515 749 614 811 altera
638 748 762 810 domini
795 747 878 810 Petri
912 748 987 810 dicti
1014 749 1136 811 Nowalt
1161 749 1280 828 habite,
1313 750 1453 810 mediam
1479 752 1593 812 curiam
1615 753 1642 814 in
1660 774 1687 815 se

450 855 679 934 continentem,
712 854 899 937 porcionem
931 854 1081 917 videlicet
1116 855 1215 937 ipsius
1247 855 1411 938 Stephani,
1444 877 1540 918 unam
1564 872 1684 938 quartam

450 961 536 1024 curie
561 961 593 1022 in
627 981 659 1023 se
692 961 920 1039 continentem,
951 961 1054 1043 ipsum
1087 959 1286 1044 Stephanum
1317 962 1451 1042 juridice
1480 978 1512 1024 et
1540 964 1686 1026 literatorie

452 1081 712 1146 concernentem,
740 1086 812 1128 cum
845 1067 911 1128 suis
944 1067 1135 1129 utilitatibus
1167 1081 1198 1130 et
1222 1069 1427 1150 pertinenciis
1459 1069 1606 1132 universis
1632 1091 1687 1152 pre-

450 1175 536 1236 dicto
561 1174 733 1236 Valentino
759 1174 965 1236 Mercadanth
982 1175 1070 1236 socio
1095 1195 1154 1236 suo
1178 1175 1283 1237 taliter
1305 1189 1336 1236 et
1352 1195 1391 1238 eo
1410 1177 1508 1239 modo
1533 1179 1687 1258 legavisset,

450 1294 484 1341 ut
508 1278 649 1362 prefatus
664 1280 855 1342 Valentinus
879 1279 991 1342 decem
1008 1279 1077 1342 flor.
1102 1282 1181 1359 auri,
1206 1301 1287 1363 quos
1305 1282 1373 1364 ipse
1391 1282 1572 1364 Stephanus
1587 1285 1687 1345 Malecz

453 1385 485 1446 in
510 1386 677 1467 empcione
701 1387 843 1468 predicte
863 1387 1043 1449 medietatis
1066 1388 1210 1469 ipsorum
1234 1388 1361 1467 domus,
1378 1386 1469 1450 fundi
1496 1403 1527 1452 et
1550 1389 1687 1452 hedificio·

444 1511 530 1571 rum,
554 1491 715 1573 porcionis
739 1492 889 1555 videlicet
911 1513 967 1555 sue
991 1494 1142 1576 predicte,
1164 1514 1222 1576 pro
1246 1514 1314 1556 arra
1332 1495 1463 1557 dederat
1488 1497 1612 1578 provide
1628 1515 1685 1557 mu-

451 1598 524 1660 lieri
548 1599 726 1681 Elyzabeth
750 1612 874 1678 vocate,
898 1599 1006 1661 relicte
1038 1600 1138 1682 ipsius
1170 1601 1322 1682 Stephani
1350 1603 1471 1664 Malecz
1505 1623 1540 1664 ac
1564 1603 1687 1664 Emerico

450 1703 518 1766 filio
543 1706 684 1785 Martini,
708 1725 805 1788 quern
829 1707 910 1768 sicut
935 1706 1115 1788 orphanum
1139 1727 1157 1767 a
1185 1707 1326 1789 puericia
1350 1729 1407 1769 sua
1440 1709 1508 1791 ipse
1534 1709 1688 1791 Stephanus

452 1811 574 1873 Malecz
601 1827 632 1873 et
656 1831 757 1894 usque
781 1811 822 1874 ad
845 1813 970 1875 obitum
993 1832 1087 1874 suum
1115 1833 1208 1874 causa
1241 1814 1291 1875 dei
1317 1815 1500 1876 nutrivisset
1531 1831 1561 1877 et
1582 1834 1687 1876 conser-

450 1930 563 1996 vasset,
595 1917 670 1979 dare
702 1931 732 1979 et
764 1917 946 2001 persolvere
978 1919 1157 1996 debuisset;
1188 1935 1218 1982 et
1242 1921 1317 2002 quia
1351 1920 1492 2003 prefatus
1524 1922 1688 1983 Valentinus

449 2023 659 2086 merkadanth
685 2024 786 2086 dictos
810 2025 920 2086 decem
939 2025 1007 2088 flor.
1033 2027 1101 2087 auri
1126 2026 1202 2108 ipsis
1225 2027 1402 2109 Elyzabeth
1427 2042 1459 2089 et
1483 2027 1707 2107 Emericojam
1810 2020 1816 2039 '

447 2131 542 2214 plene
574 2129 728 2213 persolvit
757 2145 788 2192 et
823 2131 996 2212 assignavit
1027 2145 1122 2214 prout
1157 2132 1255 2194 iidem
1288 2133 1439 2197 videlicet
1471 2135 1637 2217 Elyzabeth
1664 2148 1688 2194 et

449 2235 617 2298 Emericus
640 2255 747 2298 coram
773 2236 918 2299 Fabiano
941 2237 1045 2319 jurato
1070 2251 1101 2300 et
1132 2257 1238 2300 corant
1264 2239 1400 2301 Nicolao
1431 2239 1538 2320 judice
1561 2239 1620 2312 filio
1641 2240 1688 2301 Fa·

449 2343 537 2404 biani
562 2363 597 2405 ac
621 2343 691 2404 aliis
715 2343 961 2426 quampluribus
990 2343 1161 2425 fidedignis
1192 2357 1224 2407 et
1253 2344 1389 2428 ydoneis
1421 2347 1497 2408 viris
1528 2347 1688 2409 concivibus

447 2449 568 2511 scilicet
592 2449 707 2511 nostris
732 2447 868 2511 confessi
896 2463 970 2511 sunt
1001 2465 1114 2532 sponte
1146 2465 1177 2512 et
1201 2452 1311 2514 animo
1342 2452 1522 2514 deliberato
1553 2465 1638 2536 prout
1658 2471 1688 2512 ex

447 2555 550 2618 relatu
574 2555 717 2638 ipsorum
734 2554 899 2637 fidedigno
923 2557 1096 2618 certissime
1114 2557 1218 2619 edocti
1236 2577 1347 2620 sumus
1371 2572 1402 2620 et
1425 2558 1597 2638 informati,
1613 2559 1685 2620 ideo·

448 2682 511 2744 que
535 2682 595 2724 nos
626 2662 803 2745 predictam
835 2662 1041 2724 medietatem
1072 2665 1214 2745 ipsorum
1247 2664 1373 2744 domus,
1405 2664 1509 2745 fundi,
1534 2665 1642 2728 cellarii
1662 2677 1687 2726 et

447 2767 682 2849 hedificiorum,
706 2789 804 2831 unam
828 2781 863 2830 ut
885 2770 1061 2852 predicitur
1081 2785 1227 2852 quartam
1252 2771 1339 2834 curie
1363 2772 1396 2833 in
1421 2792 1454 2834 se
1479 2773 1686 2848 continentem,

446 2895 519 2938 cum
543 2875 608 2937 suis
629 2875 821 2938 utilitatibus
844 2889 876 2938 et
891 2876 1097 2958 pertinenciis
1122 2877 1278 2938 universis
1295 2877 1418 2960 prefato
1436 2879 1604 2943 Valentino
1619 2897 1687 2940 mer·

448 2981 588 3044 kadanth
614 3002 652 3043 ex
675 2983 828 3064 premissa
852 3003 908 3044 sua
932 2981 1104 3046 sufficienti
1120 2986 1391 3066 comprobacione
1415 3006 1453 3047 ac
1476 3007 1533 3069 per
1556 3006 1622 3048 eum
1636 2984 1688 3046 suis

447 3087 619 3150 heredibus
643 3089 812 3150 statuimus
835 3103 866 3152 et
890 3089 1112 3151 commisimus
1135 3089 1203 3170 jure
1227 3105 1382 3174 perpetuo
1407 3105 1438 3154 et
1463 3092 1689 3155 irrevocabiliter

449 3193 679 3276 possidendam
704 3209 735 3258 et
758 3195 1067 3278 quomodocumque
1092 3197 1229 3260 voluerit
1260 3197 1496 3280 disponendam
1528 3199 1607 3281 juxta
1628 3217 1688 3260 con-

450 3300 612 3365 dicionem
637 3301 772 3363 civitatis
795 3315 961 3384 prenotate
986 3306 1026 3365 ab
1050 3305 1184 3386 antiquo
1208 3307 1429 3388 approbatam.

555 3408 634 3471 Item
658 3429 731 3471 cum
756 3410 887 3472 domina
912 3412 1011 3473 Ztana
1044 3431 1123 3473 uxor
1148 3411 1297 3494 Gregorii
1324 3412 1419 3494 jurati
1451 3413 1510 3476 filii
1536 3411 1688 3487 Benedicti,

452 3531 486 3579 ut
511 3517 544 3578 in
569 3537 695 3579 causam
721 3531 862 3597 attracta,
885 3518 999 3600 pridie,
1031 3518 1082 3579 die
1114 3532 1228 3580 octavo
1253 3518 1330 3580 ferie
1355 3534 1441 3583 sexte
1474 3523 1612 3604 proxime
1631 3530 1689 3600 post

449 3623 566 3686 festum
591 3624 674 3685 beati
699 3624 789 3684 Pauli
814 3625 909 3706 primi
927 3625 1103 3703 Heremite,
1128 3626 1161 3686 in
1186 3645 1279 3687 causa
1297 3627 1533 3688 subtraccionis
1555 3647 1606 3688 seu
1628 3622 1686 3685 furti

448 3751 553 3793 rerum
578 3744 609 3792 et
632 3731 793 3792 bonorum
819 3729 966 3812 Gregorii
992 3730 1048 3792 filii
1078 3731 1218 3815 Philippi
1242 3746 1278 3795 ut
1301 3734 1428 3812 actoris,
1467 3755 1524 3816 per
1548 3731 1686 3815 adjudica·

448 3836 575 3898 cionem
600 3836 776 3918 juratorum
800 3837 1015 3918 juramentum
1042 3838 1204 3920 deponere
1232 3859 1327 3922 super
1350 3859 1438 3902 aram
1462 3861 1560 3922 super
1582 3861 1631 3902 sua
1650 3838 1687 3898 in·

448 3942 607 4004 noxietate
631 3957 770 4025 prestare
795 3957 826 4004 et
848 3943 1010 4024 deponere
1035 3944 1183 4024 debebat,
1207 3961 1283 4008 tunc
1300 3967 1356 4028 per
1380 3948 1642 4030 composicionem
1663 3955 1687 4002 et

448 4049 674 4110 induccionem
692 4049 904 4130 plurimorum
922 4049 1160 4132 fidedignorum
1177 4066 1209 4114 et
1224 4051 1427 4134 ydoneorum
1445 4055 1583 4115 virorum
1600 4053 1685 4134 ipsum

451 4154 666 4236 juramentum
697 4175 753 4216 seu
785 4156 1025 4237 depositionem
1058 4157 1157 4239 ipsius
1190 4159 1361 4240 juramenti
1386 4178 1488 4241 usque
1521 4161 1561 4221 ad
1590 4171 1687 4220 certam

451 4262 700 4344 inquisicionem
718 4275 749 4324 et
772 4263 1056 4344 investigationem
1082 4264 1156 4326 lacti
1180 4279 1211 4327 et
1227 4285 1321 4328 cause
1336 4266 1493 4346 eiusdem,
1518 4267 1596 4329 dicte
1611 4262 1685 4325 ambe

451 4383 557 4450 partes
593 4382 623 4429 et
647 4368 826 4450 specialiter
859 4370 926 4450 ipse
958 4385 1045 4431 actor
1077 4371 1198 4433 dimisit
1222 4387 1253 4434 et
1281 4387 1495 4454 prorogarunt
1519 4395 1556 4437 ex
1578 4367 1686 4455 permis-

448 4474 539 4535 sione
564 4494 620 4534 seu
644 4474 839 4535 admissione
864 4488 972 4537 nostra
995 4475 1171 4558 judiciaria.

555 4579 632 4641 ltem
658 4582 804 4662 quamvis
829 4582 939 4643 Petrus
970 4582 1157 4644 adolescens
1188 4582 1273 4644 filius
1297 4583 1430 4665 Georgii
1456 4585 1497 4647 de
1529 4587 1595 4647 vico
1617 4578 1685 4643 Lati-

448 4705 564 4748 norum
601 4687 633 4747 in
665 4685 835 4748 manifesto
867 4688 1040 4750 bursicidio
1072 4704 1236 4772 reppertus
1267 4705 1313 4752 est
1341 4711 1379 4752 ex
1410 4705 1528 4771 acerto,
1560 4693 1685 4767 idemque

447 4792 521 4853 licet
545 4812 637 4853 causa
670 4792 802 4874 predicti
836 4793 883 4854 sui
916 4794 1064 4856 maleficii
1098 4816 1214 4877 penam
1238 4797 1372 4878 patibuli
1404 4798 1468 4878 pati
1496 4798 1643 4859 debuisset
1661 4803 1685 4849 et

448 4899 611 4980 suspendi,
636 4912 741 4959 tamen
769 4900 841 4980 quia
869 4901 935 4981 ipse
953 4917 1081 4982 propter
1115 4903 1217 4984 ipsum
1250 4923 1343 4964 suum
1377 4903 1578 4967 manifestum
1603 4898 1685 4962 scelus

449 5005 481 5065 in
510 5024 635 5066 carcere
661 5019 766 5066 nostre
791 5008 1031 5070 communitatis
1055 5029 1073 5070 a
1104 5008 1184 5071 festo
1208 5009 1307 5071 sancti
1333 5009 1499 5072 Michaelis
1530 5000 1682 5087 archangeli
