3740 5810
616 579 702 635 Anno
726 591 819 656 1420.
842 613 886 622 —
909 593 937 638 1.
961 579 1070 638 martii.
1433 578 1472 660 83

368 788 483 872 Gyuan
616 852 622 864 ,
727 851 733 863 ,
784 851 789 864 ,

366 893 461 957 Chon
523 795 540 992 }
576 851 702 934 pridem
724 852 857 932 Judrces.

365 1017 572 1080 Jacomellus.
1015 1001 1130 1064 Latini.

365 1123 559 1187 Anthonius.
931 1029 944 1248 1

365 1229 496 1294 Paulus.

364 1422 565 1485 Dominicus.

364 1527 501 1592 Elasius.
743 1549 751 1564 ·
822 1439 833 1584 Ι

363 1634 563 1698 Valentinus.
826 1587 838 1784 Ι

364 1740 498 1804 Blasius.
825 1787 835 1866 p
907 1740 1022 1802 Sclavi.

363 1845 524 1910 Clemens.

363 1951 546 2036 Stephanus
569 1950 723 2014 literatus.
822 1873 833 2140 1

364 2057 475 2119 Petrus
502 2056 652 2140 frenipar.

311 2267 388 2329 Item
407 2269 505 2331 iidem
531 2269 636 2351 judex,
661 2269 754 2350 jurati
774 2282 805 2332 et
829 2269 1003 2330 consiliarii
1027 2271 1136 2331 omnia
1155 2281 1269 2331 statuta
1294 2283 1325 2332 et
1342 2269 1467 2330 decreta

202 2387 267 2433 tarn
290 2374 321 2434 in
345 2376 483 2456 presenti
506 2389 671 2458 quaterna,
689 2395 786 2458 quam
809 2376 840 2436 in
861 2375 1002 2456 antiquis
1020 2377 1183 2456 quaternis
1203 2377 1375 2458 consripta,
1392 2397 1468 2437 con·

205 2477 371 2542 firmarunt
395 2481 436 2542 ad
460 2501 572 2543 omnes
596 2481 755 2544 clausulas
780 2494 811 2543 et
838 2501 949 2544 eorum
974 2481 1125 2543 articulos
1142 2495 1297 2563 perpetuo
1323 2481 1467 2543 valitura.

325 2716 422 2791 leria
451 2729 549 2791 sexta
577 2722 732 2810 proxima
760 2727 838 2792 ante
864 2720 1070 2791 Dominlcam
1100 2717 1334 2792 Reminiscere.

743 2875 784 2948 (r.
808 2873 928 2948 martis).

310 3010 388 3072 ltem
422 3009 582 3094 Georgius
614 3011 812 3094 Oprasnicha
845 3025 955 3075 contra
983 3011 1190 3076 Valentinum
1215 3013 1321 3093 primo
1352 3013 1466 3075 citatus

202 3136 266 3177 non
291 3119 481 3199 comparuit.

307 3222 387 3284 ltem
420 3223 538 3286 Paulus
570 3223 709 3287 carnifex
734 3238 843 3287 contra
876 3224 1012 3286 Paulum
1044 3223 1183 3306 juratum
1215 3225 1320 3306 primo
1352 3225 1465 3286 citatus

202 3347 266 3390 non
291 3330 482 3411 comparuit.

307 3435 384 3497 ltem
410 3455 504 3498 causa
528 3437 610 3498 inter
633 3438 822 3519 magistrum
838 3435 1018 3498 Fabianum
1043 3449 1073 3496 et
1098 3434 1276 3516 Georgium
1302 3435 1463 3498 Croacum

205 3555 330 3623 recepta
356 3541 465 3604 estad
491 3561 601 3624 pacem
625 3543 664 3604 ad
689 3555 762 3604 octo
787 3543 865 3604 dies.

308 3647 385 3709 ltem
396 3667 488 3710 causa
502 3648 641 3710 filiorum
656 3649 775 3711 Matbie
789 3647 832 3730 (et
844 3646 924 3730 eius)
935 3648 1076 3710 relictam
1091 3661 1260 3730 prorogata
1277 3650 1376 3711 estad
1389 3663 1462 3710 octo

202 3751 279 3830 dies,
297 3767 331 3814 ut
348 3756 442 3816 ambe
459 3767 563 3836 partes
579 3754 647 3836 jura
663 3774 758 3838 super
775 3774 868 3816 causa
886 3755 967 3815 inter
991 3773 1045 3816 eos
1062 3754 1238 3836 producere
1255 3755 1460 3817 tenebuntur.

308 3859 386 3920 ltem
410 3879 467 3942 per
489 3873 589 3922 totam
621 3861 886 3922 communitatem
912 3861 1078 3922 inventum
1103 3872 1159 3938 est,
1191 3860 1279 3943 quod
1304 3862 1380 3944 quia
1406 3862 1462 3924 Ni·

203 3964 311 4026 colsus
342 3964 487 4027 Verchek
519 3967 756 4029 commissarius
788 3965 916 4029 Martini
948 3965 1091 4047 Zagorch
1123 3986 1159 4028 ex
1185 3986 1223 4028 eo
1256 3966 1461 4028 medietatem

206 4070 296 4133 vinee
321 4072 381 4134 sibi
407 4092 479 4134 cum
504 4073 592 4135 socio
631 4073 769 4136 vendere
801 4072 971 4134 commisse
1003 4073 1104 4152 magis
1128 4091 1234 4134 emere
1257 4086 1362 4155 potest
1386 4074 1461 4154 quia

205 4178 310 4239 nullus
335 4179 395 4240 sibi
419 4178 634 4242 contradictor
657 4179 815 4261 apparuit,
839 4191 870 4239 ct
893 4179 999 4240 socius
1030 4197 1106 4239 suus
1128 4178 1187 4239 sibi
1213 4198 1405 4241 consensum
1431 4191 1461 4240 et

202 4282 294 4342 vicini
320 4285 528 4365 prebuerunt.

304 4389 383 4451 ltem
406 4409 500 4452 causa
525 4391 608 4453 inter
630 4390 832 4453 Anthonium
849 4390 990 4472 judicem
1014 4403 1045 4452 et
1069 4389 1208 4450 Pucbich
1226 4405 1397 4472 prorogata
1415 4405 1461 4452 est

202 4493 239 4552 ad
264 4507 337 4556 octo
362 4494 430 4556 dies
455 4495 592 4558 finaliter
618 4497 793 4558 terminari.

307 4601 385 4663 ltem
410 4602 485 4684 quia
510 4603 698 4665 Valentinus
723 4601 884 4664 Maschich
909 4614 1019 4664 contra
1037 4603 1192 4664 Jacobum
1216 4602 1249 4662 in
1266 4620 1359 4662 causa
1378 4603 1460 4664 inter

206 4707 287 4787 ipsos
306 4723 393 4770 mota
410 4722 506 4769 testes
529 4727 593 4770 non
615 4708 765 4790 produxit
788 4721 823 4770 ut
839 4708 961 4786 debuit,
986 4708 1059 4770 ideo
1077 4709 1187 4770 eadem
1207 4727 1300 4769 causa
1325 4721 1371 4769 est
1388 4727 1459 4790 pro·

202 4828 307 4895 rogata
332 4814 371 4875 ad
396 4814 537 4896 primum
563 4813 728 4894 judicium.

302 4919 383 4980 ltem
408 4938 501 4980 causa
528 4918 610 4980 inter
633 4919 795 4980 Thomam
815 4911 977 4981 Ochwirk'
992 4932 1023 4982 et
1047 4919 1184 4980 Paulum
1210 4919 1386 4981 Solkouich
1413 4940 1459 4980 re-

201 5039 286 5107 cepta
313 5037 360 5088 est
386 5038 417 5086 et
440 5035 612 5107 prorogata
635 5023 675 5086 ad
698 5025 838 5107 primum
862 5025 1028 5106 judicium.
