3740 5810
790 569 985 644 Anno142o.
1010 582 1124 644 -19,
1141 570 1291 644 januarii.

512 780 590 842 ltem
614 778 731 840 Worilr
757 779 868 840 Petrus
892 791 923 841 et
948 779 1093 840 Thomas
1121 779 1306 841 mercenarii
1334 778 1424 840 Pauli
1450 775 1662 861 Sydowchich

405 889 583 970 juramenta
607 906 663 948 sua
696 886 915 968 deposuerunt
945 887 1125 968 supradicta
1158 900 1267 948 contra
1302 885 1515 948 Laurencium
1538 883 1663 966 pridem

406 995 555 1076 juratum.

512 1101 591 1162 Item
616 1097 776 1179 Georgius
804 1097 1004 1180 Oprasnicha
1036 1109 1146 1160 contra
1170 1097 1324 1180 Egidium
1356 1097 1536 1161 carnificem
1560 1097 1665 1181 primo

406 1208 519 1269 citatus
543 1225 608 1267 non
642 1205 831 1287 comparuit.

512 1313 588 1374 ltem
626 1309 767 1374 Peruech
796 1325 906 1373 contra
939 1310 1117 1393 Georgium
1151 1309 1289 1372 Puchich
1322 1311 1427 1393 primo
1455 1311 1568 1373 citatus
1602 1330 1667 1372 uon

406 1419 596 1502 comparuit.

510 1527 587 1587 ltem
613 1524 774 1586 Johannes
798 1525 910 1586 Plusar
926 1537 1034 1586 contra
1052 1523 1254 1588 Anthonium
1279 1523 1402 1586 Zudich
1419 1524 1524 1607 primo
1549 1523 1665 1585 citatus

406 1652 471 1693 non
496 1631 685 1714 compamit.

513 1737 591 1799 Item
616 1737 709 1818 jurati
734 1736 968 1817 adjudicarunt,
993 1738 1081 1818 quod
1104 1736 1295 1799 Valentinus
1321 1734 1481 1817 Lepchich
1504 1733 1669 1796 tenebitur

408 1843 541 1906 reddere
565 1845 704 1906 torcular
728 1843 858 1918 Jeliche,
883 1844 961 1905 alias
985 1845 1113 1905 racione
1138 1843 1228 1904 cuius
1256 1843 1295 1904 lis
1320 1856 1406 1904 mota
1431 1839 1501 1920 tuit,
1525 1854 1556 1901 et
1579 1839 1671 1900 idern

407 1949 598 2012 Valentinus
622 1961 736 2011 octavo
761 1949 812 2012 die
837 1950 997 2011 tenebitur
1025 1963 1163 2032 prestare
1195 1949 1421 2031 juramentum,
1446 1946 1535 2028 quod
1568 1946 1669 2008 nesci-

407 2057 502 2117 visset
526 2057 614 2138 quod
639 2057 743 2138 ipsum
768 2056 907 2117 torcular
931 2057 1030 2138 ipsius
1054 2056 1152 2118 Jelice
1170 2054 1229 2117 fuit
1246 2075 1305 2117 nec
1329 2055 1435 2137 ipsum
1451 2053 1669 2114 subtraxisset.

513 2161 591 2224 Item
616 2160 776 2242 Georgius
800 2161 1000 2244 Oprasnicha
1025 2175 1134 2224 contra
1160 2160 1395 2242 Margaretham
1420 2159 1597 2221 salivenam
1620 2177 1670 2219 se-

407 2268 514 2330 cundo
547 2269 660 2330 citatus
691 2287 757 2330 non
782 2269 971 2350 comparuit.

514 2373 591 2434 ltem
616 2393 708 2435 causa
727 2374 809 2436 inter
825 2373 988 2435 Andream
1014 2373 1115 2436 filium
1134 2373 1216 2435 Petri
1235 2385 1266 2435 et
1289 2371 1498 2433 Katharinam
1523 2369 1669 2430 relictam

409 2479 608 2560 Sigismundi
633 2492 803 2562 prorogata
828 2493 874 2541 est
898 2479 938 2540 ad
963 2494 1036 2541 octo
1061 2480 1128 2541 dies
1151 2479 1267 2558 taliter,
1280 2491 1315 2539 ut
1338 2480 1432 2539 ambe
1456 2489 1561 2558 partes
1583 2475 1672 2537 testi·

409 2587 518 2648 monia
543 2601 574 2648 et
591 2586 659 2667 jura
691 2588 831 2668 ipsarum
863 2586 1039 2669 producere
1070 2587 1265 2648 tenebuntur
1295 2585 1327 2646 iu
1360 2603 1454 2646 causa
1485 2583 1566 2644 inter
1600 2601 1672 2644 eos·

408 2693 480 2756 dern
507 2705 606 2756 mota.

513 2799 591 2860 Item
616 2818 709 2860 eausa
734 2799 815 2860 iuter
840 2798 1003 2860 Thomam
1028 2798 1179 2860 Ochwirlr
1204 2811 1235 2860 et
1258 2797 1395 2859 Paulum
1420 2794 1595 2859 Solkouich
1621 2816 1672 2856 re-

409 2919 500 2987 cepta
526 2918 572 2966 est
597 2905 636 2967 ad
661 2925 771 2987 pacem
797 2905 836 2967 ad
861 2920 934 2968 octo
959 2905 1036 2969 dies.

516 3012 594 3073 ltem
620 3013 761 3074 Briccius
784 3011 877 3074 Jolan
911 3027 1020 3075 contra
1045 3011 1223 3094 Georgium
1248 3010 1381 3073 Serbich
1414 3011 1574 3072 tenebitur
1598 3029 1672 3091 pre·

409 3132 491 3179 stare
504 3117 720 3198 juramentum
735 3119 833 3198 solus,
847 3119 935 3201 quod
946 3119 1051 3181 eidem
1063 3120 1094 3180 in
1105 3117 1188 3180 facto
1202 3117 1440 3199 procuracionis
1456 3114 1672 3178 satisfecisset.

490 3335 586 3410 Feria
615 3345 712 3410 sexta
740 3341 893 3428 proxima
930 3347 1008 3412 ante
1037 3340 1159 3411 festum
1189 3341 1363 3410 beatorum
1391 3335 1527 3409 Fabiani
1558 3345 1591 3409 et

842 3463 1029 3535 sebastiani
1058 3467 1249 3535 martimm.

917 3617 983 3696 (19.
999 3618 1166 3693 januaria).

517 3754 550 3816 ln
575 3774 669 3816 causa
693 3755 776 3815 inter
801 3754 1034 3836 Margaretham
1059 3769 1090 3816 et
1114 3754 1291 3836 Georgium
1321 3752 1520 3836 Oprasnicha
1543 3767 1675 3836 recepta

410 3874 456 3921 est
479 3860 518 3920 ad
546 3880 657 3942 pacem
682 3861 712 3921 in
737 3861 842 3942 primo
866 3860 997 3941 judicio.

516 3965 593 4027 Item
619 3986 711 4028 causa
737 3966 818 4028 inter
842 3966 1005 4028 Thomam
1031 3966 1182 4029 Ochrvirlr
1207 3980 1237 4028 et
1262 3967 1397 4029 Paulum
1424 3966 1599 4029 Solkouich
1625 3987 1677 4027 re·

410 4087 500 4154 cepta
525 4072 634 4134 estad
659 4092 770 4153 pacem
796 4073 827 4133 in
852 4073 957 4154 primo
982 4072 1112 4152 judicio.

517 4177 595 4239 ltem
628 4178 780 4238 Nicolaus
810 4177 953 4240 Verchek
985 4194 1016 4238 et
1048 4178 1159 4240 Petrus
1193 4179 1430 4243 molendinator
1462 4179 1676 4240 commissarii

411 4283 538 4343 Martini
565 4281 621 4343 filii
647 4283 802 4344 lobannis
830 4283 974 4364 Zagorch
1006 4283 1081 4345 dicti
1107 4304 1179 4346 cum
1211 4284 1352 4345 evidenti
1384 4284 1571 4346 testimonio
1596 4303 1676 4346 con·

410 4389 528 4449 civium
553 4401 735 4451 nostrorum
760 4391 1020 4470 comprobarunt,
1045 4391 1132 4471 quod
1162 4390 1301 4472 quedam
1326 4405 1408 4452 terra
1433 4411 1530 4472 penes
1554 4405 1674 4454 terram

411 4493 541 4574 Georgii
576 4494 749 4556 Rakouech
782 4496 928 4574 existens,
962 4496 1060 4578 ipsius
1092 4496 1246 4557 lobannis
1277 4495 1396 4576 fuisset,
1429 4510 1459 4558 et
1491 4496 1532 4558 ad
1564 4497 1674 4579 ipsum

411 4601 585 4662 Martinum
611 4602 650 4662 ab
675 4601 790 4663 eodem
816 4601 961 4663 Johanne
985 4617 1031 4663 est
1055 4602 1205 4664 devoluta
1231 4603 1312 4665 circa
1337 4617 1475 4684 quatuor
1499 4603 1613 4666 dietas.

519 4706 597 4768 ltem
621 4707 754 4768 domina
785 4712 879 4769 Anna
904 4699 981 4769 lilia
1002 4709 1085 4769 Petri
1118 4709 1225 4770 relicta
1262 4709 1398 4770 condam
1425 4709 1584 4771 Leonardi
1609 4730 1676 4771 sar·

411 4812 488 4873 toris
513 4833 585 4873 cum
612 4813 751 4874 evidenti
776 4815 961 4875 testimonio
990 4827 1170 4875 nostrorum
1204 4815 1384 4876 concivium
1410 4815 1493 4876 clare
1525 4835 1677 4898 compro—

413 4919 510 4997 bavit,
535 4920 622 5000 quod
648 4919 764 4980 domus
787 4934 909 4980 murata
935 4940 1007 4981 cum
1032 4921 1096 4980 suis
1132 4921 1336 5000 pertinenciis
1359 4941 1415 4982 sua
1440 4921 1618 5004 prefuisset,
1645 4937 1679 4984 et

412 5025 528 5085 iterum
553 5025 592 5086 ad
617 5025 753 5086 eandem
778 5025 928 5086 devoluta
953 5026 1132 5088 haberetur.
