3740 5810
500 1507 648 1606 (Anno
678 1507 859 1601 Domini
887 1505 1201 1612 MCCCCXVIH.)

321 1862 400 1924 Item
425 1862 606 1946 Stephanus
630 1863 803 1946 Hungarus
827 1865 950 1947 pridem
971 1865 1092 1947 juratus
1115 1879 1225 1928 contra
1250 1866 1388 1928 Paulum
1415 1867 1477 1928 Na·

210 1969 321 2050 giicba
345 1969 487 2031 secundo
511 1969 624 2031 citatus
648 1990 712 2032 non
738 1972 927 2054 comparuit.

320 2075 399 2137 Item
435 2075 620 2139 Anthonius
651 2075 852 2140 Herihouicb
885 2091 994 2141 contra
1027 2078 1190 2142 Andream
1227 2079 1332 2162 primo
1363 2081 1476 2141 citatus

211 2200 279 2243 nou
306 2182 494 2264 comparuit.

320 2289 398 2351 Item
423 2309 504 2350 uxor
529 2288 682 2372 Stephani
717 2289 862 2352 Pundich
895 2304 1006 2353 contra
1031 2290 1208 2372 Georgium
1242 2290 1337 2353 Tuch
1370 2291 1476 2373 primo

211 2395 308 2457 citata
332 2414 398 2456 non
423 2395 613 2478 comparuit.

320 2501 398 2562 item
419 2501 581 2564 iohannes
604 2522 738 2586 arcupar
769 2515 878 2565 contra
912 2503 1071 2565 Briccium
1096 2502 1235 2584 juratum
1266 2503 1409 2565 secundo
1433 2503 1475 2564 ci·

210 2620 298 2670 tatus
320 2627 387 2668 nou
411 2608 601 2690 comparuit.

319 2712 397 2775 item
422 2713 542 2776 Micula
565 2727 654 2776 sutor
678 2727 789 2776 contra
807 2713 970 2776 Thomam
992 2727 1134 2776 sutorem
1158 2733 1252 2797 super
1276 2713 1360 2776 facto
1386 2711 1474 2776 furti·

211 2821 289 2884 ciuii
313 2821 460 2904 superius
483 2839 643 2904 expresso,
666 2839 758 2882 suum
785 2819 934 2904 deposuit
957 2819 1173 2902 juramentum
1197 2834 1232 2882 ut
1255 2821 1376 2882 debuit.

320 2927 399 2989 Item
415 2926 568 2989 Nicolaus
585 2927 710 2988 institor
727 2939 834 2989 noster
851 2927 991 2988 concivis
1008 2947 1080 2988 cum
1105 2925 1271 3008 fidedigno
1288 2927 1474 2990 testimonio

211 3053 321 3098 coram
345 3033 440 3095 nobis
453 3033 686 3115 comprobavit,
711 3033 798 3115 quod
825 3033 949 3095 Blasius
965 3047 996 3096 et
1020 3033 1165 3094 Thomas
1189 3033 1246 3096 filii
1272 3033 1406 3113 Franch,
1424 3033 1473 3096 sui

210 3141 274 3203 sint
304 3139 545 3220 consanguinei.

318 3247 396 3309 Item
421 3265 548 3308 causam
582 3247 663 3308 iuter
695 3246 854 3308 Briccium
887 3245 980 3308 Jofan
1006 3259 1036 3308 et
1068 3244 1230 3307 Andream
1255 3243 1357 3308 filium
1391 3247 1473 3308 Petri

211 3352 252 3415 de
278 3353 429 3415 Tornava
453 3353 493 3415 ad
518 3354 659 3436 primum
683 3353 838 3436 judicium
862 3353 903 3414 ad
927 3371 1039 3434 pacem
1064 3365 1261 3433 receperunt.

317 3457 395 3520 Item
420 3479 547 3521 causam
572 3459 654 3521 inter
685 3458 888 3521 Clementem
914 3471 1056 3519 sutorem
1088 3472 1118 3517 et
1150 3457 1319 3518 Nicolaum
1345 3476 1380 3518 ac
1405 3457 1472 3520 Ste-

211 3563 354 3646 phanum
380 3579 503 3626 sutores
527 3565 566 3626 ad
591 3585 702 3647 pacem
727 3577 925 3646 receperunt.

317 3671 396 3733 Item
421 3671 558 3734 Michael
575 3684 685 3733 contra
710 3671 897 3752 magistrum
916 3670 1115 3750 Stephanum
1141 3669 1298 3730 Rakarich
1322 3669 1421 3732 tercio
1439 3689 1472 3730 se

212 3777 336 3839 civibus
361 3796 454 3838 suum
476 3777 625 3860 deposuit
648 3777 863 3858 juramentum
888 3797 982 3857 super
1006 3795 1056 3854 eo,
1080 3775 1167 3856 quod
1193 3775 1259 3856 ipse
1284 3775 1315 3836 in
1341 3775 1471 3837 accione

210 3883 441 3947 subtractionis
464 3884 612 3966 palorum
637 3885 792 3945 innocens
816 3881 876 3944 fuit
900 3896 931 3944 et
955 3881 1117 3944 immunis.

368 4083 465 4158 Feria
494 4096 591 4158 sexta
620 4088 774 4176 proxima
804 4092 883 4158 aute
911 4085 1033 4157 iustum
1062 4083 1307 4156 Penthecostes.

753 4241 813 4316 (13.
837 4239 929 4316 mair).

317 4379 395 4442 Item
433 4377 552 4440 factum
588 4391 618 4440 et
651 4397 777 4440 causam
811 4379 892 4440 inter
923 4377 1081 4438 Briccium
1116 4375 1209 4436 Joian
1247 4389 1277 4436 et
1309 4373 1472 4436 Andream

210 4487 313 4550 filium
338 4485 422 4547 Petri
446 4485 486 4546 de
511 4485 662 4546 Tornava
695 4485 787 4566 probi
819 4484 877 4546 viri
907 4483 1013 4546 taliter
1037 4481 1237 4558 ordinarunt,
1269 4481 1357 4562 quod
1383 4479 1468 4541 idem

211 4593 355 4656 Andreas
379 4591 485 4674 primo
509 4591 568 4673 ipsi
594 4591 718 4654 Baiccio
741 4591 901 4653 tenebitur
923 4588 1102 4651 satisfacere
1127 4587 1166 4648 de
1189 4602 1311 4668 septem
1336 4585 1466 4648 florenis

212 4715 242 4762 et
273 4699 360 4762 idem
393 4697 534 4760 Briccius
565 4699 724 4760 tenebitur
754 4697 915 4759 remittere
943 4695 1002 4756 sibi
1034 4707 1138 4756 totum
1162 4693 1211 4774 jus
1235 4712 1328 4754 suum
1366 4738 1398 4754 ..
1435 4693 1467 4754 in

210 4808 304 4869 rebus
328 4804 477 4868 ethonis
501 4825 537 4866 ac
561 4804 816 4886 possessionibus
840 4814 949 4864 contra
973 4800 1111 4862 condam
1136 4798 1238 4880 Cigan
1269 4799 1425 4861 habitum.

315 4910 395 4973 Item
420 4928 499 4972 uxor
531 4909 683 4992 Stephani
718 4908 863 4970 Pundich
897 4921 1005 4969 contra
1039 4905 1216 4987 Georgium
1250 4905 1341 4967 Duch
1366 4906 1471 4988 primo

211 5017 302 5080 citata
334 5035 401 5078 non
426 5016 614 5099 comparuit.
