3796 5812
1437 565 1493 626 501

236 777 347 820 eorum
365 757 576 840 probaciones
600 758 738 820 debeant
762 759 983 840 comprobare,
1008 779 1082 820 nam
1107 760 1132 819 si
1156 759 1291 841 simplex
1317 773 1398 822 esset
1421 761 1498 822 civis

235 865 372 945 quilibet
395 865 629 946 quinquaginta
653 886 685 926 se
711 865 844 944 civibus,
869 865 924 925 sed
950 867 1025 947 quia
1054 865 1141 926 idem
1165 865 1327 927 lohannes
1351 881 1397 929 est
1421 867 1499 929 civis

235 985 266 1033 et
289 969 385 1051 judex
410 983 457 1032 est
480 971 684 1052 duplicantur
711 990 865 1052 persone;
891 970 930 1032 de
965 971 1082 1053 quibus
1106 971 1233 1053 judiciis
1264 972 1362 1034 iidem
1394 974 1499 1036 Bene·

235 1077 339 1140 dictus
362 1059 401 1140 et*
417 1077 536 1139 Paulus
560 1097 624 1139 non
648 1078 790 1140 contenti
815 1078 984 1160 premissas
1006 1098 1117 1140 eorum
1142 1097 1253 1140 causas
1277 1079 1497 1142 discuciendas

234 1197 423 1266 receperunt
447 1185 479 1246 in
504 1185 701 1267 presenciam
726 1186 900 1247 seniorum.

339 1289 416 1352 Item
441 1291 587 1352 Andreas
610 1290 695 1352 filius
713 1291 795 1352 Petri
821 1303 929 1352 noster
951 1289 1091 1351 concivis
1107 1289 1324 1372 juramentum
1349 1292 1498 1375 deposuit

233 1409 343 1458 contra
368 1397 534 1459 dominam
558 1402 685 1458 Annam
715 1397 857 1458 relictam
890 1395 1027 1458 condam
1060 1396 1214 1458 lobannis
1245 1398 1302 1460 filii
1328 1399 1495 1461 Michaelis

234 1501 273 1564 de
298 1502 439 1566 Tersech
463 1523 558 1586 super
582 1523 632 1580 eo,
656 1503 743 1584 quod
768 1503 835 1584 ipse
867 1522 923 1584 per
954 1503 1055 1585 ipsam
1081 1517 1111 1565 et
1142 1502 1338 1587 (familiares)
1363 1525 1438 1567 suos
1462 1506 1493 1566 in

233 1609 498 1672 concremacione
522 1610 638 1672 domus
663 1609 702 1670 ad
733 1609 919 1691 porcionem
951 1628 1041 1671 suam
1066 1609 1300 1692 quinquaginta
1324 1610 1392 1675 flor.
1425 1611 1496 1673 auri

232 1714 364 1798 dampni
389 1735 500 1798 passus
524 1717 688 1778 extitisset.

338 1820 417 1882 ltem
442 1834 556 1884 octavo
580 1821 632 1882 die
657 1822 784 1883 Turcus
807 1821 895 1883 solus
924 1834 955 1882 et
978 1841 1058 1882 uxor
1081 1841 1137 1883 sua
1167 1822 1265 1884 tercia
1287 1842 1319 1882 se
1344 1822 1497 1904 jurabunt

231 1946 326 2010 super
350 1948 401 2007 eo,
425 1929 513 2010 quod
538 1927 596 2012 (in)
625 1929 755 1990 accione
773 1928 935 1990 Valentini
960 1927 1053 2010 jurati
1070 1928 1167 1991 vicini
1193 1929 1382 1991 eorumdem
1400 1929 1492 1991 inno·

231 2047 338 2097 centes
362 2047 476 2098 essent.

339 2142 417 2204 ltem
443 2142 595 2204 Clemens
618 2141 832 2224 Zlepcheuich
858 2155 967 2205 contra
992 2143 1136 2204 Marcum
1159 2141 1264 2224 primo
1288 2142 1402 2204 citatus
1425 2161 1491 2204 non

233 2249 422 2332 comparuit.

340 2355 417 2416 ltem
435 2356 568 2417 sabbato
585 2355 732 2438 proximo
745 2369 817 2437 post
834 2353 948 2416 festum
967 2353 1221 2436 Epiphaniarum
1238 2353 1370 2416 Domini
1386 2375 1495 2438 supra·

230 2461 363 2541 dictum,
388 2462 420 2523 in
446 2482 540 2524 causa
557 2461 639 2523 inter
658 2461 836 2523 lobannem
855 2460 974 2523 Pehem
1001 2459 1104 2523 filium
1122 2459 1277 2522 lobannis
1302 2459 1494 2522 modernum

228 2567 368 2650 judicem
393 2572 433 2630 ab
450 2588 524 2646 una,
547 2581 636 2651 parte
653 2587 728 2628 vero
753 2588 789 2628 ex
815 2567 912 2629 altera
931 2567 1140 2630 Benedictum
1156 2565 1281 2650 pridem
1307 2579 1338 2628 et
1354 2566 1490 2628 Paulum

228 2674 422 2735 modernum
446 2675 566 2756 juratos
589 2673 673 2736 filios
698 2673 813 2756 Gyuan
846 2674 970 2756 pridem
994 2672 1109 2754 judicis
1134 2673 1210 2734 feria
1235 2687 1321 2735 sexta
1344 2673 1490 2755 proxima

228 2795 299 2864 post
332 2781 510 2862 predictum
543 2778 658 2842 festum
691 2779 944 2862 Epiphaniarum
977 2779 1107 2841 Domini
1143 2780 1363 2862 supradictum
1395 2793 1493 2860 mota,

229 2908 287 2970 per
311 2887 497 2969 juratosque
521 2886 615 2948 huius
648 2887 887 2948 communitatis
917 2886 1016 2948 modo
1041 2906 1106 2968 quo
1137 2906 1232 2968 supra
1255 2887 1398 2967 partibus
1430 2887 1493 2949 dis-

228 3015 317 3057 cussa
342 3009 372 3056 et
396 2994 586 3076 adjudicata,
610 3013 668 3075 pro
694 2993 902 3075 ulteriorique
926 2993 1123 3056 discussione
1148 3005 1179 3055 et
1203 2993 1439 3056 deliberacione
1458 2993 1492 3056 in

227 3101 426 3185 presenciam
452 3113 593 3161 nostram
625 3100 745 3162 scilicet
775 3099 938 3160 seniorum
970 3120 1026 3181 per
1057 3099 1188 3162 eosdem
1221 3099 1430 3161 Benedictum
1462 3113 1493 3164 et

228 3209 362 3270 Paulum
388 3220 525 3290 recepte,
559 3227 617 3268 nos
649 3207 789 3267 seniores
820 3206 890 3267 viso
920 3205 1040 3287 judicio
1071 3205 1247 3286 juratorum
1279 3205 1492 3288 suprascripto

227 3315 343 3378 exinde
369 3328 400 3376 et
423 3334 498 3376 sane
517 3313 730 3374 deliberantes
754 3312 1008 3394 adjudicavimus
1026 3332 1064 3374 eo
1085 3313 1195 3391 modo,
1212 3313 1301 3394 quod
1326 3313 1401 3394 quia
1419 3333 1490 3395 pre·

226 3421 282 3483 lati
307 3422 500 3484 Benedictus
532 3433 562 3482 et
594 3421 711 3482 Paulus
742 3421 772 3480 in
809 3433 917 3480 nostro
953 3435 983 3481 et
1006 3419 1109 3481 tocius
1144 3419 1383 3482 communitatis
1414 3439 1490 3482 con-

225 3541 336 3610 spectu
360 3529 489 3610 publice
514 3541 545 3590 et
569 3525 735 3588 manifeste
759 3525 821 3588 alta
846 3545 924 3587 voce
950 3525 1095 3606 pluribus
1127 3539 1157 3587 et
1180 3525 1341 3608 replicatis
1365 3525 1488 3588 vicibus

227 3635 259 3696 in
286 3635 362 3696 sede
389 3647 494 3696 nostra
525 3633 690 3715 judiciaria
726 3634 793 3714 ipse
822 3632 1012 3694 Benedictus
1036 3629 1194 3713 prefatum
1228 3631 1407 3693 lobannetn
1443 3631 1490 3714 ju-

226 3741 331 3802 dicem
349 3740 541 3802 modernum
566 3759 660 3802 suum
678 3739 840 3800 notorium
861 3739 1049 3820 predonem,
1066 3737 1206 3820 prelatus
1223 3757 1353 3819 quoque
1372 3739 1489 3800 Paulus

226 3846 366 3908 eundem
392 3843 573 3908 lohannem
597 3845 736 3927 judicem
763 3843 924 3906 falsarium
942 3859 972 3906 et
996 3844 1283 3926 calumpniatorem
1308 3863 1403 3905 suum
1420 3842 1488 3905 lore

226 3967 257 4015 et
280 3973 348 4015 esse
372 3954 552 4034 allegarunt
576 3966 607 4013 et
630 3952 778 4012 dixerunt
801 3965 831 4012 et
855 3950 915 4012 boc
939 3971 971 4012 se
999 3951 1209 4032 comprobare
1233 3949 1315 4010 velle
1340 3962 1371 4012 et
1394 3969 1488 4032 posse

225 4074 437 4138 asseruerunt,
471 4059 669 4121 consuetudo
701 4071 806 4119 autern
840 4057 975 4119 civitatis
1006 4059 1060 4118 ab.
1082 4055 1215 4137 antiquo
1248 4057 1423 4138 approbata
1454 4056 1488 4118 id

224 4167 295 4229 vult
320 4179 350 4228 et
375 4166 519 4247 requirit,
543 4179 578 4227 ut
602 4165 627 4226 si
652 4184 735 4225 unus
758 4163 835 4224 civis
859 4163 958 4225 alium
983 4163 1085 4224 civem
1111 4180 1218 4224 coram
1243 4161 1337 4223 nobis
1360 4161 1485 4224 insede

223 4271 391 4354 judiciaria
416 4291 510 4333 suum
534 4271 711 4354 predonem
726 4285 790 4332 'aut
814 4269 976 4331 falsarium
1001 4270 1068 4331 sive
1092 4269 1380 4351 calumpniatorem
1404 4289 1487 4330 asse·

223 4393 317 4457 reret,
341 4391 417 4440 tunc
441 4378 513 4440 talis
537 4378 807 4460 quinquagesimo
831 4397 864 4436 se
897 4377 1019 4438 civibus
1044 4395 1134 4438 suam
1165 4377 1331 4437 accionem
1356 4375 1487 4437 deberet

223 4486 446 4568 comprobare,
471 4484 526 4546 sed
552 4484 626 4565 quia
651 4482 791 4564 prefatus
815 4481 977 4544 lohannes
1009 4495 1116 4544 noster
1140 4481 1281 4543 concivis
1304 4501 1361 4564 per
1383 4493 1484 4543 totam

223 4591 490 4654 communitatem
516 4590 547 4650 in
572 4588 714 4650 officium
747 4587 905 4670 judicatus
937 4586 1018 4649 foret
1042 4588 1171 4666 electus,
1203 4587 1276 4650 ideo
1302 4587 1361 4670 ipsi
1385 4588 1499 4658 Bene·¹

223 4697 326 4758 dictus
350 4711 381 4758 et
404 4695 524 4758 Paulus
548 4695 768 4757 ducentesimo
793 4714 825 4755 se
843 4693 966 4756 civibus
989 4693 1092 4756 solitis
1119 4694 1307 4774 juramentis
1331 4693 1486 4776 depositis

225 4804 372 4866 acciones
397 4822 509 4865 eorum
534 4801 744 4884 comprobare
769 4799 906 4864 debeant
931 4813 961 4863 et
978 4813 1145 4862 teneantur
1169 4800 1220 4861 die
1245 4813 1359 4862 octavo
1376 4819 1485 4883 supra-

223 4911 309 4973 dicto
334 4924 443 4973 contra
468 4909 648 4972 lobannem
672 4907 908 4990 supradictum
933 4927 994 4989 que
1026 4907 1178 4988 premissa
1210 4919 1241 4968 et
1269 4926 1352 4967 nunc
1377 4925 1484 4968 coram

225 5018 319 5080 nobis
342 5037 375 5080 se
399 5031 596 5100 perpetrasse
621 5034 685 5077 non
710 5029 877 5096 negarunt.
