3852 5820
399 543 441 603 42
783 531 868 588 Anno
891 539 978 608 1417.
1005 563 1045 576 -
1070 527 1102 592 8.
1117 533 1269 608 januarii.
1318 495 1321 502 V

478 741 575 817 Faria
602 754 701 818 sexta
730 751 883 837 proxima
910 757 988 840 post
1014 750 1137 823 festum
1165 750 1426 842 Epiphaniarnm
1454 753 1594 826 Domini.

811 881 859 963 (8.
875 887 1026 962 januarii,
1049 906 1119 948 ann.
1143 886 1247 968 1417).

505 1023 583 1083 Item
612 1021 761 1107 Mychael
792 1023 878 1088 filius
901 1026 1026 1088 Nicolai
1059 1026 1134 1088 dicti
1168 1026 1321 1112 Kunsych
1353 1042 1463 1092 contra
1494 1029 1661 1092 dominam

401 1128 569 1190 Elizabeth
593 1127 693 1192 filiam
717 1130 816 1193 Marci
842 1131 1094 1216 Cherninouych
1118 1134 1223 1215 primo
1247 1134 1361 1196 citatus
1380 1154 1447 1196 non
1470 1136 1662 1218 comparuit.

504 1235 584 1297 Item
607 1254 738 1298 consors
761 1237 887 1300 Nicolai
913 1238 1067 1321 Lypouch
1086 1252 1196 1300 contra
1219 1239 1454 1322 Margaretham
1478 1253 1658 1303 consortem

399 1339 529 1423 Mathey
553 1341 746 1424 Tergouech
770 1344 912 1406 secundo
935 1345 1028 1406 citata
1052 1364 1119 1406 non
1142 1345 1332 1428 comparuit.

505 1448 583 1510 ltem
607 1469 702 1511 causa
724 1449 879 1512 Anthonii
905 1449 1019 1530 judicis
1034 1465 1070 1514 ut
1086 1451 1201 1514 actoris
1224 1464 1255 1513 et
1271 1455 1397 1534 Agnese
1415 1451 1523 1514 relicte
1540 1451 1660 1515 Cosme

398 1555 581 1617 stacionarii
605 1555 645 1617 ad
670 1556 810 1638 primum
834 1556 991 1638 judicium
1015 1570 1061 1620 est
1084 1571 1268 1641 prorogata.

504 1660 582 1722 ltem
608 1661 789 1744 Stephanus
813 1662 967 1746 Pundych
991 1677 1092 1726 sartor
1124 1677 1233 1726 contra
1258 1663 1425 1726 dominam
1457 1669 1585 1727 Annam
1609 1685 1658 1728 re·

397 1767 505 1829 lictam
530 1768 690 1830 Leonardi
714 1769 843 1831 sartoris
867 1769 971 1850 primo
993 1770 1106 1832 citatus
1130 1790 1195 1831 non
1221 1771 1411 1852 comparuit.

503 1873 581 1935 ltem
599 1873 673 1935 licet
697 1875 778 1936 inter
809 1875 960 1936 honestos
991 1876 1077 1938 viros
1100 1875 1301 1958 Mychaelem
1327 1877 1394 1938 Tar
1417 1879 1457 1939 ab
1482 1897 1556 1956 una,
1581 1878 1658 1940 item

398 1979 599 2063 Mychaelem
624 1979 761 2060 judicem
794 1979 896 2042 filium
926 1981 1115 2060 Sebastiani,
1142 1983 1173 2044 in
1202 2002 1339 2065 persona
1371 1983 1468 2045 Blasii
1492 1983 1549 2046 filii
1575 1985 1656 2046 Leo-

399 2087 490 2148 nardi
513 2101 602 2168 parte
627 2107 664 2148 ex
689 2087 798 2166 altera,
821 2088 885 2148 litis
902 2089 1033 2150 materia
1048 2090 1177 2150 suborta
1195 2089 1342 2168 extiterit,
1365 2102 1472 2151 tamen
1497 2091 1573 2172 quia
1590 2090 1656 2172 ipse

398 2208 503 2277 partes
526 2213 582 2276 per
606 2193 878 2276 composicionem
904 2207 936 2256 et
952 2194 1194 2256 ordinacionem
1216 2196 1392 2276 proborum
1415 2195 1558 2257 virorum
1582 2194 1659 2258 lide·

398 2300 572 2382 dignorum
598 2299 833 2362 concordarunt
856 2313 888 2362 et
918 2299 958 2360 ad
979 2299 1117 2382 perfecte
1150 2300 1237 2382 pacis
1267 2300 1467 2364 devenerunt
1492 2303 1658 2380 unionem,

398 2419 494 2490 prout
517 2405 630 2468 eedem
643 2419 748 2488 partes
772 2407 865 2468 nobis
889 2421 1039 2468 oretenus
1063 2407 1164 2489 ipsam
1182 2407 1388 2469 concordiam
1412 2408 1600 2486 retulerunt,
1624 2420 1655 2469 et

399 2515 500 2576 eciam
525 2513 585 2595 ipsi
609 2513 718 2574 arbitri
750 2511 979 2574 confirmarunt
1003 2513 1056 2592 ita,
1088 2526 1123 2574 ut
1146 2513 1214 2595 ipse
1240 2512 1386 2596 Mychael
1410 2511 1506 2594 juder
1530 2512 1652 2595 prelato

399 2618 558 2703 Mychaeli
583 2619 650 2680 Tar
674 2619 875 2701 quatraginta
900 2638 1022 2680 marcas
1046 2638 1204 2681 novorum
1238 2619 1454 2699 denariorum,
1479 2619 1657 2701 quamlibet

398 2743 538 2788 marcam
559 2744 616 2807 per
639 2725 783 2806 quinque
807 2744 921 2807 pensas
938 2725 1167 2808 computando,
1184 2725 1260 2788 dare
1284 2739 1315 2787 et
1331 2726 1493 2808 complere
1510 2738 1656 2788 teneatur

397 2831 503 2894 statim
527 2831 608 2893 sicut
632 2831 699 2913 ipse
725 2830 872 2914 Mychael
897 2831 963 2892 Tar
987 2831 1094 2894 literas
1118 2831 1332 2914 expeditorias
1364 2831 1471 2893 eidem
1495 2830 1654 2914 Mychaeli

398 2937 495 3019 judici
527 2937 701 3018 assignabit
733 2951 883 3020 exparte
907 2937 1042 3018 viceque
1066 2951 1097 2999 et
1128 2938 1261 3000 nomine
1290 2937 1421 3000 domine
1446 2937 1567 2999 Katuse
1591 2935 1654 2998 filie

399 3044 541 3108 eiusdem
568 3043 745 3126 Mychaelis
766 3043 937 3126 supradicti
963 3044 1040 3120 Tar,
1068 3045 1177 3106 relicte
1201 3043 1322 3106 scilicet
1344 3042 1457 3126 prefati
1483 3042 1653 3122 Leonardi,

398 3150 530 3212 nomine
554 3150 630 3211 dicti
654 3149 751 3211 Blasii
776 3150 866 3232 pueri
891 3149 1011 3212 scilicet
1035 3170 1093 3232 pro
1117 3151 1208 3224 dote;
1233 3150 1307 3212 ideo
1324 3150 1471 3211 universe
1495 3149 1612 3211 domus
1628 3161 1659 3210 et

399 3257 617 3338 possessiones
641 3275 703 3338 que
728 3256 827 3338 ipsius
851 3256 1010 3318 Leonardi
1035 3256 1236 3338 prefuissent,
1265 3256 1574 3338 quomodocumque
1604 3273 1659 3336 ap·

400 3362 528 3444 pellate,
554 3363 620 3444 ipse
651 3361 798 3445 Mychael
823 3360 891 3424 'l'ar
921 3360 1044 3444 prefato
1077 3362 1185 3424 Blasio
1209 3361 1331 3423 remisit
1359 3361 1391 3422 in
1416 3380 1552 3443 persona
1576 3361 1659 3422 dicte

401 3467 466 3531 filie
491 3489 557 3546 sue,
582 3488 662 3550 quas
685 3481 716 3530 et
740 3487 799 3529 nos
820 3468 925 3530 eidem
942 3468 1050 3529 Blasio
1070 3468 1238 3529 statuimus
1261 3481 1416 3550 perpetuo
1441 3466 1614 3548 possidere.
