3678 5800
555 537 640 594 Anno
664 551 754 613 1432.
778 570 822 580 -
845 551 898 596 21.
920 538 1029 596 martii.
1374 556 1429 614 ¹55

161 747 268 828 ipsam
293 761 472 830 perpetrata
497 763 527 809 et
550 748 684 810 salutern
710 747 816 809 anime
840 767 896 808 sue
929 763 1152 828 consequatur,
1176 761 1206 810 et
1230 749 1368 830 amplius
1393 769 1426 810 se

160 855 201 914 ab
226 852 416 916 huiusmodi
441 853 606 916 maleficiis
628 855 693 916 suis
725 853 903 933 restringat,
936 854 1071 914 eandem
1097 855 1232 916 Elenam
1266 873 1373 916 rursus
1399 856 1431 916 in

161 960 315 1022 eculeum
339 961 417 1042 poni
442 973 473 1022 et
496 960 626 1022 tandem
651 961 763 1044 excipi,
788 963 959 1024 etiterum
984 961 1105 1022 baculis
1129 961 1262 1041 turpiter
1287 961 1325 1022 de
1351 961 1427 1022 civi-

163 1079 227 1128 tate
254 1081 285 1129 et
310 1068 378 1130 eius
401 1067 561 1129 territorio
579 1067 695 1149 expelli
720 1068 779 1150 ipsi
805 1068 897 1148 jurati
924 1068 968 1128 sic
986 1066 1163 1148 judicantes
1193 1067 1431 1146 commiserunt,

162 1187 197 1235 ut
222 1173 265 1236 de
290 1186 395 1243 cetero
420 1187 450 1234 et
474 1193 530 1256 per
554 1173 692 1255 amplius
713 1174 897 1236 nullatenus
914 1175 945 1236 in
971 1173 1131 1234 civitatem
1156 1187 1186 1233 et
1210 1173 1278 1234 eius
1301 1173 1425 1236 territo·

162 1279 250 1340 rium
284 1281 402 1340 intrare
435 1299 493 1340 nec
523 1280 633 1342 venire
658 1293 836 1362 presumat;
870 1279 1067 1362 quequidem
1100 1279 1200 1340 Elena
1233 1279 1257 1340 si
1290 1279 1353 1360 jam
1378 1299 1434 1361 per

166 1385 309 1468 amplius
335 1400 481 1468 repperta
505 1385 601 1448 fuerit
625 1386 656 1446 in
681 1386 807 1448 civitate
840 1400 870 1448 et
894 1388 962 1448 eius
985 1385 1156 1461 territorio,
1181 1397 1295 1446 extunc
1321 1386 1434 1446 eadem

163 1491 268 1552 Elena
299 1493 420 1574 absque
452 1493 541 1554 omni
574 1492 791 1554 misericordia
824 1511 940 1574 penam
973 1491 1055 1573 ignis
1088 1505 1118 1552 et
1150 1491 1300 1570 incendii,
1336 1510 1433 1572 quarn

166 1597 382 1676 demeruerat,
407 1611 630 1680 consequetur.

274 1704 352 1766 ltem
375 1704 468 1786 jurati
490 1704 764 1785 adjudicaverunt,
791 1717 824 1766 ut
847 1704 923 1785 quia
941 1703 1052 1765 Petrus
1073 1717 1161 1766 sutor
1177 1723 1275 1785 gener
1299 1704 1428 1766 Martini

166 1809 400 1872 Plemenschalr
417 1811 492 1872 bina
505 1812 573 1872 vice
586 1809 808 1872 testimonium
821 1825 930 1872 contra
948 1810 1147 1892 Stephanum
1164 1810 1303 1890 juratum
1323 1810 1430 1873 Kneht

163 1933 318 1978 vocatum
343 1937 504 2000 supereo,
522 1931 556 1980 ut
573 1937 648 1980 eum
666 1916 915 1978 inverecundare
933 1929 1040 1998 posset
1056 1916 1217 1998 produxit,
1239 1916 1327 1998 quod
1344 1917 1430 1978 testi·

163 2023 315 2084 monium
340 2023 372 2084 in
396 2025 527 2086 accione
552 2023 651 2106 ipsius
674 2023 758 2085 Petri
782 2023 899 2084 sutoris
915 2035 1026 2084 contra
1051 2023 1155 2104 ipsum
1181 2022 1290 2084 Kneht
1312 2041 1429 2104 propo·

161 2130 223 2190 sita
250 2129 370 2191 dimisit
404 2143 434 2190 et
458 2129 589 2211 reliquit
613 2129 752 2191 eundem
779 2129 919 2206 Petrum,
948 2129 1087 2210 ideoque
1114 2129 1180 2211 ipse
1207 2129 1319 2190 Petrus
1342 2141 1430 2191 actor

162 2237 196 2296 in
223 2236 295 2317 ipso
320 2234 404 2297 iacto
420 2255 479 2296 suo
496 2251 606 2297 contra
623 2235 743 2297 dictum
770 2235 968 2316 Stephanum
986 2234 1125 2314 juratum
1146 2248 1313 2316 tamquam
1337 2235 1430 2296 inno·

163 2342 255 2402 sium
281 2354 312 2403 et
336 2343 497 2404 insontem
525 2342 676 2404 remansit
701 2343 732 2402 in
762 2341 901 2421 birsagio
925 2355 998 2402 octo
1023 2361 1201 2402 marcarum
1227 2341 1431 2402 denariorum

162 2468 224 2530 pro
258 2447 380 2530 duplici
412 2448 630 2531 produccione
661 2448 789 2510 testium
815 2462 846 2510 et
877 2448 1064 2508 actitacione
1099 2447 1231 2530 duplici,
1263 2461 1294 2508 et
1325 2461 1434 2509 contra

164 2555 434 2616 communitatem
459 2555 491 2616 in
516 2554 640 2615 duabus
664 2554 777 2616 marcis
802 2553 1008 2614 denariorum
1025 2554 1139 2615 ordine
1164 2553 1241 2634 juris
1258 2553 1433 2635 condemp-

164 2675 272 2738 natus,
297 2660 385 2742 quod
410 2661 518 2742 itaque
543 2660 718 2742 birsagium
750 2673 823 2722 octo
849 2679 1027 2721 marcarum
1059 2661 1265 2722 denariorum
1290 2658 1430 2742 prefatus

164 2765 350 2848 Stephanus
373 2767 494 2846 juratus
509 2767 567 2829 toti
585 2766 807 2828 communitati
826 2766 966 2846 predicte
984 2766 1228 2847 extorquendos
1252 2779 1283 2828 et
1309 2767 1340 2828 in
1360 2785 1435 2828 usus

164 2893 358 2936 communes
382 2874 591 2956 exponendos
615 2873 747 2936 donavit
771 2873 803 2934 in
829 2872 949 2953 judicio
973 2892 1081 2934 coram
1105 2886 1172 2935 tota
1197 2873 1429 2935 communitate

164 2981 298 3062 publice
324 2995 355 3042 et
378 2978 556 3043 manifeste.

276 3086 353 3148 ltem
371 3086 463 3168 jurati
488 3085 754 3168 adjudicaverunt
778 3087 809 3148 in
835 3105 928 3147 causa
957 3085 1085 3146 Thome
1111 3085 1377 3148 molendinatoris
1404 3099 1434 3148 et

164 3193 282 3254 decani
310 3193 448 3272 lwanelr‚
473 3205 507 3254 ut
532 3194 597 3275 ipse
623 3192 768 3254 Thomas
792 3191 870 3253 leria
893 3205 978 3253 sexta
996 3206 1067 3273 post
1091 3205 1218 3254 octavas
1243 3192 1339 3253 Pasce
1366 3191 1430 3253 Do·

165 3299 247 3360 mini
272 3299 361 3360 solus
385 3319 480 3381 super
504 3319 590 3360 aram
616 3313 725 3360 contra
758 3299 862 3380 ipsum
894 3297 1052 3359 decanum
1085 3298 1210 3359 lwanek
1233 3297 1328 3360 debet
1352 3297 1435 3378 jura-

165 3421 316 3467 mentum
330 3405 493 3486 deponere
506 3425 601 3488 super
615 3425 664 3480 eo,
688 3419 723 3466 ut
736 3405 802 3486 ipse
817 3403 962 3466 Thomas
979 3404 1098 3466 dictum
1118 3404 1275 3465 decanum
1290 3404 1432 3465 lwanum

165 3532 270 3593 usque
296 3511 337 3572 ad
362 3527 500 3574 mortem
522 3532 612 3573 suam
631 3531 817 3573 conservare
842 3526 872 3571 et
897 3511 1016 3572 nutrire
1033 3529 1098 3571 non
1122 3511 1352 3592 assumpsisset,
1370 3530 1428 3571 nec

165 3619 291 3700 aliquid
317 3617 422 3680 eidem
447 3618 574 3700 penitus
598 3616 700 3680 lacere
723 3637 780 3678 seu
805 3617 880 3678 dare
906 3617 1111 3697 promisisset.

274 3725 352 3786 ltem
378 3723 471 3804 jurati
493 3723 767 3804 adjudicaverunt,
785 3737 820 3786 ut
844 3723 996 3785 Nicolaus
1021 3723 1145 3804 pridem
1170 3722 1264 3803 judex
1289 3737 1319 3784 et
1345 3723 1426 3784 Mar·

164 3832 254 3892 tinus
278 3831 405 3912 pridem
430 3829 550 3911 juratus
567 3829 644 3891 feria
668 3843 754 3892 sexta
771 3830 916 3913 proxima
940 3843 1010 3910 post
1030 3843 1158 3890 octavas
1184 3829 1278 3889 Pasce
1298 3828 1430 3889 Domini

165 3957 263 4019 super
288 3957 377 3998 aram
402 3937 520 3998 debent
544 3935 647 4019 jurare
675 3957 769 4018 super
794 3957 843 4014 eo,
874 3956 969 4018 super
1001 3936 1177 4017 dampnum
1203 3955 1296 3996 suum
1323 3948 1433 3996 contra

168 4043 371 4123 Stephanum
390 4056 530 4105 sutorem
556 4063 612 4125 per
628 4043 732 4124 ipsum
751 4044 827 4124 ipsis
844 4041 961 4102 lactum
979 4041 1047 4101 sola
1065 4042 1207 4122 ipsorum
1234 4041 1265 4102 in
1284 4060 1432 4122 persona,

166 4163 198 4210 et
223 4169 319 4231 super
344 4159 550 4230 quocumque
575 4149 759 4230 juraverint,
786 4149 816 4208 id
843 4148 907 4230 ipse
927 4147 1107 4228 Stephanus
1131 4147 1224 4208 dictis
1248 4147 1385 4208 Nicolao
1403 4159 1434 4208 et

168 4257 311 4318 Martino
336 4256 517 4338 persolvere
541 4257 703 4318 tenebitur
728 4255 841 4316 ordine
866 4254 943 4336 juris
968 4255 1159 4336 requirente.

239 4475 335 4548 Faria
364 4484 462 4548 sexta
488 4477 645 4548 videlicet
674 4479 706 4546 ln
734 4475 820 4546 festo
848 4475 937 4546 beati
968 4475 1136 4545 Benedicti
1165 4473 1298 4544 abbatis
1328 4482 1361 4544 et

690 4599 903 4672 confessoris.

695 4752 758 4832 (21.
791 4754 915 4826 marlei).

280 4895 359 4956 ltem
383 4893 475 4975 jurati
500 4892 776 4974 adjudicaverunt,
800 4893 888 4973 quod
912 4892 987 4972 quia
1012 4891 1232 4953 testimonium
1256 4910 1312 4951 seu
1329 4903 1433 4967 testes,

172 5001 264 5087 quod
289 5000 339 5062 vel
364 5020 445 5085 quos
469 5001 580 5064 Petrus
603 5012 692 5062 sutor
716 4998 799 5062 lilius
824 4998 990 5061 Michaelis
1015 5013 1048 5059 ut
1079 5012 1176 5078 actor,
1200 5011 1308 5059 contra
1333 4996 1432 5077 magi·
