3678 5800
419 623 580 630 ----—-
600 625 624 630 .-

421 534 483 578 220
795 523 994 598 Am1435.
1017 555 1060 564 -
1083 536 1133 582 21.
1150 524 1301 598 januarii.

419 729 494 812 quia
520 729 605 792 idem
631 730 799 794 Emericua
823 731 911 794 solus
934 733 967 794 in
1000 732 1114 795 eadem
1143 733 1218 794 sede
1243 747 1350 796 nostra
1381 733 1547 815 judiciaria
1571 755 1675 798 coram

418 837 531 918 populi
565 837 773 902 multitudine
804 837 969 900 confessus
1000 839 1103 902 extitit
1134 853 1310 922 spontanea
1340 860 1397 902 sua
1427 860 1517 921 voce,
1549 855 1584 904 ut
1614 843 1678 924 ipse

418 943 563 1026 predicto
588 943 682 1028 Gyan
706 944 836 1027 pellifici
861 947 1005 1028 quinque
1030 945 1143 1008 diebus
1164 947 1312 1009 servisset
1335 961 1367 1008 et
1389 948 1432 1008 ob
1455 947 1517 1010 hoc
1542 948 1678 1010 eundem

418 1050 451 1111 in
476 1070 515 1112 eo
541 1065 683 1132 rogasset
707 1065 738 1114 et
761 1052 962 1134 postulasset,
987 1067 1022 1114 ut
1046 1053 1151 1134 ipsum
1183 1053 1215 1114 in
1240 1053 1381 1134 predicta
1414 1074 1508 1116 causa
1531 1075 1589 1116 sua
1613 1055 1678 1137 ipse

420 1155 513 1240 Gyan
538 1157 668 1239 pellifex
690 1159 819 1222 racione
844 1158 1002 1221 dictarum
1023 1179 1130 1221 rerum
1153 1179 1283 1221 suarum
1301 1181 1338 1221 ex
1362 1174 1450 1242 parte
1474 1161 1608 1244 dampni
1632 1163 1678 1224 sui

419 1264 552 1346 predicti
577 1285 673 1347 super
696 1266 827 1328 eosdem
853 1266 910 1327 XL
935 1265 1084 1327 denarios
1107 1265 1279 1328 dimisisset
1310 1286 1388 1347 pure
1421 1281 1551 1349 propter
1576 1268 1682 1346 deum,

420 1371 509 1452 quod
533 1372 634 1434 eciam
659 1371 811 1434 dominus
835 1373 1048 1434 Constantius
1076 1371 1274 1453 suffragenus
1296 1371 1416 1434 ibidem
1434 1374 1532 1434 nostri
1559 1374 1591 1434 in
1615 1394 1682 1455 pre·

420 1477 525 1538 sencia
544 1477 753 1558 personaliter
769 1477 955 1540 adherendo
972 1478 1096 1539 audivit
1113 1493 1144 1540 et
1160 1479 1301 1560 percepit
1318 1478 1410 1539 valde
1428 1480 1521 1557 bene,
1539 1479 1678 1561 ideoque

420 1601 479 1642 nos
503 1584 643 1644 eundem
668 1583 761 1667 Gyan
787 1583 957 1666 pellificem
983 1597 1093 1645 contra
1125 1584 1304 1666 predictum
1331 1585 1514 1646 Emericum
1540 1599 1572 1647 et
1596 1586 1679 1667 ipsos

418 1687 570 1751 dominos
595 1689 736 1772 Capituli
762 1689 895 1771 predicti
921 1709 1015 1751 causa
1033 1690 1065 1750 in
1090 1690 1244 1771 premissa
1261 1692 1483 1752 commisimus
1500 1711 1558 1774 per
1575 1694 1680 1754 omnia

421 1794 616 1876 expeditum.

529 1901 606 1963 ltem
631 1921 725 1966 causa
755 1901 883 1985 Mathye
915 1903 1024 1984 generi
1050 1901 1207 1964 Rakarich
1233 1923 1306 1964 cum
1338 1903 1439 1964 Paulo
1464 1903 1683 1965 Sulltovvichin

416 2007 455 2068 ad
482 2005 594 2069 leriam
618 2009 750 2070 terciam
773 2009 919 2092 proxime
944 2028 1029 2070 nunc
1053 2023 1219 2070 venturam
1237 2009 1278 2070 ad
1302 2029 1415 2091 pacem
1439 2024 1485 2072 est
1512 2024 1682 2092 prorogata

416 2133 472 2195 per
495 2117 615 2196 probos
639 2115 734 2178 viros.

523 2222 600 2284 ltem
624 2223 699 2304 quia
724 2223 856 2284 domina
874 2223 1004 2305 Agycha
1029 2223 1138 2284 relicta
1156 2222 1293 2284 condam
1308 2221 1459 2306 Gasparis
1484 2223 1540 2285 filii
1561 2225 1680 2286 Miclini

417 2327 532 2408 judicis
556 2345 587 2392 et
611 2329 757 2414 Mathyas
780 2329 902 2410 juratus
925 2327 1010 2390 filius
1041 2328 1207 2410 Stephani,
1232 2329 1381 2392 concives
1414 2331 1524 2408 nostri,
1554 2331 1586 2392 id
1611 2351 1680 2392 cum

415 2435 585 2499 sufficienti
602 2451 633 2500 et
645 2435 809 2518 fidedigno
827 2449 1009 2498 nostrorum
1028 2435 1211 2497 concivium
1229 2435 1417 2497 testimonio
1432 2436 1464 2497 in
1480 2435 1558 2497 sede
1575 2450 1678 2497 nostra

415 2543 579 2625 judiciaria
604 2544 687 2608 clare
712 2556 743 2604 et
766 2543 885 2604 seriose
909 2561 1017 2604 coram
1043 2541 1137 2604 nobis
1164 2543 1426 2623 comprobarunt,
1454 2555 1489 2604 ut
1515 2542 1593 2604 dum
1617 2547 1679 2603 An·

414 2651 544 2712 thonius
566 2671 675 2714 servus
699 2650 836 2712 condam
853 2649 1093 2711 tricesimatoris
1117 2647 1201 2710 filius
1220 2648 1360 2710 Ladislai
1385 2651 1417 2710 in
1442 2649 1592 2711 extremis
1616 2649 1676 2711 vite

415 2777 471 2818 sue
495 2758 683 2839 temporalis
707 2757 891 2834 laborasset,
925 2769 1001 2817 tunc
1033 2755 1100 2837 ipse
1131 2754 1339 2817 medietatem
1374 2755 1542 2816 cuiusdam
1567 2756 1677 2816 domus

416 2883 471 2924 sue
497 2877 527 2926 et
552 2863 642 2926 fundi
657 2885 692 2925 ac
717 2863 835 2924 cellarii
854 2875 885 2924 et
901 2860 1135 2939 hedificiorum,
1149 2861 1254 2943 ipsum
1267 2859 1406 2941 juridice
1424 2877 1674 2939 conternantem,

415 2970 556 3052 predicte
581 2970 714 3052 Agyche
738 2969 864 3031 mulieri
888 2967 994 3030 socrui
1018 2987 1074 3029 sue
1098 2966 1166 3047 jure
1197 2967 1384 3050 perhennali
1417 2968 1553 3048 legasset
1575 2967 1670 3049 possi·

414 3076 564 3156 dendam,
589 3076 685 3139 aliam
709 3090 815 3137 autem
840 3074 1045 3137 medietatem
1068 3073 1213 3136 eiusdem
1238 3073 1364 3154 domus,
1382 3073 1485 3150 fundi,
1501 3075 1617 3137 cellarii
1641 3087 1671 3134 et

414 3181 637 3246 hedificiorum
662 3181 813 3265 predictis
837 3181 968 3263 Agyche
992 3193 1023 3242 et
1044 3179 1173 3262 Mathye
1191 3179 1305 3260 jurat0,
1329 3177 1417 3242 affini
1441 3201 1512 3259 suo,
1536 3179 1666 3242 vendere

414 3303 445 3352 et
468 3309 526 3371 pro
551 3290 658 3352 anima
681 3307 739 3350 sua
761 3286 941 3370 expendere
966 3286 1134 3367 legavisset
1158 3299 1189 3346 et
1212 3287 1436 3364 commisisset,
1461 3287 1598 3367 ideoque
1614 3305 1667 3348 nos

414 3395 588 3477 predictam
613 3415 711 3457 unam
735 3394 940 3456 medietatem
965 3392 1064 3474 ipsius
1088 3392 1214 3472 domus,
1237 3391 1339 3470 fundi,
1364 3392 1484 3455 cellarii
1512 3407 1543 3454 et
1566 3391 1669 3453 hedifi-

414 3501 537 3563 ciorum
569 3521 641 3564 curn
673 3503 738 3563 suis
769 3499 974 3583 pertinenciis
1011 3498 1152 3580 predicte
1185 3498 1318 3582 Agyche
1350 3499 1477 3562 mulieri
1510 3499 1667 3561 statuimus

414 3621 569 3690 perpetuo
594 3609 820 3692 possidendam
852 3621 883 3669 et
914 3605 1222 3688 quomodocumque
1257 3606 1396 3668 voluerit
1428 3606 1663 3683 disponendam,

413 3715 590 3796 predictam
603 3729 709 3776 autem
723 3715 818 3776 aliam
834 3713 1039 3776 medietatem
1056 3725 1205 3774 annotate
1220 3711 1335 3773 domus
1348 3725 1379 3774 et
1396 3710 1487 3773 fundi
1505 3733 1540 3774 ac
1554 3710 1663 3774 cellarii

414 3835 444 3882 et
467 3820 690 3883 hedificiorum
715 3841 788 3882 cum
823 3821 888 3882 suis
910 3819 1125 3902 pertinenciis,
1158 3818 1307 3900 predictis
1332 3817 1463 3900 Agyche
1492 3817 1612 3880 mulieri
1636 3831 1665 3878 et

415 3927 543 4011 Mathye
568 3928 671 4010 jurato
696 3928 916 3990 commisimus
941 3940 972 3989 et
995 3926 1163 3988 statuimus
1195 3923 1397 3986 vendendam
1426 3937 1457 3986 et
1480 3925 1578 3986 modo
1600 3941 1662 4006 pre-

413 4035 510 4096 misso
535 4034 770 4116 disponendam
797 4045 827 4094 et
851 4031 1107 4113 expendendam.

519 4141 597 4204 ltem
629 4141 722 4222 jurati
754 4139 1035 4220 adiudicaverunt,
1067 4137 1155 4219 quod
1186 4137 1319 4199 domina
1354 4137 1390 4200 B.
1423 4157 1503 4199 uxor
1534 4134 1661 4218 magistri

413 4245 568 4308 lobannis
591 4247 725 4309 oculiste
742 4259 856 4308 octavo
881 4245 933 4306 die
956 4264 1051 4327 super
1071 4263 1157 4306 aram
1176 4255 1285 4305 contra
1310 4243 1517 4304 Franciscutn
1533 4256 1662 4304 sutorem

413 4353 514 4416 filium
541 4354 660 4416 Cosme
684 4353 787 4434 jurare
812 4353 908 4414 debet
931 4372 1025 4433 super
1048 4371 1098 4429 eo,
1123 4365 1158 4412 ut
1181 4351 1248 4432 ipse
1273 4349 1462 4411 Franciscus
1486 4349 1586 4411 eidem
1607 4345 1661 4407 do-

413 4460 500 4521 mine
524 4479 582 4542 pro
606 4461 714 4541 precio
740 4459 856 4520 domus
881 4479 936 4520 sue
959 4472 1023 4520 tres
1048 4457 1118 4519 flor.
1144 4457 1210 4519 auri
1244 4455 1401 4518 debitoris
1426 4456 1612 4537 obligaretur
1635 4465 1664 4513 et

413 4580 562 4647 quartum
587 4565 656 4628 flor.
681 4566 749 4628 auri
774 4566 833 4626 sibi
859 4565 1016 4628 mutuavit
1040 4578 1071 4626 et
1094 4563 1259 4626 concessit.

519 4673 597 4734 Item
615 4672 717 4734 eciam
742 4671 836 4752 jurati
862 4671 1137 4752 adjudicaverunt,
1161 4683 1195 4732 ut
1211 4670 1374 4753 predictus
1390 4669 1573 4732 Franciscus
1591 4663 1662 4726 soli-

414 4779 513 4840 tarius
537 4778 632 4840 debet
664 4777 768 4860 jurare
803 4791 911 4840 contra
944 4777 1118 4858 predictam
1149 4777 1314 4840 dominam
1347 4796 1442 4859 super
1471 4796 1519 4856 e0,
1542 4787 1572 4836 ut
1597 4771 1660 4853 ipse

416 4885 602 4946 Franciscus
627 4903 700 4946 cum
726 4885 830 4946 bobus
853 4904 908 4945 seu
933 4883 1084 4966 jumentis
1107 4884 1172 4944 suis
1196 4883 1257 4965 ipsi
1281 4883 1412 4946 domine
1437 4884 1572 4965 quinque
1593 4876 1660 4938 flor.

414 4993 482 5056 auri
512 4991 744 5054 deservivisset.

939 5091 1149 5110 v—uo-ffl—

1815 3351 1817 3406 t
