3734 5796
538 574 624 631 Anno
646 586 739 652 1439.
766 606 806 617 -
831 567 882 632 18.
907 572 1066 634 decembris.
1370 589 1429 652 323

167 786 358 848 kathernum
381 800 527 848 nostrum
545 803 751 847 communem
768 803 826 866 pro
848 783 917 846 lure
935 782 1106 846 manifesto
1124 784 1280 866 proscribi
1299 782 1434 846 fecimus

171 893 226 954 tali
251 893 362 971 modo,
386 907 421 956 ut
446 894 471 954 si
497 893 564 975 ipse
580 891 765 954 Anthonius
782 890 956 973 Pomigach
981 891 1020 952 de
1044 903 1149 952 cetero
1174 903 1206 952 et
1221 909 1278 971 per
1294 890 1434 972 amplius

170 999 202 1060 in
228 999 389 1061 territorio
406 999 542 1060 civitatis
559 997 701 1080 predicte
726 997 943 1079 deprehensus
960 995 1065 1074 luerit,
1089 996 1175 1078 juxta
1199 1015 1256 1056 sua
1281 993 1435 1058 demerita

168 1124 285 1187 penam
311 1105 462 1188 supplicii
488 1125 584 1188 quam
611 1103 804 1166 demeruerit
821 1117 1034 1185 consequetur
1050 1101 1135 1186 juxta
1161 1101 1342 1164 libertatern
1360 1100 1435 1167 citi·

165 1211 238 1273 tatis
261 1211 402 1294 predicte
432 1211 678 1294 privilegiatam.

230 1446 327 1522 Feria
354 1456 453 1522 sexta
479 1453 635 1539 proxima
665 1459 741 1540 post
768 1451 893 1523 festum
926 1453 1021 1524 beate
1051 1451 1149 1524 Lacte
1178 1451 1323 1540 virginis
1351 1456 1385 1521 et

647 1577 801 1647 martiris
829 1573 964 1647 Christi.

671 1743 735 1820 (18.
758 1747 932 1823 decembris).

278 1901 356 1963 ltem
380 1901 529 1984 quamvis
553 1901 656 1964 Lucas
687 1901 772 1966 filius
803 1902 933 1986 Mathye
957 1903 996 1965 de
1022 1903 1259 1967 Chernomercz
1290 1905 1322 1966 in
1347 1902 1435 1968 furto

169 2005 339 2070 manifesto
352 2021 495 2090 repertus
511 2021 557 2070 est
582 2028 621 2069 eo
646 2008 756 2088 modo,
774 2009 940 2091 quomodo
964 2009 1030 2092 ipse
1055 2009 1230 2092 quamdam
1248 2030 1358 2093 peram
1375 2031 1435 2074 seu

171 2114 300 2176 bursam
326 2113 491 2176 cuiusdam
516 2111 683 2176 familiaris
713 2135 770 2176 seu
802 2115 964 2178 servitoris
995 2116 1119 2179 domini
1149 2115 1284 2198 Georgii
1309 2117 1437 2201 dezpoti

169 2221 275 2303 Rasye
309 2233 340 2282 et
363 2219 487 2282 domini
512 2219 645 2282 Albram
677 2221 860 2303 nuperrime
884 2222 916 2283 in
948 2219 1019 2284 loro
1043 2241 1116 2285 cum
1153 2223 1286 2286 cultello
1310 2224 1439 2306 precisit

171 2340 202 2388 et
226 2328 392 2407 subtraxit,
417 2340 448 2390 et
471 2345 529 2410 pro
553 2327 609 2390 tali
634 2325 718 2389 furto
742 2347 859 2410 penam
876 2348 973 2410 quam
998 2327 1084 2412 juxta
1103 2341 1253 2391 contenta
1277 2329 1437 2412 privilegii

170 2434 385 2495 demeruisset
408 2434 516 2496 subire
540 2447 571 2495 et
594 2433 660 2516 pati
685 2433 857 2513 debuisset,
890 2447 997 2496 tamen
1022 2434 1097 2518 quia
1122 2433 1264 2518 prelatus
1288 2436 1439 2498 dominus

173 2538 331 2621 dezpotus
359 2559 419 2601 nos
449 2559 561 2623 ymmo
591 2553 692 2602 totam
725 2541 988 2603 communitatem
1023 2540 1249 2602 instantissime
1281 2561 1438 2626 supereo

172 2645 358 2728 postulavit,
383 2659 417 2708 ut
441 2645 545 2729 ipsum
572 2647 692 2708 Lucam
717 2647 837 2729 absque
861 2649 950 2708 omni
975 2667 1056 2730 pena
1074 2661 1105 2708 et
1128 2647 1289 2730 supplicio
1313 2649 1345 2710 in
1370 2669 1438 2710 cor-

171 2771 251 2834 pore
278 2751 405 2814 illesum
431 2765 461 2814 et
485 2752 622 2816 liberum
647 2753 791 2816 emittere
810 2753 1026 2836 dignaremur,
1051 2753 1190 2837 ideoque
1215 2775 1274 2817 nos
1298 2756 1436 2818 eundem

171 2859 293 2921 Lucam
318 2861 357 2920 ab
383 2859 472 2921 omni
497 2873 635 2942 penset
666 2861 824 2944 supplicio
859 2861 986 2923 illesum
1011 2861 1043 2922 in
1077 2881 1213 2943 corpore
1247 2875 1277 2924 et
1300 2862 1438 2926 liberum

174 2965 214 3026 de
239 2965 422 3048 captivitate
453 2965 596 3047 predicta
628 2967 793 3030 emisimus
824 2968 1060 3030 committentes
1089 2981 1120 3029 et
1151 2967 1359 3030 decernentes
1382 2969 1438 3031 tali

171 3071 283 3150 modo,
307 3084 344 3133 ut
367 3071 392 3132 si
418 3071 457 3132 de
482 3085 586 3133 cetero
611 3086 642 3134 et
665 3093 722 3156 per
754 3074 892 3156 amplius
916 3073 949 3134 in
980 3073 1141 3135 similibus
1165 3085 1219 3135 aut
1243 3073 1316 3136 aliis
1339 3073 1439 3136 male·

174 3178 255 3241 ficiis
279 3177 497 3259 deprehensus
528 3177 633 3256 luerit,
669 3199 784 3261 penam
820 3180 969 3262 supplicii
1004 3197 1102 3261 quam
1136 3179 1330 3242 demeruerit
1364 3200 1439 3242 con-

173 3295 336 3366 sequetur.

278 3389 356 3452 ltem
390 3391 549 3452 Fabianus
573 3390 713 3473 agricola
745 3404 854 3454 contra
886 3392 1094 3456 Valentinum
1125 3392 1263 3474 juratum
1296 3390 1438 3454 secundo

174 3497 289 3559 citatus
312 3516 378 3558 non
407 3498 596 3580 comparuit.

280 3621 358 3682 ltem
385 3641 514 3684 causam
538 3641 635 3704 quam
659 3621 849 3685 Valentinus
865 3622 1025 3705 Wychich
1049 3642 1121 3684 cum
1140 3621 1278 3704 quadam
1305 3579 1439 3683 muliere

173 3749 304 3791 movere
328 3729 466 3791 babebat
490 3749 597 3790 coram
623 3729 726 3808 nobis,
752 3730 791 3791 de
810 3730 954 3811 parcium
979 3730 1143 3792 voluntate
1168 3727 1208 3790 ad
1233 3732 1373 3811 primum
1391 3726 1439 3807 ju·

174 3835 294 3899 dicium
319 3835 469 3898 duximus
494 3835 742 3918 prorogandam.

279 3960 357 4022 Item
382 3959 584 4022 fideiussores
617 3960 765 4042 Gregorii
796 3960 852 4022 filii
878 3960 1038 4024 Valentini
1072 3960 1211 4022 eundem
1238 3959 1434 4042 Gregoriunt

173 4068 293 4132 debent
317 4087 424 4130 coram
449 4068 555 4150 judice
580 4081 610 4130 et
633 4067 742 4150 juratis
765 4082 902 4130 statuere
925 4067 965 4129 ad
990 4067 1148 4149 justiciam
1172 4067 1271 4130 tercio
1297 4066 1360 4130 die.

281 4191 357 4253 ltem
381 4191 475 4274 jurati
501 4191 765 4272 adjudicaverunt
796 4211 923 4254 causam
946 4189 1077 4276 Gyurak
1110 4190 1202 4272 jurati
1228 4204 1259 4253 et
1284 4191 1438 4274 Stephani

174 4297 231 4361 filii
257 4296 404 4378 Gregorii
424 4299 534 4360 Skerta
562 4299 606 4360 sic
622 4298 856 4380 adjudicarunt,
880 4297 968 4378 quod
997 4298 1071 4380 quia
1101 4297 1167 4380 ipse
1192 4296 1324 4381 Gyurak
1351 4297 1439 4358 aliud

176 4404 409 4466 documentum
435 4423 541 4465 coram
568 4404 677 4484 juratis
701 4424 765 4466 non
783 4404 944 4486 produxit,
969 4387 1028 4465 n'isi
1054 4403 1221 4485 quomodo
1247 4404 1313 4486 ipse
1338 4404 1439 4485 ipsam

175 4509 304 4572 vineam
330 4529 420 4571 suam
445 4529 541 4592 quam
570 4523 658 4572 tenet
679 4531 696 4572 a
721 4511 850 4572 Thomu
869 4511 1000 4572 Kriuich
1030 4523 1256 4592 comparasset,
1281 4509 1355 4572 ideo
1373 4511 1440 4592 ipse

177 4614 308 4698 Gyurak
333 4617 433 4697 ipsam
466 4617 594 4678 vineam
626 4617 722 4678 debet
754 4617 934 4698 relinquere
966 4617 1110 4698 predicto
1142 4615 1305 4698 Stephano
1337 4617 1439 4698 possi·

178 4722 337 4801 dendam,
369 4723 540 4804 pecuniam
571 4737 678 4786 autem
714 4743 810 4804 quam
845 4723 933 4785 dedit
965 4722 1108 4806 predicto
1140 4722 1268 4783 Thome
1306 4721 1438 4785 Kriuich

178 4827 275 4890 debet
298 4827 451 4890 rehabere
476 4849 492 4890 a
517 4829 744 4891 commissariis
768 4829 866 4911 ipsius
898 4829 1045 4906 Thome3
1070 4829 1110 4891 de
1135 4847 1201 4911 quo
1225 4827 1346 4910 judicio
1372 4829 1439 4911 ipse

178 4933 311 5017 Gyurak
336 4932 475 4996 carnifex
500 4955 564 4996 non
582 4948 751 4997 contentus
767 4935 941 5017 appellavit
959 4955 1086 4997 causam
1113 4935 1215 5017 ipsam
1233 4935 1272 4996 ad
1298 4935 1441 4996 seniores

175 5039 298 5123 judices
322 5039 574 5122 dijudicandam.
