3678 5800
521 559 608 616 Anno
634 574 725 637 1434.
749 595 793 604 —
816 575 866 638 23.
891 560 1062 620 novembris.
1364 579 1425 641 213

175 771 275 846 Feria
302 786 402 850 sexta
421 781 576 868 proxima
598 787 677 850 ante
696 779 818 852 festum
839 777 1093 870 hssumpcionis
1112 781 1255 869 virginis
1283 779 1427 869 gloriose

739 905 854 976 mm

673 1041 733 1116 (13.
758 1041 899 1116 augusta).

267 1157 346 1218 Item
372 1157 496 1220 Blasius
512 1161 733 1240 stationarius,
750 1161 882 1244 juratus,
906 1161 990 1224 filius
1008 1161 1097 1222 Pauli
1123 1175 1230 1222 contra
1250 1160 1423 1222 Martinam

155 1277 314 1327 sartorem
338 1266 482 1327 secundo
506 1267 620 1328 citatus
651 1289 717 1330 non
745 1269 935 1352 comparuit.

269 1370 347 1432 Item
371 1371 447 1452 quia
465 1372 628 1434 Dorothea
647 1375 773 1453 mulier,
790 1374 900 1436 relicta
924 1374 1060 1436 condam
1079 1374 1199 1436 Vrbani
1224 1374 1299 1437 dicti
1317 1375 1422 1437 Thur-

156 1474 241 1558 chyn
278 1476 367 1560 olym
393 1479 534 1541 concivis
558 1481 658 1542 nostri
694 1479 751 1542 filii
777 1481 879 1560 Pauli,
913 1480 977 1542 filia
1009 1501 1085 1542 vero
1111 1481 1235 1542 Nicolai
1261 1481 1423 1544 Chudaw-

157 1581 261 1659 chich,
288 1583 461 1647 habitatrix
485 1586 570 1648 dicte
594 1587 740 1666 civitatis,
765 1587 797 1649 id
822 1607 894 1649 cum
926 1585 1096 1650 sufficienti
1122 1601 1153 1649 et
1176 1585 1340 1668 fidedigno
1366 1607 1422 1650 no·

156 1703 296 1752 strorum
329 1691 511 1753 concivium
544 1693 731 1755 testimonio
764 1695 796 1755 in
829 1693 904 1756 sede
937 1707 1043 1756 nostra
1079 1692 1245 1774 judiciaria
1277 1693 1360 1755 clare
1393 1707 1424 1756 et

156 1796 277 1858 seriose
294 1798 518 1880 comprobavit
535 1819 643 1861 coram
661 1801 765 1879 nobis,
779 1814 813 1862 ut
830 1800 906 1862 dum
925 1799 1065 1883 prelatus
1077 1800 1226 1863 Vrbanus
1243 1800 1420 1884 Thurchyn

156 1904 190 1965 in
215 1904 368 1966 extremis
399 1905 463 1968 vite
495 1927 550 1968 sue
583 1908 770 1990 temporalis
801 1908 986 1986 laborasset,
1017 1921 1092 1968 tunc
1117 1907 1183 1989 ipae
1215 1907 1420 1969 medietatem

156 2011 324 2074 cuiusdam
347 2011 480 2092 domus,
512 2011 621 2091 fundi,
654 2013 773 2076 cellarii
805 2026 837 2076 et
867 2012 1108 2092 hedificiorum,
1140 2033 1237 2075 unam
1270 2012 1420 2076 videlicet

157 2133 305 2200 quartam
340 2119 426 2181 curie
458 2119 490 2182 in
523 2140 556 2182 se
588 2121 788 2198 retinentem,
821 2121 925 2203 ipsum
957 2120 1131 2182 literatorie
1160 2131 1420 2199 concernentem,

159 2245 233 2287 cum
257 2225 322 2287 suis
353 2227 475 2288 cunctis
506 2227 706 2306 utilitatibus,
737 2229 833 2289 rebus
864 2241 894 2290 et
923 2227 1016 2289 bonis
1040 2247 1076 2289 ac
1110 2227 1226 2289 debitis
1250 2226 1418 2306 universis,

156 2332 182 2393 si
208 2351 272 2414 qua
297 2331 426 2412 luerint,
458 2333 599 2415 predicte
623 2333 787 2396 Dorothee
810 2354 869 2416 pro
893 2348 968 2396 tunc
992 2353 1048 2395 sue
1073 2334 1163 2395 uxori
1197 2333 1366 2415 legavisset
1390 2345 1421 2394 et

155 2439 330 2502 dimisisset
355 2439 422 2521 jure
446 2440 634 2524 perhennali
652 2441 890 2523 possidendam,
915 2441 1054 2522 ideoque
1080 2460 1139 2502 nos
1157 2441 1334 2523 predictam
1352 2459 1419 2501 me·

155 2546 308 2609 dietatem
333 2541 477 2610 eiusdem
501 2549 628 2628 domus,
661 2546 763 2627 fundi,
797 2548 917 2610 cellarii
941 2561 972 2609 et
995 2547 1230 2626 hedificiorum,
1262 2566 1359 2610 unam
1385 2559 1420 2609 ut

154 2653 330 2736 predicitur
357 2669 501 2736 quartam
531 2655 618 2716 curie
650 2655 681 2716 in
707 2675 740 2718 se
770 2655 973 2734 retinentem,
1005 2674 1078 2718 cum
1111 2654 1274 2738 premissis
1297 2653 1418 2716 cunctis

153 2761 218 2822 suis
246 2759 448 2840 utilitatibus,
473 2764 632 2843 rebusque
657 2782 693 2824 ac
718 2763 811 2824 bonis
836 2776 866 2824 et
883 2761 998 2824 debitis
1023 2743 1178 2823 universis
1195 2761 1336 2843 predicte
1354 2762 1418 2824 Do·

153 2867 265 2928 rothee
289 2868 369 2929 alias
392 2883 424 2929 et
447 2869 511 2930 iam
535 2883 642 2931 nostre
666 2869 791 2931 concivi
824 2889 860 2930 ac
891 2889 1040 2952 peream
1065 2870 1130 2930 suis
1161 2869 1333 2930 heredibus
1356 2883 1416 2931 sta·

151 2975 273 3035 ruimus
297 2985 329 3036 et
352 2975 573 3038 commisimus
596 2995 633 3036 ex
666 2976 830 3058 premissis
854 2975 921 3058 jure
953 2989 1109 3058 perpetuo
1134 2975 1361 3058 possidendam
1386 2989 1417 3038 et

152 3075 463 3164 quomodocumque
489 3083 626 3145 voluerit
650 3083 885 3166 disponendam
917 3082 1004 3163 juxta
1029 3083 1253 3145 condicionem
1279 3083 1416 3146 civitatis

151 3201 321 3270 prenotate
346 3190 387 3250 ab
411 3189 544 3271 antiquo
561 3192 781 3272 approbatam.

258 3295 338 3356 ltem
367 3293 487 3358 Mathei
511 3295 594 3358 filius
619 3295 751 3379 Georgii
784 3297 824 3358 de
855 3296 929 3358 villa
956 3295 1111 3358 Omnium
1145 3308 1327 3358 sanctorum
1361 3317 1417 3378 per

151 3403 430 3478 adiudicacionem
455 3403 631 3485 juratorum
655 3403 754 3466 tercio
778 3423 810 3465 se
839 3404 984 3485 personis
1007 3403 1067 3464 sibi
1092 3401 1252 3464 similibus
1276 3403 1316 3464 ad
1341 3417 1414 3464 octo

151 3511 219 3572 dies
242 3529 339 3591 super
362 3530 448 3572 aram
465 3523 572 3572 sancte
593 3511 706 3573 Crucis
722 3511 761 3571 de
787 3529 875 3572 more
900 3511 978 3571 alias
995 3509 1027 3571 in
1044 3509 1161 3572 talibus
1190 3509 1285 3572 solito
1303 3523 1412 3573 contra

152 3617 286 3679 Elenam
313 3637 446 3679 uxorem
465 3617 619 3679 lobannis
643 3617 843 3700 Horwathyn
863 3616 980 3697 jurabit
996 3636 1091 3698 super
1112 3635 1161 3695 eo,
1186 3629 1221 3678 ut
1243 3616 1310 3698 ipse
1327 3617 1416 3679 illam

152 3743 291 3802 crucem,
315 3743 413 3804 quam
439 3725 506 3805 ipsa
531 3724 632 3785 Elena
656 3738 764 3786 contra
785 3743 858 3784 eum
883 3724 1084 3806 proponebat
1101 3742 1157 3804 per
1181 3741 1255 3784 eum
1279 3721 1348 3786 lore
1367 3744 1415 3788 re·

152 3841 287 3912 ceptam,
313 3849 379 3892 non
404 3831 534 3913 recepit,
559 3850 616 3892 nec
641 3831 673 3892 in
698 3850 734 3892 ea
759 3829 827 3891 ullo
851 3829 950 3890 modo
975 3842 1021 3890 est
1045 3827 1225 3910 culpabilis.

256 3935 334 3998 ltem
361 3936 529 3998 Ladislaus
552 3935 713 4000 aurifaber
736 3936 897 3998 solitarius
926 3947 1035 3997 contra
1062 3935 1182 3996 Lucam
1208 3953 1303 4016 super
1326 3956 1413 3998 aram

150 4042 266 4104 eodem
289 4042 341 4104 die
365 4043 461 4106 debet
485 4043 588 4124 jurare
612 4063 707 4125 super
732 4062 780 4120 eo,
806 4055 840 4104 ut
864 4043 931 4124 ipse
966 4061 1068 4123 equus
1092 4061 1149 4124 pro
1175 4061 1240 4124 quo
1264 4042 1304 4104 lis
1331 4044 1414 4106 iuter

150 4169 205 4211 eos
228 4150 421 4228 vertebatur,
445 4169 501 4232 per
517 4150 645 4232 culpam
670 4149 770 4232 ipsius
794 4149 880 4210 Luce
897 4149 1164 4210 molendinatoris
1187 4161 1234 4211 est
1258 4163 1413 4213 mortuus.

197 4331 293 4406 lesia
322 4337 430 4406 tercia
458 4337 610 4423 proxima
641 4343 719 4406 ante
746 4335 869 4406 festum
897 4335 993 4405 beate
1022 4301 1203 4406 [lotherius
1231 4335 1373 4423 virginis

590 4465 623 4530 et
650 4461 805 4530 martiris
835 4457 970 4530 Christi.

645 4595 707 4673 (23.
732 4593 914 4670 novembris).

255 4718 334 4779 ltem
363 4718 510 4798 quamvis
543 4718 624 4780 inter
657 4716 851 4798 Gregorium
886 4715 987 4778 filium
1014 4716 1109 4794 Petri,
1141 4717 1243 4777 civem
1277 4715 1413 4778 civitatis
1471 4793 1474 4802 Ι

150 4823 452 4906 Montisgrechensis
475 4844 511 4886 ac
543 4825 623 4886 inter
656 4824 861 4886 Clementem
893 4837 924 4884 et
952 4821 1116 4884 Thomam
1148 4821 1232 4884 filios
1257 4822 1349 4883 Pauli
1372 4822 1411 4882 de

150 4931 315 4994 Kralewch
336 4932 463 4992 racione
489 4931 575 4992 necis
600 4951 655 4992 seu
681 4930 844 4992 homicidii
870 4930 1016 4991 similiter
1041 4929 1188 5010 Gregorii
1214 4928 1271 4990 filii
1297 4928 1409 5012 prefati

150 5037 250 5114 Pauli,
274 5037 380 5100 fratris
405 5057 480 5099 vero
505 5038 647 5120 ipsorum
672 5037 850 5099 Clementis
873 5051 904 5098 et
918 5036 1046 5098 Thorne
1071 5037 1188 5098 uterini
1207 5051 1238 5098 et
1263 5037 1411 5116 carnalis,
