3852 5820
633 553 719 611 Anno
742 563 829 630 1417.
857 586 896 596 —
922 565 950 628 7.
975 551 1057 612 maii.
1440 573 1480 632 45

322 765 401 826 Item
426 764 571 827 Thomas
596 763 737 847 Cryuich
761 777 849 826 sutor
867 775 978 826 contra
1003 764 1123 826 Lucam
1139 775 1281 826 sutorem
1307 763 1411 846 primo
1440 763 1484 824 ci·

218 885 302 934 tatus
324 889 391 932 non
415 871 603 952 comparuit.

321 977 401 1038 ltem
426 977 587 1039 lohannes
603 975 723 1058 juratus
747 976 832 1038 filius
849 977 975 1040 Nicolai
998 975 1149 1039 aurifabri
1175 989 1284 1038 contra
1310 975 1478 1036 dominam

221 1083 429 1144 Katherinam
446 1083 589 1148 relictam
608 1083 806 1164 Sigismundi
823 1083 916 1166 jurati
934 1083 992 1145 filii
1014 1082 1164 1165 Philippi,
1186 1097 1216 1144 et
1243 1094 1353 1144 contra
1371 1081 1478 1142 literas

222 1189 365 1251 eiusdem
392 1189 522 1251 domine
547 1187 681 1251 literalis
699 1189 907 1252 instrumenta
924 1203 1039 1252 octavo
1052 1189 1103 1250 die
1121 1189 1298 1271 producere
1322 1201 1478 1249 teneatur.

265 1373 268 1378 .
328 1313 406 1375 ltem
439 1312 525 1375 idem
558 1313 721 1376 lohannes
750 1313 872 1396 juratus
907 1327 1016 1376 contra
1049 1313 1192 1375 Blasium
1229 1311 1421 1394 Bastardych
1454 1325 1484 1372 et

225 1420 390 1504 Mathyam
407 1433 573 1500 sartorem,
590 1435 775 1483 executores
791 1421 971 1482 testamenti
985 1420 1117 1482 domine
1139 1418 1312 1481 Scolastice
1330 1418 1485 1480 consortis

222 1527 377 1589 lobannis
401 1527 548 1609 Huugari
572 1526 697 1610 judicis,
720 1526 854 1588 litoralia
880 1527 1089 1589 intsrumenta
1110 1537 1225 1587 octavo
1258 1523 1310 1586 die
1335 1523 1484 1586 exhibere

221 1646 378 1696 teneatur.

328 1738 406 1800 ltem
429 1737 560 1800 domina
578 1739 675 1801 Lucia
694 1739 803 1800 relicta
828 1739 964 1801 condam
984 1739 1081 1801 Blasii
1099 1758 1229 1801 consors
1246 1757 1322 1800 vero
1340 1737 1484 1799 Francha

225 1845 338 1906 decani
364 1844 479 1906 debeat
502 1865 631 1914 manere
657 1845 688 1906 in
714 1845 813 1906 domo
836 1845 970 1927 predicti
993 1845 1090 1906 Blasii
1115 1845 1209 1927 primi
1234 1845 1339 1906 mariti
1364 1857 1395 1906 et
1412 1863 1484 1904 cum

222 1953 292 2014 aliis
317 1952 544 2014 commissariis
567 1954 744 2034 gubernare
769 1952 903 2030 tamdiu,
924 1971 1094 2033 quousque
1118 1951 1178 2012 sibi
1203 1950 1379 2014 secundum
1407 1969 1481 2011 con-

220 2058 393 2120 tinenciam
417 2059 599 2120 testamenti
623 2057 757 2140 predicti
783 2057 880 2120 Blasii
905 2055 965 2119 tuit
987 2055 1194 2122 satisfactum.

222 2295 317 2368 Feria
346 2304 445 2367 sexta
473 2297 627 2385 proxima
656 2303 733 2385 post
770 2295 893 2366 festum
929 2295 1020 2366 beati
1045 2295 1210 2384 Johannis
1248 2301 1325 2366 ante
1353 2301 1486 2384 portam

778 2419 928 2491 latinam.

773 2601 815 2668 (7.
838 2590 932 2666 mair).

330 2749 407 2810 ltem
434 2746 630 2808 Laurencius
654 2745 738 2808 filius
762 2747 846 2808 Petri
879 2746 1004 2808 institor
1033 2745 1151 2806 liberos
1182 2744 1319 2806 condam
1345 2743 1486 2805 Fudrich

228 2875 322 2939 super
346 2854 463 2915 debitis
488 2853 530 2914 lX
554 2852 622 2914 flor.
653 2853 732 2930 auri,
757 2853 874 2935 quibus
895 2851 979 2913 idern
1005 2851 1144 2912 Fudrich
1177 2852 1282 2912 eidem
1310 2851 1488 2912 laurencio

228 2962 440 3042 obligabatur,
464 2958 604 3021 reddidit
628 2957 754 3040 quietos
775 2971 806 3020 et
829 2958 1003 3040 expeditos.

328 3067 407 3129 ltem
431 3065 507 3148 quia
531 3066 642 3127 Petrus
674 3065 758 3126 lilius
775 3064 907 3146 Georgii
933 3062 1024 3143 fabri,
1056 3077 1163 3126 noster
1195 3063 1346 3142 concivis,
1371 3075 1481 3123 contra

228 3173 310 3234 lwan
336 3171 438 3233 lilium
457 3171 621 3232 Michaelis
645 3183 676 3232 et
696 3171 803 3232 Malka
820 3185 1001 3232 consortem
1023 3169 1166 3231 eiusdem
1184 3169 1267 3230 lvvan
1286 3169 1352 3230 sola
1370 3188 1427 3229 sua
1450 3169 1481 3228 in

228 3297 360 3361 persona
391 3296 487 3361 super
517 3297 556 3338 eo
587 3277 802 3358 juramentum
835 3277 1039 3358 prestitisset,
1071 3275 1159 3358 quod
1192 3276 1277 3338 idem
1310 3275 1422 3336 Petrus
1455 3287 1485 3335 et

230 3385 330 3446 Lucas
362 3385 467 3446 eidem
500 3383 605 3445 Malka
638 3383 806 3445 dimidiam
837 3383 1029 3444 divisionem
1061 3382 1232 3460 dedissent,
1257 3381 1330 3442 ideo
1356 3380 1486 3442 eosdem

230 3492 356 3553 Petrum
382 3504 412 3553 et
436 3491 556 3552 Lucam
582 3489 803 3551 commisimus
827 3489 1001 3571 expeditos.

331 3598 409 3659 ltem
435 3597 518 3658 lwan
544 3594 633 3658 faber
656 3609 766 3657 contra
791 3595 1001 3658 Benedictum
1027 3593 1129 3655 filium
1154 3593 1282 3655 Martini
1308 3591 1413 3674 primo
1444 3593 1488 3652 ci-

229 3719 309 3768 tatus
334 3725 399 3766 non
424 3703 612 3785 comparuit.

332 3811 412 3872 ltem
436 3809 582 3872 Thomas
614 3807 745 3870 Criuich
774 3820 862 3872 sutor
893 3819 1003 3868 contra
1035 3807 1155 3867 Lucam
1179 3817 1320 3866 sutorem
1346 3803 1488 3866 secundo

227 3920 339 3980 citatus
370 3936 435 3978 non
460 3915 649 3997 comparuit.

331 4040 491 4121 Georgius
504 4037 703 4121 Opraschina
727 4057 761 4099 se
785 4037 950 4118 obligavit,
968 4035 1056 4118 quod
1083 4035 1244 4096 universas
1269 4034 1486 4116 possessiones

228 4148 401 4210 liberorum
421 4145 558 4208 condam
576 4143 716 4206 Fudrich
734 4155 904 4225 postquam
921 4143 960 4203 ad
979 4155 1134 4204 maturam
1152 4141 1355 4222 pervenerint
1372 4153 1488 4201 etatem

229 4254 348 4315 eisdem
373 4253 405 4313 in
426 4265 498 4313 toto
523 4265 614 4312 etex
639 4251 764 4330 integro
788 4249 950 4311 remittere
974 4249 1152 4325 tenebitur;
1176 4245 1233 4329 ipsi
1259 4261 1366 4308 autem
1393 4245 1486 4306 liberi

229 4359 327 4441 ipsius
343 4359 368 4420 F
372 4357 484 4424 udrich
509 4357 612 4439 ipsum
638 4355 766 4417 racione
784 4353 945 4416 fructuum
964 4367 1188 4436 perceptorum
1207 4353 1314 4415 medio
1342 4365 1490 4432 tempore

229 4464 372 4547 inpedire
396 4478 431 4526 ut
455 4463 675 4526 commisimus
699 4481 763 4523 non
789 4461 925 4522 valeant.

333 4571 412 4632 ltem
436 4569 523 4652 quod
549 4568 622 4650 quia
650 4566 826 4649 Gregorius
851 4567 985 4628 Platisce
1010 4566 1113 4628 dictus
1136 4587 1169 4627 se
1193 4584 1267 4627 curn
1292 4563 1431 4624 evidenti
1460 4575 1491 4624 et

231 4675 402 4739 sufficienti
412 4675 599 4738 testimonio
613 4675 799 4758 expurgavit
816 4693 923 4735 coram
941 4673 1044 4752 nobis,
1062 4673 1149 4754 quod
1163 4673 1230 4754 ipse
1246 4672 1277 4732 in
1291 4683 1393 4732 morte
1407 4669 1491 4730 Petri

235 4783 332 4845 Belek
357 4783 511 4844 innocens
534 4793 615 4843 esset
632 4794 663 4842 et
678 4781 842 4858 immunis,
867 4793 963 4862 prout
979 4780 1079 4840 eciam
1104 4779 1190 4840 idem
1205 4778 1335 4840 Petrum
1352 4775 1491 4838 eundern

235 4888 425 4971 Gregorium
451 4889 483 4951 in
508 4887 643 4950 articulo
675 4887 787 4949 mortis
820 4900 1033 4968 expurgasset,
1058 4885 1132 4946 ideo
1165 4885 1270 4967 ipsum
1296 4882 1489 4964 Gregorium

232 4995 357 5057 racione
381 4995 610 5078 premissorum
635 4991 835 5054 reddidimus
860 4992 1054 5073 expeditum.
