3678 5800
865 573 951 630 Anno
974 587 1064 647 1432.
1088 605 1131 617 -
1154 587 1185 650 4.
1202 572 1288 650 julii.

555 779 633 841 Item
658 779 830 863 Zobanych
856 783 1007 846 videlicet
1031 782 1223 846 Benedictus
1257 798 1346 848 sutor
1369 799 1479 849 contra
1506 786 1707 848 Dominicum

448 883 570 946 dictum
595 884 695 948 Hrezt
719 885 823 968 primo
848 889 961 951 citatus
985 907 1051 951 non
1076 889 1265 970 comparuit.

555 1009 633 1072 Item
662 1010 738 1091 quia
761 1011 810 1072 vir
841 1013 993 1094 providus
1027 1013 1222 1075 Laurencius
1254 1014 1389 1094 institor,
1421 1016 1546 1098 pridem
1579 1014 1704 1096 juratus,

448 1113 533 1176 filius
558 1116 652 1194 Petri,
687 1117 828 1178 concivis
859 1132 977 1198 noster,
1001 1119 1032 1180 id
1065 1139 1172 1181 coram
1204 1121 1298 1182 nobis
1330 1121 1362 1183 in
1394 1123 1469 1184 sede
1495 1137 1602 1184 nostra
1626 1122 1703 1204 judi-

449 1221 544 1282 ciaria
581 1221 680 1283 literis
704 1225 819 1285 nostris
843 1245 898 1287 seu
924 1226 1023 1308 ipsius
1047 1226 1183 1288 civitatis
1207 1227 1462 1308 privilegialibus
1486 1229 1707 1306 mediantibus,

447 1343 594 1411 tempore
611 1330 769 1410 judicatus
786 1332 843 1392 viri
869 1333 1005 1394 condam
1023 1333 1150 1415 providi
1171 1347 1202 1394 et
1226 1334 1446 1416 circumspecti
1465 1335 1595 1396 Thome
1623 1335 1707 1418 olym

447 1435 562 1517 judicis
586 1437 791 1519 concivieque
815 1439 913 1500 nostri
940 1438 997 1500 filii
1022 1438 1188 1518 lobannis,
1215 1440 1254 1501 de
1278 1461 1363 1528 a‘nno
1388 1440 1512 1503 domini
1537 1442 1706 1503 millesimo

448 1542 766 1624 quadringentesimo
791 1543 917 1606 decimo
935 1559 1060 1625 octavo,
1084 1543 1162 1607 feria
1179 1546 1319 1608 secunda
1336 1548 1480 1630 proxima
1506 1563 1578 1630 post
1595 1547 1706 1609 festum

449 1649 617 1710 beatorum
629 1649 768 1732 Philippi
786 1664 817 1712 et
833 1652 943 1713 Jacobi
963 1653 1194 1733 apostolorum,
1211 1653 1334 1714 dudum
1353 1656 1521 1734 preteritis,
1547 1675 1604 1736 pro
1618 1669 1702 1737 parte

448 1755 586 1816 condam
612 1756 751 1838 Philippi
776 1755 832 1818 filii
856 1758 954 1838 ipsius
983 1759 1163 1836 Laurentii,
1188 1758 1312 1821 dudum
1340 1759 1403 1842 jam
1428 1760 1581 1840 defuncti,
1614 1781 1704 1844 super

448 1859 589 1942 quodam
609 1860 726 1942 (h)orto
744 1875 828 1924 extra
846 1863 972 1924 Novam
990 1877 1116 1946 portam
1134 1865 1270 1926 civitatis
1285 1866 1439 1947 predicte,
1457 1868 1538 1928 inter
1554 1865 1703 1949 (litonum

448 1965 574 2028 discreti
599 1967 659 2028 viri
683 1967 807 2028 domini
832 1968 989 2030 Anthonii
1012 1970 1179 2052 presbiteri
1210 1971 1338 2051 plebani
1364 1973 1495 2034 ecclesie
1521 1987 1625 2035 nostre
1649 1993 1700 2055 pa·

449 2071 598 2134 rochialis
622 2074 706 2134 beati
732 2073 830 2135 Marci
856 2074 1073 2156 ewangeliste,
1105 2076 1268 2138 mediante
1302 2078 1443 2159 quodam
1469 2077 1587 2140 fossato
1610 2099 1705 2163 parvo

448 2197 504 2240 seu
530 2191 636 2241 meatu
661 2199 744 2261 aque
769 2201 786 2240 a
803 2182 1031 2262 septemtrione
1049 2195 1079 2244 et
1096 2202 1113 2243 a
1138 2183 1318 2246 meridione
1335 2185 1417 2246 inter
1434 2183 1588 2247 fossatum
1605 2199 1705 2247 nostre

448 2286 689 2347 communitatis
705 2285 826 2364 habito,
844 2287 981 2369 desuper
998 2307 1015 2348 a
1039 2289 1089 2349 via
1108 2290 1272 2352 communi
1294 2304 1324 2351 et
1341 2289 1422 2352 infra
1448 2311 1548 2373 usque
1566 2291 1703 2369 fluvium,

447 2393 609 2453 mediante
632 2393 682 2452 via
707 2412 762 2453 seu
787 2393 898 2454 semita
924 2395 1090 2455 communi
1115 2415 1212 2476 penes
1236 2416 1292 2458 seu
1316 2417 1417 2479 prope
1442 2399 1547 2480 ipsum
1576 2397 1702 2459 fluvium

446 2498 564 2576 habita,
589 2517 622 2559 se
647 2500 882 2577 extendentem,
915 2499 998 2562 clare
1031 2502 1254 2583 comprobavit
1285 2515 1320 2564 ut
1352 2504 1417 2584 ipse
1442 2502 1580 2586 (hlortus
1602 2504 1701 2586 ipsum

446 2605 632 2687 Philippum
651 2606 827 2688 empcionis
843 2607 939 2668 titulo
956 2607 1129 2670 literatorie
1147 2627 1338 2671 concernere
1355 2623 1387 2672 et
1402 2625 1544 2692 spectare
1562 2610 1698 2672 dinosce-

446 2725 532 2773 retur
556 2732 593 2773 ex
609 2701 723 2773 vacerto
747 2725 778 2773 et
801 2732 897 2794 super
921 2714 1026 2794 ipsum
1045 2715 1259 2776 Laurencium
1285 2717 1463 2778 institorem
1487 2731 1609 2799 patrem
1624 2717 1697 2778 dicti

448 2817 588 2900 Philippi
614 2818 752 2879 intestati
777 2820 816 2879 ab
843 2818 901 2880 hac
926 2820 998 2881 luce
1023 2819 1218 2900 decedentis,
1235 2835 1305 2902 post
1329 2823 1457 2884 obitum
1481 2823 1622 2885 eiusdem
1637 2822 1701 2904 jure

447 2924 642 2986 hereditario
667 2924 752 3006 juxta
777 2925 876 3006 ipsius
900 2926 1036 2987 civitatis
1052 2927 1217 3009 antiquam
1236 2929 1502 2991 consvetudinem
1528 2944 1560 2993 ct
1581 2929 1700 3012 privile·

446 3031 566 3112 giatam
584 3031 775 3110 libertatem,
793 3032 919 3092 nemine
938 3032 1038 3093 eciam
1062 3033 1144 3094 trina
1169 3032 1286 3096 forensi
1304 3035 1433 3116 publica
1451 3036 1700 3118 proclamatione

448 3137 620 3218 superinde
645 3136 725 3199 facta
750 3139 878 3218 penitus
902 3139 1139 3201 contradicente
1171 3160 1230 3201 nee
1254 3142 1364 3223 aliquo
1397 3143 1627 3204 contradictore
1649 3161 1699 3223 pe·

449 3245 534 3306 nitus
558 3257 741 3326 apparente,
773 3243 858 3306 idem
891 3244 1026 3326 (h)ortus
1057 3247 1152 3307 unius
1183 3261 1295 3328 quarte
1327 3261 1452 3310 tantum
1482 3269 1577 3332 super
1602 3249 1698 3330 ipsum

448 3352 661 3412 Laurencium
687 3364 808 3432 patrem
833 3371 926 3412 suum
952 3352 1010 3414 rite
1028 3353 1130 3414 extitit
1152 3353 1324 3416 devolutus
1341 3369 1371 3415 et
1397 3355 1600 3434 redundatus,
1617 3355 1699 3416 ideo·

449 3475 511 3538 que
536 3475 596 3516 nos
619 3455 799 3536 predictum
824 3455 976 3538 (h)ortum
1003 3459 1034 3518 in
1053 3459 1214 3520 vicinitate
1231 3459 1412 3541 supradicta
1437 3461 1591 3539 habitum,
1607 3479 1697 3522 unam

448 3575 595 3644 quartam
621 3561 705 3622 curie
731 3563 763 3622 in
787 3583 820 3624 se
845 3564 1074 3643 continentem,
1100 3584 1173 3626 cum
1197 3567 1262 3627 suis
1283 3567 1444 3648 premissis
1468 3569 1589 3630 cunctis
1611 3565 1699 3649 perti·

450 3667 572 3728 nenciis
593 3667 716 3749 prefato
734 3669 913 3730 Laurencio
932 3670 1067 3732 institori
1093 3691 1128 3732 ac
1145 3691 1202 3753 per
1226 3691 1299 3734 eum
1317 3673 1382 3734 suis
1405 3673 1576 3735 heredibus
1597 3671 1697 3734 statui·

451 3793 522 3834 mus
535 3785 691 3854 perpetuo
705 3773 935 3853 possidendum
949 3789 979 3838 et
995 3777 1303 3860 quomodocumque
1320 3779 1459 3841 voluerit
1472 3777 1696 3862 disponendum

434 3880 532 3962 ¹juxta
557 3880 782 3942 condicionem
800 3881 935 3943 civitatis
951 3896 1118 3964 prenotate
1139 3886 1178 3945 ab
1196 3885 1329 3967 antiquo
1346 3887 1567 3967 approbatam,
1583 3897 1695 3948 contra·

447 3986 593 4048 dictione
618 3987 839 4067 quorumlibet
862 4008 926 4049 non
952 3989 1109 4052 obstante.

551 4109 630 4172 Item
667 4109 798 4193 Gyuralr
834 4111 972 4174 carnifex
1009 4127 1118 4175 contra
1151 4113 1278 4176 Petrum
1312 4115 1451 4198 juratum
1483 4113 1585 4178 filium
1619 4113 1695 4176 Petri

447 4215 569 4298 Saphar
593 4217 698 4298 primo
723 4217 836 4280 citatus
859 4239 924 4280 non
950 4221 1138 4302 comparuit.

552 4341 630 4402 ltem
656 4339 748 4424 Gyan
773 4341 903 4425 pellifex
929 4358 1037 4405 contra
1064 4345 1270 4408 Scolasticam
1305 4346 1448 4410 relictam
1475 4346 1604 4430 Georgii
1632 4364 1690 4406 sar·

443 4450 521 4511 toris
545 4449 650 4532 primo
674 4450 787 4511 citatus
811 4471 876 4513 non
905 4453 1093 4534 comparuit.

552 4573 630 4635 ltem
656 4572 815 4654 Georgius
839 4574 931 4636 Duch
962 4589 1071 4637 contra
1104 4575 1303 4638 Anthonium
1330 4577 1507 4642 Methluzki
1530 4579 1628 4662 primo
1649 4574 1687 4636 ci·

445 4693 528 4742 tatus
560 4700 625 4741 non
651 4681 839 4762 comparuit.

547 4804 623 4866 ltem
650 4803 742 4887 Gyan
768 4804 897 4887 pellifex
921 4805 1037 4887 jurabit
1061 4821 1174 4869 octavo
1200 4807 1250 4869 die
1276 4829 1371 4890 super
1395 4829 1481 4871 aram
1507 4823 1609 4873 contra
1631 4806 1690 4868 Do·

444 4909 598 4970 minicum
625 4911 724 4972 Hrezt
747 4931 841 4993 super
865 4932 914 4989 eo,
939 4925 973 4972 ut
997 4913 1064 4994 ipse
1090 4912 1183 4995 Gyan
1201 4913 1321 4976 dictum
1339 4915 1548 4979 Dominicum
1572 4913 1689 4978 minime

444 5017 649 5098 percussisset
673 5037 729 5078 seu
753 5018 970 5100 decapilasset.
