3734 5796
770 567 965 644 Anno1441.
989 599 1033 610 —
1053 580 1104 626 10.
1120 566 1272 642 januarii.

389 778 508 860 juratus
531 799 630 860 gener
652 777 810 840 Raksrich
827 776 1044 858 juramentum
1071 776 1132 838 sibi
1157 777 1189 838 in
1214 775 1298 838 facto
1315 777 1530 858 percussionis
1556 776 1655 858 ipsius

389 885 518 968 Mathye
541 904 598 966 per
620 883 822 946 Anthonium
847 883 968 946 dictum
994 883 1125 946 Plezecz
1149 903 1245 965 super
1267 884 1371 965 ipsum
1395 896 1576 966 perpetrate
1599 883 1655 943 de·

388 1010 509 1072 ponere
533 990 674 1068 volebat,
699 1003 776 1051 tunc
807 989 893 1050 idern
924 989 1109 1050 Anthonius
1141 989 1273 1052 Plezecz
1305 989 1411 1050 eidem
1436 988 1567 1071 Mathye
1591 988 1655 1048 Ra-

388 1096 496 1158 karich
521 1096 624 1178 ipsum
643 1095 870 1178 juramentum,
894 1094 983 1176 quod
1000 1107 1111 1157 contra
1135 1093 1275 1157 eundem
1292 1094 1494 1156 Anthonium
1511 1107 1651 1176 prestare

388 1201 536 1280 debebat,
560 1202 694 1262 omnino
718 1201 880 1279 relaxavit,
906 1220 939 1262 se
967 1219 1057 1262 reum
1081 1213 1113 1262 et
1132 1200 1327 1283 culpabilem
1360 1200 1393 1262 in
1417 1201 1485 1282 ipsa
1510 1199 1652 1282 (percus-

388 1307 490 1390 sione)
514 1308 613 1390 ipsius
644 1307 772 1390 Mathye
805 1307 963 1368 Rakarich
995 1306 1103 1368 eidem
1134 1306 1301 1368 reddendo
1326 1353 1334 1368 .
1359 1352 1367 1368 .
1392 1318 1423 1367 et
1446 1304 1651 1383 affirmando,

390 1414 521 1496 etquis
546 1413 632 1475 idem
664 1412 811 1496 Mathyas
843 1413 1001 1475 Ralrarich
1033 1413 1136 1494 ipsum
1168 1411 1287 1474 factum
1318 1411 1533 1496 percussionis
1556 1431 1652 1492 super

389 1521 459 1602 ipso
482 1519 649 1581 Anthonio
675 1519 806 1580 Plezecz
840 1518 973 1598 juridice
998 1531 1029 1581 et
1059 1519 1166 1581 debite
1191 1519 1342 1598 obtinuit,
1375 1518 1514 1599 ideoque
1547 1517 1651 1581 eidem

390 1625 520 1710 Mathye
554 1625 713 1688 Rakarich
742 1645 779 1687 ex
810 1638 899 1707 parte
929 1625 1028 1707 ipsius
1059 1623 1215 1687 Anthonii
1245 1625 1378 1687 Plezecz
1411 1625 1538 1687 racione
1570 1623 1653 1685 dicte

389 1732 603 1814 percussionis
619 1751 675 1792 sue
699 1731 795 1794 debet
811 1729 990 1794 satisfaccio
1007 1731 1139 1814 inpendi
1156 1731 1243 1812 juxta
1263 1731 1424 1814 privilegii
1449 1730 1548 1792 nostri
1567 1749 1653 1791 com-

389 1839 496 1900 munis
520 1851 681 1900 contenta.

495 1944 573 2006 Item
597 1944 673 2025 quia
704 1942 827 2026 Gaspar
857 1925 942 2005 filius
974 1943 1103 2006 Thome
1136 1944 1303 2026 privignus
1327 1944 1412 2006 Petri
1437 1944 1520 2005 Klak
1544 1956 1576 2004 et
1606 1961 1653 2004 re·

389 2051 462 2113 licta
487 2051 630 2112 eiusdem
656 2051 739 2112 Petri
765 2050 847 2112 Klsk
873 2051 974 2112 Elena
997 2063 1120 2130 vocata,
1152 2049 1185 2111 id
1220 2070 1294 2112 curn
1324 2048 1496 2112 sufficienti
1520 2063 1552 2111 et
1575 2048 1653 2110 lide·

390 2157 490 2238 digno
515 2169 697 2218 nostrorum
715 2156 897 2218 concivium
914 2156 1099 2218 testimonio
1117 2157 1147 2218 in
1166 2156 1242 2218 sede
1258 2169 1366 2218 nostra
1382 2155 1550 2238 judiciaria
1566 2155 1649 2216 clare

390 2265 640 2346 comprobarunt
656 2283 764 2324 coram
785 2263 889 2342 nohis,
907 2277 941 2324 ut
965 2263 1042 2324 dum
1067 2261 1207 2345 prefatus
1224 2263 1336 2325 Petrus
1352 2263 1434 2324 Klak
1452 2263 1484 2323 in
1503 2262 1650 2324 extremis

389 2371 453 2432 vite
477 2390 533 2432 sue
556 2369 742 2451 temporalis
765 2369 958 2448 laborasset,
981 2381 1058 2430 tunc
1086 2371 1154 2450 ipse
1178 2369 1312 2431 totalem
1343 2369 1529 2450 porcionem
1560 2387 1650 2429 suam

389 2477 516 2556 domus,
536 2474 639 2554 fundi,
656 2475 775 2538 cellarii
801 2489 831 2537 et
855 2474 1077 2538 hedificiorum
1094 2475 1277 2557 ligneorum
1303 2495 1361 2536 nec
1385 2495 1451 2536 non
1475 2475 1650 2556 quamdam

389 2583 517 2644 vineam
533 2601 635 2660 susm,
659 2601 723 2663 que
740 2582 839 2664 ipsius
856 2581 984 2644 Thome
1008 2582 1104 2664 patris
1126 2581 1201 2643 dicti
1220 2581 1344 2663 Gaspar
1359 2580 1531 2663 prefuerat,
1549 2579 1652 2642 eidem

389 2690 513 2770 Gaspar
526 2688 674 2770 privigno
687 2707 746 2749 suo
763 2688 933 2768 legavisset
948 2687 1153 2770 perhenniter
1168 2686 1416 2769 possidendam
1432 2687 1529 2748 aliam
1547 2700 1654 2748 autem

391 2797 580 2879 porcionem
604 2814 694 2856 suam
716 2794 832 2856 domus
855 2809 978 2856 mutate
1010 2808 1041 2856 et
1065 2793 1156 2856 fundi
1181 2814 1217 2856 ac
1248 2792 1485 2870 hedificiorum,
1511 2812 1609 2875 quam
1635 2812 1653 2853 a

391 2902 530 2964 Martino
555 2899 725 2983 Zythsrich
750 2914 1000 2983 comparaverat,
1021 2914 1052 2962 et
1067 2901 1164 2962 aliam
1188 2901 1316 2961 vineam
1333 2919 1436 2979 suam,
1463 2919 1562 2981 quam
1587 2899 1653 2981 ipse

391 3027 408 3069 a
434 3006 592 3069 Michaele
620 3006 727 3068 ltalico
744 3019 994 3088 comparaverat,
1011 3027 1083 3068 curn
1107 3007 1173 3068 suis
1191 3007 1397 3089 pertinenciis
1414 3005 1536 3088 prefate
1555 3005 1653 3066 Elene

390 3133 448 3194 pro
472 3125 548 3173 tunc
572 3132 628 3174 sue
652 3112 744 3174 uxori
761 3111 930 3192 legavisset
953 3113 1100 3174 similiter
1123 3112 1190 3194 jure
1208 3112 1397 3194 perhennali
1415 3111 1654 3194 possidendam,

390 3219 529 3300 ideoque
554 3237 613 3279 nos
636 3218 812 3300 predictam
839 3217 984 3296 domurn,
1002 3217 1151 3297 fundum,
1175 3218 1341 3280 cellarium
1359 3233 1390 3280 et
1414 3217 1575 3297 hedificia,
1592 3236 1653 3299 que

390 3323 527 3384 condam
552 3323 685 3405 predicti
703 3322 831 3384 Thome
845 3324 942 3406 patris
959 3324 1058 3405 ipsius
1075 3322 1199 3406 Gaspar
1226 3323 1411 3406 prefuerunt
1435 3344 1470 3386 ac
1495 3323 1652 3406 prefatam

390 3430 517 3492 vineam
543 3449 605 3511 que
619 3429 764 3490 similiter
781 3430 880 3512 ipsius
897 3431 1025 3492 Thome
1043 3430 1213 3513 prefuerat,
1230 3451 1303 3493 cum
1321 3449 1430 3493 earum
1449 3431 1653 3514 pertinenciis

392 3535 516 3619 prefato
541 3534 665 3618 Gaspar
688 3548 723 3597 ut
747 3535 809 3596 iant
837 3537 961 3598 concivi
993 3549 1103 3599 nostro
1134 3557 1170 3598 ac
1194 3558 1251 3620 per
1275 3557 1350 3600 eum
1380 3537 1446 3598 suis
1470 3537 1651 3614 heredibus,

391 3639 546 3724 prefatam
570 3655 678 3702 autem
702 3641 836 3702 domum
860 3655 1018 3704 muratam
1039 3656 1070 3704 et
1093 3642 1231 3705 fundum
1255 3663 1312 3706 seu
1328 3645 1518 3726 porcionem
1539 3645 1653 3706 domus

391 3761 514 3810 murate
538 3761 570 3810 et
592 3747 682 3810 fundi
707 3767 742 3810 ac
767 3746 1000 3828 hedificiorum,
1023 3769 1086 3830 que
1111 3750 1210 3832 ipsius
1231 3749 1361 3812 Martini
1384 3749 1558 3832 Zythsrich
1582 3769 1651 3832 pre·

391 3853 504 3935 fuerat,
528 3873 601 3916 cum
625 3853 691 3916 suis
714 3853 920 3936 pertinenciis
943 3853 1065 3936 prefate
1088 3855 1189 3918 Elene
1206 3855 1333 3918 mulieri
1359 3875 1395 3918 ac
1419 3875 1475 3938 per
1499 3876 1572 3918 eam
1588 3857 1652 3917 suis

391 3960 562 4023 heredibus
584 3960 754 4024 statuimus
776 3972 931 4040 perpetuo
955 3961 1184 4042 possidendam
1208 3976 1240 4024 et
1263 3961 1573 4044 quomodocumque
1599 3983 1653 4024 vo·

393 4066 488 4128 luerit
511 4065 745 4147 disponendam
771 4063 858 4145 juxta
874 4066 1100 4129 condicionem
1118 4068 1254 4130 civitatis
1270 4081 1437 4151 prenotate
1461 4069 1652 4150 abantiquo

391 4173 611 4255 approbatam.

499 4277 575 4339 ltem
592 4276 686 4358 jurati
711 4277 976 4360 adjudicaverunt
999 4279 1031 4340 in
1056 4299 1150 4340 causa
1175 4279 1275 4341 Elene
1303 4278 1367 4342 filie
1392 4279 1548 4362 Stephani
1574 4281 1653 4341 Kur-

392 4383 520 4446 manich
544 4384 583 4445 de
614 4385 758 4469 Cassyna
790 4386 879 4468 olym
909 4386 1065 4447 consortis
1098 4384 1231 4468 Georgii
1262 4386 1387 4449 clientis
1418 4385 1475 4448 filii
1500 4385 1653 4448 Anthonii

391 4489 467 4551 dicti
493 4490 608 4574 Ztoyse
633 4504 665 4553 et
689 4491 827 4553 duorum
852 4490 991 4552 filiorum
1016 4509 1147 4552 suorum
1169 4493 1353 4574 nuperrime
1377 4493 1417 4554 ab
1435 4492 1493 4553 hac
1516 4492 1588 4554 luce
1604 4511 1653 4552 su·

391 4596 458 4656 bito
483 4597 698 4677 decessorum,
723 4618 820 4680 quam
842 4596 963 4659 scilicet
978 4598 1114 4659 Elenam
1139 4617 1273 4660 uxorem
1289 4618 1379 4660 suam
1398 4612 1429 4661 et
1452 4599 1557 4660 dictos
1572 4597 1653 4660 filios

391 4720 466 4762 suos
490 4701 576 4763 idem
602 4703 762 4785 Georgius
786 4717 820 4765 ut
845 4717 933 4765 actor
956 4704 1129 4785 suspiciose
1146 4723 1203 4786 per
1228 4704 1423 4786 Gregorium
1447 4703 1551 4766 filium
1569 4703 1652 4766 Galli

390 4806 512 4868 dictum
540 4806 713 4888 Greguricz
737 4824 882 4872 nostrum
907 4809 1073 4872 concivem
1106 4809 1246 4891 quadarn
1271 4811 1477 4893 percussione
1501 4831 1558 4872 seu
1589 4826 1652 4874 tru-

390 4914 481 4976 sione
506 4913 585 4994 ligni
611 4933 666 4975 seu
691 4917 796 4979 baculi
820 4917 917 4978 unius
941 4915 1009 4977 fore
1031 4917 1240 4998 interemptos
1264 4930 1295 4979 et
1310 4918 1417 4980 subito
1442 4918 1482 4978 ab
1507 4917 1567 4979 hac
1583 4918 1650 4978 luce

390 5020 548 5100 decessos,
565 5041 662 5103 quam
680 5042 807 5084 causam
827 5024 968 5105 ipsorum
987 5021 1156 5084 hominum
1175 5022 1259 5085 idem
1281 5022 1441 5106 Georgius
1456 5037 1545 5086 actor
1560 5042 1651 5106 super
