3678 5800
414 555 470 616 182
792 558 988 633 Anno1433.
1010 587 1050 598 -
1075 551 1125 615 16.
1142 556 1295 631 januarii.

410 768 510 851 ipsius
536 769 665 831 Martini
698 768 807 830 Terba
839 768 870 830 in
905 767 1144 830 desolacionem
1175 767 1403 830 omnimodam
1437 767 1574 830 deventa
1597 770 1673 832 exti-

409 875 508 954 tisset,
539 889 570 936 et
602 876 634 937 in
667 874 780 938 eadem
805 873 1009 938 desolacione
1040 873 1207 957 hucusque
1239 874 1412 957 perstitisse
1436 875 1671 956 dinoscebatur,

408 1001 569 1064 censuque
593 981 737 1064 predicto
761 983 905 1064 ipsorum
929 981 1122 1044 cubulorum
1150 981 1217 1042 vini
1241 980 1334 1043 dictis
1368 981 1548 1044 rectoribus
1575 983 1673 1066 ipsius

410 1089 541 1152 ecclesie
566 1089 666 1150 sancti
687 1088 785 1151 Marci
802 1087 1006 1169 ewangeliste
1024 1107 1088 1149 non
1106 1087 1278 1171 provenire
1299 1087 1356 1149 sed
1373 1087 1510 1151 deficere
1535 1090 1671 1172 reperie-

410 1197 512 1274 batur,
537 1207 567 1256 et
590 1196 632 1257 ob
657 1195 717 1257 hoc
741 1195 801 1278 ipsi
826 1194 955 1277 plebani
975 1193 1059 1256 dicte
1083 1193 1216 1256 ecclesie
1239 1213 1299 1256 nos
1322 1195 1553 1258 instantissime
1578 1216 1670 1279 super

410 1321 448 1364 eo
473 1302 686 1384 postularunt,
710 1315 744 1364 ut
760 1300 895 1363 eandem
920 1301 1047 1362 vineam
1064 1320 1082 1362 a
1098 1299 1243 1383 predicto
1267 1320 1368 1363 censu
1393 1301 1552 1364 dictorum
1578 1305 1674 1366 cubu-

410 1409 515 1470 lorum
540 1408 606 1470 vini
638 1407 765 1490 expiare
796 1421 828 1468 et
858 1407 1008 1469 libertate
1039 1406 1256 1488 dignaremur,
1287 1406 1428 1489 ideoque
1452 1427 1512 1470 nos
1536 1408 1671 1472 eandem

410 1515 538 1578 vineam
563 1535 580 1576 a
605 1515 749 1597 predicto
773 1534 870 1576 censu
895 1514 1038 1595 ipsorum
1063 1513 1254 1576 tubulorum
1275 1513 1342 1575 vini
1367 1514 1518 1577 videlicet
1534 1515 1672 1578 duorum

412 1641 486 1683 cum
512 1620 620 1683 medio
644 1621 772 1701 penitus
795 1621 958 1702 expiantes
980 1633 1011 1682 et
1042 1620 1227 1682 libertantes
1259 1619 1444 1702 amodoque
1467 1633 1499 1683 et
1523 1621 1674 1706 deinceps

411 1728 545 1790 liberam
571 1740 602 1788 et
625 1726 784 1810 expiatam
810 1727 850 1788 ab
874 1725 963 1788 omni
992 1745 1090 1788 censu
1122 1725 1242 1788 eisdem
1265 1726 1413 1808 plebanis
1444 1726 1575 1809 plenam
1599 1747 1674 1789 ven·

412 1835 521 1914 dendi,
545 1833 730 1917 possidendi
764 1847 796 1896 et
827 1833 956 1896 tenendi
982 1845 1013 1895 et
1043 1831 1352 1914 quomodocumque
1384 1833 1546 1895 voluerint
1569 1833 1674 1917 dispo·

411 1941 508 2003 nendi
538 1941 707 2003 statuimus
738 1939 922 2002 facultatem
957 1938 1043 2020 juxta
1075 1937 1251 2021 predictam
1283 1938 1511 2002 condicionem
1537 1940 1672 2002 civitatis

412 2063 587 2132 prenotate.

438 2267 536 2342 Ferta
566 2271 671 2341 tercia
683 2257 718 2360 *)
748 2269 902 2356 proxima
930 2274 1009 2337 ante
1036 2266 1160 2338 lestum
1187 2266 1278 2337 beati
1306 2263 1467 2338 Anthonii
1498 2267 1648 2340 monachi

907 2398 940 2462 et
968 2389 1180 2462 confessoris.

924 2558 987 2640 (16.
1003 2561 1165 2640 januan'tl.

519 2721 596 2783 ltem
631 2720 706 2802 quia
737 2719 929 2782 Benedictus
958 2718 1050 2780 aliter
1082 2717 1184 2780 Bensa
1215 2729 1366 2796 vocatus,
1396 2715 1492 2797 filius,
1516 2731 1548 2778 et
1571 2721 1673 2800 Agnes

415 2828 522 2889 relicta
548 2827 685 2889 condam
711 2826 803 2888 Pauli
820 2826 896 2887 dicti
921 2823 1132 2909 Zydowinich
1149 2824 1237 2907 olym
1253 2824 1347 2906 jurati
1373 2837 1404 2886 et
1420 2824 1563 2886 concivis
1579 2824 1672 2886 nostri

413 2933 470 2996 filii
498 2933 640 3016 Georgii,
665 2947 696 2996 et
719 2933 834 2995 Vrsula
862 2931 928 2993 filia
959 2931 1102 2993 eiusdem
1127 2931 1219 2992 Pauli
1252 2929 1347 3014 jurati
1370 2930 1404 2992 id
1428 2929 1624 2993 sufficienter
1646 2943 1674 2993 et

413 3041 574 3122 fidedigne
598 3061 634 3103 ac
659 3040 824 3102 evidenter
848 3059 955 3101 coram
980 3038 1074 3100 nobis
1098 3038 1129 3098 in
1158 3037 1234 3100 sede
1268 3051 1376 3098 nostra
1397 3036 1563 3118 judiciaria
1590 3037 1670 3100 clare

413 3148 665 3228 comprobarunt
690 3165 797 3208 coram
822 3146 925 3224 nobis,
950 3158 984 3206 ut
1007 3143 1148 3226 prelatus
1172 3143 1291 3205 Paulus
1318 3143 1461 3206 literatus
1484 3157 1575 3226 pater
1592 3143 1673 3226 ipso·

414 3273 485 3314 rum
511 3253 676 3314 Benedicti
701 3266 732 3314 et
755 3252 879 3331 Vrsule,
903 3251 980 3312 item
1004 3265 1093 3333 pater
1123 3251 1221 3312 Marci
1247 3263 1278 3312 et
1302 3249 1402 3312 Elene
1433 3269 1608 3332 puerorum
1640 3250 1669 3310 in

413 3373 523 3420 tenera
547 3373 628 3420 etate
653 3357 757 3420 adhuc
781 3358 1040 3436 constitutorum,
1065 3377 1102 3418 ex
1118 3355 1234 3418 eodem
1258 3355 1360 3417 Paulo
1377 3355 1524 3418 similiter
1548 3369 1579 3418 et
1595 3355 1674 3417 dicta

414 3470 539 3548 Agnete
572 3465 707 3526 muliere
739 3465 895 3546 legittime
927 3463 1170 3546 progenitorum
1201 3476 1232 3524 et
1262 3475 1514 3545 procreatorum,
1546 3462 1674 3524 maritus

414 3593 490 3634 vero
515 3572 690 3653 legittimus
707 3571 850 3634 eiusdem
867 3571 1000 3651 Agnetis
1024 3570 1167 3631 mulieris
1184 3569 1349 3632 intestatus
1366 3569 1406 3631 ab
1430 3569 1489 3631 hac
1506 3569 1579 3631 luce
1596 3581 1672 3630 nutu

414 3679 465 3740 dei
490 3678 686 3757 decessisset,
721 3692 751 3740 et
775 3679 850 3759 quia
875 3676 1152 3738 consvetudinaria
1184 3677 1235 3737 lex
1259 3688 1290 3737 et
1321 3675 1521 3758 privilegiata
1546 3675 1675 3737 libertas

414 3800 520 3848 nostra
544 3786 637 3848 nobis
661 3806 678 3848 a
703 3785 784 3846 divis
808 3785 936 3866 regibus
964 3783 1129 3865 Hungarie
1162 3781 1263 3844 felicis
1287 3781 1524 3845 recordacionis
1549 3781 1672 3844 indulta

409 3907 444 3976 et
468 3894 642 3975 approbata
667 3892 699 3954 id
716 3891 858 3973 exposcit
881 3903 912 3951 et
935 3890 1078 3972 requirit,
1095 3903 1129 3950 ut
1147 3889 1294 3950 universe
1314 3889 1531 3970 possessiones
1555 3903 1588 3950 et
1602 3907 1675 3970 que·

415 3999 494 4060 libet
517 4000 602 4060 bona
627 3997 793 4059 inmobilia
826 3996 975 4057 videlicet
998 4009 1028 4057 et
1060 3995 1193 4058 mobilia
1217 3995 1289 4058 talis
1317 3995 1464 4058 intestate
1493 3995 1673 4058 decedentis

412 4126 507 4187 super
531 4125 662 4166 uxorem
687 4117 718 4166 et
741 4123 857 4186 pueros
881 4101 1067 4163 huiusmodi
1096 4101 1235 4164 intestati
1259 4101 1474 4164 condescendi
1499 4101 1620 4164 debent
1647 4114 1676 4163 et

415 4211 587 4272 redundari
613 4211 755 4293 predicta
779 4210 850 4291 lege
882 4223 913 4269 et
941 4208 1086 4270 libertate
1118 4221 1225 4270 nostra
1257 4208 1458 4291 privilegiata
1481 4207 1675 4290 requirente,

415 4319 553 4398 ideoque
571 4337 630 4378 nos
655 4317 818 4378 universas
842 4315 1058 4396 possessiones
1074 4327 1105 4376 et
1129 4315 1273 4396 quelibet
1288 4315 1373 4376 bona
1398 4314 1569 4377 inmobilia
1593 4313 1676 4376 vide·

416 4425 491 4485 licet
515 4437 545 4484 et
569 4423 704 4484 mobilia
724 4421 857 4504 predicti
881 4421 972 4482 Pauli
989 4419 1081 4502 jurati
1101 4421 1131 4482 in
1150 4421 1275 4483 civitate
1293 4420 1434 4503 predicta
1451 4434 1483 4482 et
1504 4422 1574 4484 eius
1590 4421 1676 4483 tetri·

414 4530 498 4591 torio
522 4529 646 4590 habitas
669 4541 699 4590 et
717 4527 898 4605 existeneia,
922 4527 1027 4608 ipsum
1045 4526 1178 4607 juridice
1203 4540 1233 4588 et
1250 4527 1423 4589 literatorie
1448 4539 1675 4589 concernentes

416 4649 446 4697 et
469 4635 638 4716 tangencia
663 4653 734 4696 curn
761 4633 917 4695 universis
941 4652 1051 4695 earum
1083 4633 1321 4715 possessionum
1354 4647 1385 4695 et
1408 4634 1552 4715 ipsorum
1578 4635 1674 4695 bono·

416 4761 486 4802 rum
510 4741 702 4802 utilitatibus
726 4753 757 4802 et
780 4739 985 4821 pertinenciis
1009 4740 1165 4802 universis
1189 4740 1339 4822 predictis
1362 4739 1552 4818 Benedict0,
1577 4740 1672 4801 Bense

419 4847 510 4907 aliter
536 4859 660 4925 vocato,
685 4845 764 4924 filio,
789 4865 825 4906 ac
848 4845 963 4907 Vrsule
988 4844 1063 4924 filie,
1088 4865 1228 4908 necnon
1252 4846 1370 4928 Agneti
1395 4845 1507 4908 relicto
1524 4859 1557 4908 et
1574 4846 1673 4907 Marco

520 5033 545 5103 ’)
564 5038 676 5100 corrige:
696 5044 776 5088 sexta.
