3734 5796
397 461 458 542 328
777 461 983 540 Anno1440.
1008 496 1049 506 -
1075 476 1121 540 13.
1145 463 1275 538 augusti.

391 693 507 756 gruum
542 674 702 736 videbitur
737 673 950 756 dijudicamus
992 687 1023 735 et
1059 672 1212 736 iaciemus
1254 674 1340 754 juxta
1376 675 1479 756 legem
1518 675 1654 739 civitatis

393 795 569 862 prenotate.

498 888 577 950 Item
601 889 676 970 quia
695 887 814 950 Mathai
833 887 935 948 dictus
952 887 1121 949 Ztaltorich
1143 888 1175 948 in
1193 886 1277 950 lacto
1293 888 1369 971 pilei
1388 887 1544 949 Anthonii
1562 887 1655 968 nigri,

393 1014 489 1076 quem
522 993 608 1055 idem
641 994 823 1056 Anthonius
854 995 1051 1054 subtractum
1080 1013 1138 1076 per
1161 993 1267 1075 ipsum
1297 995 1460 1078 Mathyam
1486 994 1656 1056 Ztalrorich

392 1102 562 1180 asserebat,
576 1101 792 1181 juramentum
809 1101 869 1162 sibi
883 1099 1072 1182 perjuratus
1088 1099 1306 1181 adjudicatum
1325 1101 1502 1162 secundum
1520 1101 1655 1162 eandem

393 1207 672 1289 adjudicationem
698 1209 841 1290 ipsorum
873 1207 1050 1288 juratorum
1084 1208 1220 1289 prestitit
1244 1221 1275 1269 et
1306 1208 1455 1291 deposuit
1477 1221 1513 1269 ut
1536 1206 1658 1286 debuit,

395 1314 536 1397 ideoque
560 1314 700 1376 eundem
734 1313 898 1397 Mathyam
929 1313 969 1374 acl
1002 1313 1190 1375 instanciam
1223 1314 1298 1376 dicti
1330 1313 1486 1376 Anthonii
1512 1315 1593 1396 nigri
1624 1314 1658 1376 in

394 1418 479 1482 lacto
503 1420 579 1502 pilei
611 1421 770 1502 prenotati
802 1433 868 1482 tam
901 1419 986 1481 idem
1018 1419 1201 1481 Anthonius
1232 1439 1330 1502 quam
1363 1440 1422 1482 nos
1449 1421 1595 1502 quietum
1626 1433 1660 1481 et

395 1525 580 1607 expeditum
614 1526 774 1588 commisit
805 1539 836 1588 et
869 1546 928 1588 uos
959 1526 1181 1610 commisimus
1204 1527 1349 1608 quietum
1382 1527 1509 1609 penitus
1540 1539 1571 1588 et
1602 1526 1659 1586 ab·

393 1630 547 1694 solutum.

395 1851 476 1924 ltem
505 1853 646 1924 sabbato
675 1855 825 1941 proxime
863 1857 1016 1943 sequenti
1045 1863 1119 1943 post
1157 1853 1343 1944 predictam
1371 1855 1490 1925 leriam
1523 1863 1656 1926 sextam

420 1977 607 2065 proximam
636 1984 712 2066 post
741 1975 863 2048 testum
890 1978 1077 2066 predictum
1110 1981 1220 2050 sancti
1257 1978 1432 2051 laurencii
1463 1980 1628 2050 martiris.

916 2136 981 2209 (13.
1004 2129 1148 2210 augusta).

500 2269 650 2331 Seniores
668 2269 790 2351 judices
807 2288 934 2331 causam
953 2269 1034 2331 inter
1051 2270 1206 2331 Jacobum
1223 2269 1362 2351 judicem
1379 2268 1483 2332 filium
1505 2270 1657 2333 lobannis

395 2374 471 2436 dicti
488 2375 590 2458 Bolye
608 2389 639 2438 et
652 2376 733 2437 inter
746 2376 957 2438 Benedictum
975 2375 1077 2437 filium
1092 2375 1257 2438 Michaelis
1274 2376 1451 2438 Sebastiani
1478 2391 1509 2439 et
1527 2377 1654 2438 Petrum

395 2480 516 2543 dictum
541 2481 622 2544 Pero
647 2503 683 2544 ac
709 2482 865 2544 Jacobum
882 2481 973 2543 aliter
993 2483 1141 2544 latinum
1158 2497 1308 2544 vocatum
1332 2481 1416 2544 filios
1434 2484 1517 2546 Petri
1536 2481 1657 2564 Saphar

396 2587 427 2648 iu
453 2585 538 2650 iacto
561 2588 710 2670 potencie
741 2608 797 2671 per
828 2589 933 2670 ipsum
965 2589 1120 2650 Jacobum
1153 2588 1293 2669 judicem
1325 2609 1433 2651 coram
1456 2590 1567 2671 juratis
1591 2608 1657 2650 mo·

396 2693 504 2755 dernis
527 2694 668 2776 predicta
690 2693 768 2757 feria
786 2708 871 2757 sexta
889 2709 1009 2756 mutarn
1035 2708 1144 2756 contra
1161 2695 1321 2777 predictos
1339 2695 1562 2775 Benedictum,
1579 2696 1657 2756 Pero

397 2811 428 2860 et
459 2799 607 2861 larinum
639 2820 674 2861 ac
707 2819 763 2882 per
794 2800 925 2862 eosdem
958 2801 1078 2883 juratos
1109 2799 1335 2879 adjudicatam,
1368 2821 1425 2884 per
1455 2799 1658 2883 prefatosque

397 2904 619 2985 Benedictum,
645 2907 725 2968 Pero
750 2921 781 2970 et
805 2908 953 2969 Jaxinum
976 2907 1008 2968 in
1033 2927 1160 2971 causam
1193 2921 1351 2986 attractos,
1376 2895 1417 2970 de
1441 2909 1508 2990 ipsa
1534 2907 1656 2990 adjudi-

398 3012 529 3073 cacione
560 3012 736 3093 juratorum
769 3034 834 3075 non
867 3027 1036 3076 contentos
1068 3033 1123 3076 seu
1156 3015 1332 3076 contentari
1363 3015 1521 3092 nolentes,
1553 3033 1658 3075 coram

398 3117 520 3180 eisdem
543 3120 723 3182 senioribus
747 3140 803 3182 seu
841 3121 873 3181 in
897 3121 1060 3202 presencia
1095 3121 1283 3183 eorumdem
1315 3121 1479 3183 seniorum
1512 3121 1655 3203 judicum

398 3225 591 3307 appellatam
616 3247 655 3288 eo
679 3227 778 3289 modo
807 3227 1041 3309 adjudicarunt,
1073 3242 1107 3288 ut
1132 3229 1199 3309 ipse
1222 3228 1360 3290 lacobus
1391 3226 1487 3306 judex
1511 3228 1582 3288 sola
1605 3246 1659 3287 sua

399 3331 432 3392 in
464 3351 600 3413 persona
629 3332 705 3394 feria
738 3333 834 3395 tercia
865 3334 1010 3415 proxima
1040 3347 1112 3416 post
1143 3333 1259 3395 festum
1291 3333 1537 3416 Assumpcionis
1570 3334 1659 3394 beate

398 3457 523 3520 semper
547 3440 679 3520 virginis
704 3441 803 3502 Maris
829 3459 913 3501 nunc
944 3441 1088 3523 proxime
1120 3439 1292 3503 affuturum
1324 3461 1420 3522 super
1443 3461 1532 3502 aram
1555 3453 1658 3502 sancte

401 3544 514 3607 Crucis
538 3545 641 3625 jurare
657 3546 818 3608 tenebitur
842 3565 1003 3628 supereo,
1026 3560 1061 3607 ut
1078 3547 1138 3628 ipsi
1157 3547 1358 3625 Benedictus,
1377 3547 1458 3608 Pero
1483 3561 1514 3607 et
1531 3547 1658 3608 larinus

401 3651 433 3712 in
458 3651 592 3713 domum
622 3653 721 3734 ipsius
752 3653 862 3713 Jacobi
894 3652 1008 3734 judicis
1040 3653 1262 3735 potencialiter
1293 3654 1448 3714 irruentes
1480 3653 1657 3735 predictum

400 3756 602 3819 Anthonium
619 3773 771 3820 sartorem
790 3779 888 3820 manu
904 3773 1024 3820 armata
1050 3759 1080 3820 in
1099 3759 1233 3820 domum
1252 3760 1395 3822 eiusdem
1420 3759 1532 3821 lacobi
1550 3759 1659 3839 judicis

401 3863 602 3946 pepulerunt,
625 3878 655 3926 et
672 3865 811 3926 eundem
828 3865 860 3926 in
881 3865 994 3926 eadem
1012 3865 1112 3926 domo
1129 3866 1239 3927 Jacobi
1256 3865 1395 3947 (judicis)
1411 3865 1657 3927 vulneraverunt

401 3970 441 4032 ad
466 3989 598 4032 manum
616 3985 648 4032 et
670 3971 710 4032 ad
732 3986 826 4054 caput
842 3970 1086 4053 per(cucientes)
1114 3973 1347 4054 potencialiter,
1372 3987 1403 4033 et
1419 3972 1602 4034 libertatem
1619 3971 1658 4031 ci·

400 4077 531 4139 vilitatis
544 4077 643 4158 ipsius
652 4075 792 4160 (domus)
801 4097 857 4159 per
873 4077 1015 4159 predicta
1033 4077 1113 4139 iacta
1131 4097 1187 4160 per
1205 4078 1290 4160 ipsos
1306 4090 1485 4160 perpetrata
1498 4077 1656 4160 potencia·

400 4185 471 4246 liter
496 4231 502 4246 .
529 4230 536 4245 .
562 4232 580 4262 .,
605 4199 636 4246 et
660 4184 806 4265 deposito
831 4185 900 4266 ipso
924 4184 1104 4264 juramento
1121 4205 1177 4266 per
1197 4185 1302 4266 ipsum
1327 4185 1483 4245 Jacobum
1508 4181 1655 4266 (judicem

401 4292 432 4352 in
458 4289 633 4373 presencia)
657 4289 853 4372 prefatorum
878 4291 1054 4369 Benedicti,
1079 4291 1160 4352 Pero
1185 4305 1216 4352 et
1245 4291 1359 4368 laxini,
1384 4289 1522 4371 quilibet
1547 4307 1653 4351 eorum

461 4398 492 4458 in
517 4397 655 4478 birsagio
673 4397 787 4478 viginti
812 4416 989 4457 marcarum
1007 4397 1267 4459 denariorum...
1292 4396 1441 4458 videlicet
1458 4396 1587 4477 birsagii
1605 4413 1657 4477 per

331 4538 334 4542 ·
400 4503 561 4585 predictos
584 4503 703 4585 juratos
727 4503 910 4583 adjudicati,
943 4501 1076 4584 (contra)
1105 4502 1244 4564 eundem
1268 4502 1424 4564 Jacobum
1450 4501 1589 4582 judicem
1612 4520 1655 4561 re·

401 4612 586 4688 manebunt,
618 4629 655 4671 ex
687 4610 820 4670 adverso
851 4658 858 4672 .
885 4659 891 4671 .
923 4609 1065 4691 ipsorum
1097 4609 1261 4671 seniorum
1292 4609 1435 4691 judicum
1470 4607 1656 4690 judicialiter

401 4717 537 4778 convicti
563 4716 605 4796 (et
637 4715 810 4798 aggravati)
842 4715 954 4777 ordine
979 4715 1055 4796 juris
1087 4729 1118 4777 et
1141 4716 1295 4777 libertatis
1326 4715 1462 4776 civitatis
1495 4725 1653 4796 prenotate

401 4824 599 4905 requirente;
618 4823 649 4883 in
675 4842 740 4904 quo
765 4821 884 4900 iudicio
911 4823 1051 4903 ipsorum
1077 4822 1239 4883 seniorum
1260 4821 1401 4902 judicum
1428 4820 1541 4882 eedem
1566 4821 1651 4881 ambe

400 4944 504 5016 partes
527 4945 592 4994 tam
610 4943 695 4992 actor
720 4949 816 5012 quam
842 4929 873 4990 in
892 4949 1019 4991 causam
1044 4929 1166 4992 attracti
1192 4948 1224 4990 se
1249 4941 1416 4991 contentos
1441 4927 1650 4990 reddiderunt.
