3876 5798
364 457 426 539 386
759 462 845 518 Anno
870 473 960 537 1443.
987 494 1026 503 —
1052 474 1103 536 [4.
1132 458 1219 520 maii.

469 672 545 734 Item
570 690 697 734 causam
723 671 865 754 magistri
891 670 1020 732 Thorne
1053 671 1128 732 dicti
1155 671 1288 732 Chedcn
1313 670 1404 752 jurati
1429 673 1473 733 sic
1499 672 1623 749 adjudi-

363 793 524 855 caverunt,
541 779 615 860 quia
634 779 700 860 ipse
715 778 860 840 Thomas
884 776 1078 839 sufficienter
1095 779 1316 859 comprobavit
1346 778 1512 860 quomodo
1530 779 1624 839 Eme-

362 885 445 946 ricus
468 904 602 966 atcupar
627 883 787 946 habitator
811 885 945 946 civitatis
977 885 1141 966 cingulum
1171 903 1243 945 cum
1269 885 1404 946 biccello
1428 885 1459 945 in
1486 885 1624 965 quadam

362 991 517 1053 thaberna
541 991 763 1072 potencialiter
798 992 917 1073 recepit
948 1007 979 1052 et
1008 992 1089 1052 circa
1123 1011 1156 1052 se
1181 991 1317 1052 detinuit
1349 991 1570 1072 potencialiter
1594 1004 1626 1050 et

363 1097 402 1158 ad
427 1097 565 1178 judicem
583 1117 647 1158 non
665 1098 804 1180 portavit
820 1118 876 1180 per
892 1099 1154 1158 commissionem
1179 1097 1303 1178 judicis,
1328 1111 1359 1158 et
1375 1097 1503 1178 insuper
1521 1098 1625 1179 ipsum

364 1203 526 1265 Thomam
552 1205 742 1283 verberavit,
767 1204 839 1265 ideo
857 1206 924 1286 ipse
950 1203 1114 1265 Emericus
1132 1203 1259 1264 racione
1282 1203 1366 1265 dicte
1391 1203 1626 1266 verberacionis

364 1310 463 1392 ipsius
488 1310 617 1372 Thome
643 1325 751 1372 contra
777 1311 916 1372 eundem
934 1310 1097 1372 Thomam
1122 1311 1275 1373 remansit
1297 1311 1328 1372 in
1354 1311 1496 1392 quinque
1521 1310 1627 1392 pensis

364 1415 582 1496 denariorum,
607 1417 734 1478 racione
760 1437 835 1479 vero
860 1417 942 1478 dicte
967 1417 1062 1478 unius
1087 1417 1243 1498 potencie,
1267 1436 1364 1498 quam
1389 1431 1497 1479 contra
1521 1417 1625 1498 ipsum

364 1522 527 1584 Thomam
552 1525 745 1606 perpetravit
777 1525 809 1585 in
843 1524 981 1604 birsagio
1015 1523 1126 1585 decem
1152 1543 1341 1604 marcarum,
1374 1537 1404 1585 et
1428 1525 1556 1585 racione
1580 1523 1625 1584 al-

363 1629 461 1691 terius
484 1630 644 1712 potencie,
668 1650 765 1711 quam
790 1643 900 1692 contra
924 1628 1083 1711 prefatum
1108 1629 1246 1710 judicem
1264 1631 1458 1712 perpetravit
1475 1629 1627 1690 remansit

364 1735 396 1796 in
422 1735 494 1796 aliis
519 1735 630 1798 decem
656 1737 770 1797 marcis
793 1735 999 1798 denariorum
1022 1749 1053 1797 et
1077 1737 1204 1798 racione
1238 1737 1320 1798 dicte
1344 1737 1556 1818 percussionis
1579 1735 1626 1816 ju-

365 1841 428 1902 dici
454 1842 607 1904 remansit
631 1842 663 1902 in
688 1856 816 1904 centum
845 1841 993 1904 denariis.

470 1965 547 2028 Item
573 1985 700 2027 causam
726 1965 818 2049 Gyan
843 1966 989 2049 pellificis
1022 1981 1052 2028 et
1077 1966 1208 2047 Georgii
1242 1968 1421 2048 purgatoris
1444 1968 1626 2048 gladiorum

365 2070 397 2130 in
423 2069 505 2132 facto
529 2087 651 2153 septem
676 2071 744 2136 flor.
770 2073 838 2134 auri
863 2073 955 2155 jurati
980 2074 1024 2134 sic
1053 2073 1288 2154 adjudicarunt,
1324 2074 1411 2155 quod
1435 2074 1501 2155 ipse
1526 2073 1627 2136 Geor-

364 2179 436 2259 gius
461 2192 614 2261 purgator
638 2179 819 2261 gladiorum
846 2181 941 2242 debet
958 2179 1061 2261 jurare
1086 2180 1247 2241 solitarius
1271 2178 1347 2241 feria
1373 2194 1458 2242 sexta
1484 2181 1627 2262 proxima

365 2299 437 2367 post
461 2299 605 2347 octavam
631 2286 726 2348 Pasce
759 2286 890 2347 Domini
914 2305 1009 2368 super
1038 2306 1124 2348 aram
1151 2306 1189 2348 eo
1221 2287 1320 2347 modo
1352 2300 1386 2347 ut
1410 2287 1476 2369 ipse
1500 2288 1533 2348 in
1557 2307 1626 2369 pre·

365 2391 457 2452 dictis
487 2405 609 2473 septem
633 2391 702 2454 flor.
732 2393 800 2453 auri
833 2391 892 2474 ipsi
927 2391 1018 2474 Gyan
1053 2391 1182 2473 pellifici
1216 2391 1315 2454 nichil
1349 2394 1475 2474 penitus
1500 2407 1626 2454 tenetur

365 2497 477 2558 sedin
502 2497 614 2558 eadem
639 2498 769 2560 accione
793 2497 928 2560 omnino
952 2499 991 2560 sit
1016 2499 1175 2560 innoxius.

445 2732 543 2809 Feria
571 2739 678 2808 tercia
707 2739 863 2826 proxima
892 2745 969 2826 post
997 2737 1119 2808 festum
1147 2739 1255 2808 sancti
1283 2737 1447 2826 Jobaunis
1476 2745 1553 2809 ante

841 2870 974 2950 portam
1003 2861 1154 2931 latinam.

923 3029 966 3110 (7·
990 3032 1083 3110 maa).

474 3190 552 3252 ltem
578 3189 752 3270 Gregorius
770 3189 889 3262 iuratus
905 3189 989 3251 lilius
1015 3189 1100 3252 Galli
1119 3190 1259 3251 concivis
1288 3203 1395 3251 noster
1419 3203 1528 3252 contra
1546 3190 1627 3252 Leo·

366 3297 502 3360 nardum
520 3297 701 3379 privignum
721 3297 810 3358 Pauli
828 3295 1043 3378 Zydowchicb
1060 3296 1202 3357 secundo
1222 3296 1334 3356 citatus
1352 3316 1417 3357 non
1437 3297 1627 3380 comparuit.

471 3403 549 3464 Item
573 3423 700 3464 causam
726 3405 806 3464 inter
831 3403 1014 3464 Emericum
1034 3417 1187 3480 sutorem,
1220 3403 1368 3482 juratt'rm,
1398 3404 1517 3465 dictum
1545 3405 1627 3484 Sega

367 3525 397 3572 et
421 3511 502 3572 inter
526 3510 654 3570 Petrum
680 3509 861 3570 barberium
886 3509 978 3590 jurati
997 3509 1036 3570 ad
1055 3510 1194 3590 primurn
1219 3508 1374 3588 judicium
1400 3497 1543 3591 pr'oxime
1568 3529 1620 3571 oc·

366 3636 495 3678 currens
520 3635 558 3676 eo
582 3615 681 3676 modo
705 3629 919 3696 prorogarunt
949 3633 1007 3696 pro
1032 3614 1135 3676 fienda
1164 3635 1241 3698 pace
1273 3635 1329 3697 per
1354 3616 1523 3677 instantem
1548 3617 1628 3698 peti·

366 3722 491 3784 cionem
516 3721 730 3803 plurimorum
753 3723 930 3802 proborum
954 3721 1106 3784 virorum.

472 3827 550 3888 ltem
567 3827 660 3908 jurati
684 3827 948 3908 adjudicaverunt
973 3846 1101 3888 causam
1126 3828 1207 3888 inter
1231 3828 1385 3889 Mathiam
1412 3842 1553 3890 sutorem
1579 3829 1628 3888 ni-

366 3955 458 4015 grum
483 3949 514 3996 et
539 3934 619 3994 inter
637 3933 778 3994 Blasium
803 3947 944 3994 sutorem
966 3953 1120 4013 generum
1138 3935 1271 4016 Musych
1297 3934 1351 3995 tali
1377 3938 1486 4013 modo,
1510 3949 1545 3996 ut
1561 3935 1628 4016 ipse

368 4040 513 4122 Mathyas
537 4041 635 4101 tercio
660 4059 692 4100 se
716 4040 860 4119 personis
884 4040 944 4100 sibi
966 4040 1124 4100 similibus
1148 4053 1261 4102 octavo
1279 4041 1330 4100 die
1355 4061 1450 4123 super
1474 4060 1513 4102 eo
1533 4060 1628 4122 supet

367 4167 452 4209 aram
479 4147 582 4227 jurare
607 4147 777 4224 tenebitur,
803 4161 837 4206 ut
854 4147 920 4227 ipse
938 4146 1048 4206 vinum
1074 4147 1173 4228 ipsius
1190 4147 1286 4208 blasii
1305 4145 1420 4208 furtive
1445 4167 1509 4208 non
1528 4145 1629 4229 (e)du-

367 4253 474 4314 cilavit
498 4273 555 4314 nec
579 4253 744 4331 subtraxit,
769 4253 824 4314 sed
849 4253 1004 4312 innocens
1028 4253 1067 4313 sit
1094 4254 1221 4334 penitus
1246 4267 1276 4315 et
1301 4253 1452 4315 inmunis.

460 4487 556 4562 Feria
586 4493 693 4561 tercia
723 4493 877 4578 proxima
906 4499 983 4561 ante
1012 4491 1133 4562 festum
1161 4492 1258 4562 beate
1286 4491 1405 4580 Sophia
1432 4491 1541 4563 vidue.

904 4660 969 4739 (14.
994 4660 1090 4742 maie).

475 4821 549 4882 ltem
568 4821 720 4882 Nicolaus
745 4835 834 4882 sutor
857 4820 977 4901 juratus
995 4835 1104 4882 contra
1123 4820 1286 4903 Mathyam
1311 4820 1449 4902 juratum
1473 4839 1629 4901 generum

368 4927 526 4989 Rakaricb
551 4929 655 5010 primo
680 4928 793 4990 citatus
822 4948 886 4989 non
912 4927 1100 5010 comparuit.
