3678 5800
561 521 650 580 Anno
672 535 765 598 1434.
791 555 830 565 —
853 534 889 597 9.
912 523 1026 596 aprilis.
1358 541 1421 604 ²07

153 730 296 792 consorti
319 729 490 812 legavisset
514 731 752 814 perhennaliter
771 732 1011 816 possidendam,
1036 733 1175 815 ideoque
1200 753 1258 796 nos
1283 735 1420 797 eandem

153 836 361 899 medietatem
387 838 471 899 dicte
496 837 622 918 domus,
646 838 835 922 porcionem
860 853 895 902 ut
926 839 1101 922 predicitur
1124 840 1200 902 dicti
1227 841 1417 921 Sebastiam,

153 962 252 1004 unam
284 942 436 1006 videlicet
468 957 615 1028 quartam
647 944 680 1006 in
711 965 745 1007 se
777 945 967 1008 retinentem
1000 965 1073 1007 curn
1105 947 1170 1008 suis
1202 947 1421 1028 pertinenciis,

152 1049 259 1111 eidem
285 1049 485 1130 Margarethe
509 1050 637 1113 mulieri
655 1071 692 1113 ac
713 1071 857 1135 peream
882 1053 947 1113 suis
964 1052 1136 1115 heredibus
1160 1053 1330 1115 statuimus
1349 1073 1421 1136 per-

152 1169 252 1237 petuo
276 1155 505 1239 possidendam
531 1171 562 1219 et
578 1157 887 1240 quomodocumque
908 1157 1047 1220 voluerit
1070 1158 1309 1241 disponendam
1334 1159 1421 1242 juxta

153 1263 382 1326 condicionem
407 1263 543 1326 civitatis
567 1277 743 1345 prenotate.

262 1368 341 1431 Item
366 1370 447 1432 Pero
479 1369 564 1432 filius
595 1370 679 1432 Petri
712 1369 834 1454 Saphar
865 1383 975 1433 contre
1009 1369 1219 1433 Benedictum
1256 1385 1421 1452 sartorem,

152 1475 350 1538 modernum
373 1474 523 1558 juratum,
548 1476 691 1538 secundo
715 1477 829 1539 citatus
852 1496 918 1538 non
942 1478 1131 1560 comparuit.

260 1581 339 1645 ltem
372 1583 448 1664 quia
472 1583 630 1646 Martinus
653 1595 685 1645 et
711 1583 856 1645 Andreas
881 1583 1044 1646 carnifices
1074 1583 1131 1646 filii
1170 1585 1308 1646 condam
1333 1586 1418 1649 Petri

153 1688 274 1750 nobilis
297 1689 373 1751 dicti
399 1689 640 1770 Plemenschak,
665 1687 859 1752 habitatores
887 1690 971 1752 dicte
1004 1691 1150 1770 civitatis,
1175 1691 1208 1752 id
1232 1712 1305 1754 cum
1330 1691 1417 1754 suffr·

153 1794 251 1857 cienti
276 1808 307 1857 et
329 1793 495 1877 fidedigno
520 1809 704 1858 nostrorum
728 1797 911 1859 concivium
940 1798 1126 1860 testimonio
1151 1799 1184 1860 in
1210 1799 1284 1862 sede
1310 1813 1417 1862 nostra

152 1899 320 1981 judiciaria
344 1901 428 1964 clare
453 1915 484 1964 et
507 1901 624 1964 seriose
649 1922 757 1967 coram
782 1903 875 1964 nobis
900 1905 1160 1986 comprobarunt,
1187 1918 1223 1967 ut
1248 1906 1326 1968 dum
1350 1926 1421 1988 pre·

154 2005 238 2069 latus
262 2008 375 2070 Petrus
399 2007 628 2072 Plemenschak
647 2011 679 2070 in
697 2009 845 2070 extremis
869 2009 932 2072 vite
956 2030 1011 2072 sue
1028 2012 1215 2092 temporalis
1235 2012 1421 2090 laborasset,

152 2127 230 2175 tunc
255 2113 323 2196 ipse
347 2115 510 2197 quandam
532 2129 649 2178 terram
683 2135 773 2198 suam
805 2117 958 2179 arabilem
988 2118 1020 2178 in
1052 2137 1166 2200 campo
1202 2132 1315 2181 nostro
1340 2120 1421 2180 inter

152 2233 253 2281 terras
273 2219 451 2284 liberorum
476 2222 613 2284 condam
631 2221 759 2284 Thome
784 2222 822 2284 de
846 2223 1006 2306 Pobresya
1024 2237 1055 2285 et
1078 2224 1225 2286 similiter
1245 2225 1420 2287 liberorum

154 2325 280 2388 Nicolai
305 2327 380 2389 dicti
405 2328 479 2410 Nog
502 2329 542 2390 de
566 2328 648 2390 ultra
669 2321 778 2406 ¹Zawa,
810 2328 962 2408 habitam,
987 2321 1166 2392 sex'dietas
1205 2331 1237 2392 in
1262 2351 1295 2392 se
1319 2332 1421 2392 eonti-

154 2445 297 2512 nentem,
321 2453 394 2496 cum
420 2435 485 2497 suis
508 2435 714 2517 pertinenciis
730 2435 881 2518 predictis
907 2436 1046 2498 Martino
1064 2449 1095 2498 et
1110 2437 1242 2498 Andree
1266 2435 1341 2498 filiis
1357 2438 1423 2499 suis

153 2541 325 2622 legavisset
356 2541 424 2623 jure
456 2541 644 2624 perhennali
674 2541 913 2624 possidendam,
945 2541 1019 2604 ideo
1051 2561 1110 2623 nos
1139 2543 1274 2605 eandem
1300 2557 1416 2605 terram

154 2648 309 2710 arabilem
324 2667 377 2710 ser
391 2649 550 2711 dietarum
564 2667 636 2710 cum
650 2648 715 2709 suis
725 2649 929 2730 pertinenciis
942 2649 1093 2730 predictis
1105 2650 1266 2712 annotatis
1281 2650 1419 2712 Martino

155 2753 1420 2838 etAndreeacpereosipsorumheredibusstatuimusperpetuopossidendam.

261 2861 341 2922 ltem
364 2861 458 2942 jurati
490 2860 754 2943 adjudicaverunt
785 2861 818 2922 in
850 2880 943 2922 causa
972 2860 1058 2923 Galli
1090 2861 1190 2923 villici
1216 2861 1247 2922 in
1284 2862 1419 2944 Ztenye-

154 2967 255 3046 wech,
281 2967 338 3030 filii
363 2967 544 3046 Laurentii,
568 2979 602 3028 ut
625 2967 752 3046 actoris,
776 2979 807 3028 et
824 2966 907 3028 lwan
925 2965 1006 3028 labri
1031 2967 1172 3029 concivis
1194 2968 1304 3046 nostri,
1328 2981 1363 3029 ut
1387 2969 1419 3028 in

156 3093 285 3135 causam
311 3074 444 3153 attracti,
472 3093 578 3135 coram
606 3073 699 3134 nobis
723 3085 810 3134 mota
834 3072 889 3134 tali
907 3073 1023 3134 modo:
1049 3085 1084 3134 ut
1106 3074 1172 3156 ipse
1197 3072 1310 3136 Gallus
1334 3087 1422 3136 actor

155 3181 255 3242 tercio
280 3201 314 3242 se
339 3181 485 3262 personis
507 3180 568 3242 sibi
590 3179 750 3241 similibus
774 3181 805 3240 in
834 3179 967 3241 ecclesia
993 3180 1077 3240 beati
1103 3180 1201 3242 Marci
1228 3178 1422 3242 confessoris

156 3307 252 3369 super
276 3307 364 3349 aram
383 3299 497 3349 octavo
514 3285 566 3348 die
581 3285 743 3348 tenebitur
758 3285 862 3366 jurare
880 3299 989 3347 contra
1006 3286 1112 3368 ipsum
1130 3286 1272 3348 lwanum
1290 3284 1416 3347 fabrum

156 3389 188 3456 in
213 3413 344 3456 causam
369 3405 536 3455 attractum
555 3411 651 3475 super
667 3411 718 3470 eo,
742 3404 777 3452 ut
793 3390 933 3474 prefatus
950 3391 1075 3454 iwanus
1091 3391 1181 3454 faber
1197 3411 1292 3474 super
1316 3390 1420 3474 ipsum

157 3501 290 3563 Gallum
315 3519 388 3562 cum
412 3501 478 3563 suis
508 3500 603 3562 sociis
630 3498 790 3561 cicatrices
820 3519 877 3560 seu
913 3499 1033 3561 vibices
1055 3499 1259 3582 perpetravit,
1284 3512 1316 3560 et
1343 3499 1419 3560 dum

155 3607 319 3690 juraverit,
343 3621 418 3669 tunc
442 3607 502 3669 sibi
519 3605 697 3669 satisfaccio
714 3605 908 3688 inpendatur
929 3605 1014 3686 juxta
1032 3606 1137 3687 legem
1162 3606 1307 3668 civitatis.

265 3715 343 3776 ltem
367 3718 476 3795 Agnes
499 3713 615 3776 mulier
643 3733 723 3775 uxor
755 3712 907 3796 Stephani
937 3713 1054 3774 sutoris
1085 3711 1141 3774 filii
1167 3711 1311 3794 Bregma,
1347 3711 1421 3773 soli·

155 3821 235 3883 taria
260 3819 421 3883 tenebitur
444 3819 547 3903 jurare
564 3839 621 3903 per
637 3819 913 3902 adjudicacionem
931 3818 1108 3900 juratorum
1134 3831 1244 3880 contra
1262 3819 1421 3880 Briccium

156 3927 299 4010 judicem
322 3940 438 3989 octavo
461 3927 514 3988 die
537 3945 632 4009 super
662 3945 749 3988 aram
780 3945 876 4008 super
907 3945 957 4004 eo,
985 3938 1020 3986 ut
1044 3925 1111 4006 ipsa
1145 3922 1270 4007 prefato
1298 3924 1422 4004 Briccio

156 4031 255 4113 judici
281 4052 347 4094 non
370 4044 496 4094 tenetur
513 4031 595 4094 duos
611 4031 681 4095 flor.
698 4032 778 4111 auri,
798 4031 854 4092 sed
875 4031 906 4092 in
931 4030 1021 4093 totali
1039 4030 1170 4092 accione
1190 4029 1291 4110 ipsius
1309 4029 1422 4090 Briccii

157 4139 313 4201 moderna
337 4138 491 4200 innocens
515 4139 555 4201 sit
577 4137 705 4221 penitus
726 4151 757 4200 et
780 4137 921 4200 innoxia.

264 4245 343 4308 Item
368 4245 444 4328 quia
461 4245 616 4306 Nicolaus
636 4243 721 4306 filius
737 4243 862 4306 Nicolai
880 4243 1080 4326 carpentarii,
1105 4261 1268 4304 successor
1284 4242 1422 4304 condam

157 4351 285 4413 Nicolai
311 4350 588 4434 Lyppowschyak,
620 4350 652 4412 id
677 4371 749 4413 cum
775 4349 944 4412 sufficienti
982 4363 1012 4411 et
1043 4349 1207 4430 fidedigno
1239 4362 1423 4410 nostrorum

159 4458 341 4519 concivium
367 4457 553 4520 testimonio
586 4457 618 4519 in
654 4457 729 4519 sede
761 4469 868 4518 nostra
892 4456 1057 4539 judiciaria
1088 4456 1170 4517 clare
1202 4455 1425 4538 comprobavit

159 4583 266 4626 coram
291 4563 396 4642 nobis,
421 4575 456 4625 ut
479 4563 557 4625 dum
582 4563 691 4624 relicta
716 4563 853 4625 condam
877 4561 991 4646 prefati
1015 4563 1141 4624 Nicolai
1167 4562 1422 4645 Lyppowschak,

159 4691 249 4733 soror
272 4690 349 4733 vero
364 4670 494 4738 ¹discreti
519 4669 579 4731 viri
596 4669 720 4731 domini
739 4669 829 4730 Pauli
846 4669 1011 4752 presbiteri
1026 4669 1154 4750 plebani
1180 4669 1219 4730 de
1238 4669 1423 4752 Ztulbycza,

160 4791 323 4858 postremo
348 4796 425 4837 vero
451 4795 530 4838 uxor
554 4774 666 4858 prefati
691 4775 817 4837 Nicolai
835 4775 1023 4858 carpentarii
1048 4775 1079 4835 in
1105 4775 1254 4836 extremis
1279 4775 1342 4836 vite
1368 4793 1423 4834 sue

159 4883 346 4966 temporalis
371 4883 556 4961 laborasset,
578 4895 654 4944 tunc
672 4882 740 4964 ipsa
764 4882 937 4963 quamdam
956 4881 1091 4943 domum
1115 4901 1205 4942 suam
1230 4901 1304 4943 cum
1322 4880 1424 4942 fundo

162 4989 193 5050 in
218 4989 347 5051 civitate
372 4988 513 5072 predicta
538 4987 692 5068 habitam,
716 5001 778 5048 tres
809 5001 938 5069 quartas
962 4988 1048 5049 curie
1076 4987 1107 5049 in
1138 5007 1171 5048 se
1196 4987 1426 5065 continentem,
