3740 5810
594 549 681 606 Anno
703 561 793 625 1431.
816 581 860 591 —
880 560 914 622 9.
938 549 1047 608 martr'r'.
1269 563 1272 568 ·
1393 565 1449 627 ¹35

348 736 425 820 Item
451 759 581 820 larinus
604 757 690 820 filius
712 757 797 820 Petri
823 757 953 840 Saphar.

347 865 426 927 Item
450 865 564 928 Friche
588 885 644 926 seu
668 864 859 926 Fridericua.

346 972 425 1034 Item
451 972 572 1054 Steplro
595 970 727 1054 juratus.
1076 969 1200 1050 Lingua
1224 965 1441 1030 theuthonica.

347 1077 424 1140 Item
449 1075 661 1141 Wolsramus.
1015 994 1028 1218 ς

347 1184 425 1246 Item
448 1183 530 1246 Pero
554 1182 639 1246 filius
663 1183 797 1266 predicti
824 1183 918 1246 Petri.

345 1397 424 1458 Item
449 1395 644 1458 Anthonius.

345 1502 423 1564 Item
448 1501 652 1565 Jacomellus.

345 1607 423 1670 Item
447 1608 568 1670 Petrus.
777 1608 902 1690 Lingua
930 1607 1046 1671 italica.

346 1713 424 1777 Item
450 1713 620 1777 Iohannes.

346 1820 423 1884 Item
449 1821 601 1885 Marinus.

299 2050 379 2112 Item
411 2050 509 2112 iidem
541 2049 649 2131 judex,
679 2049 772 2132 jurati
801 2063 832 2112 et
859 2049 1033 2112 consiliarii
1065 2049 1172 2110 omnia
1207 2047 1333 2108 decreta
1358 2059 1453 2128 atque

188 2169 305 2219 statuta
330 2157 450 2218 tamin
484 2157 626 2239 antiquis
651 2176 747 2238 quam
769 2155 802 2218 in
826 2141 964 2239 presenti
987 2155 1125 2216 ltaternis
1149 2166 1298 2215 contenta
1323 2165 1354 2214 et
1377 2171 1454 2212 con·

185 2263 286 2346 sripta
313 2263 421 2345 quoad
454 2283 567 2324 omncs
598 2283 707 2325 earum
732 2263 902 2341 clausulas,
927 2275 1044 2344 puncta
1068 2275 1098 2324 et
1123 2259 1274 2322 articulos
1298 2271 1453 2341 perpetuo

188 2383 219 2432 et
244 2369 477 2432 inviolabiliter
500 2368 731 2432 confirmarunt
754 2369 899 2448 valitura,
923 2369 1047 2450 justicia
1065 2381 1160 2449 atque
1184 2366 1332 2428 libertate
1356 2365 1452 2448 prIvi·

186 2477 307 2558 legiata
332 2475 468 2538 civitatis
492 2489 658 2559 prenotate
682 2476 913 2560 persuadente.

183 2695 281 2770 lerla
311 2703 409 2770 sexta
437 2699 592 2787 proxima
611 2703 690 2770 anta
709 2697 831 2769 festum
850 2695 940 2768 beati
961 2695 1112 2785 Gregorii
1140 2714 1223 2784 pape
1242 2699 1275 2766 et
1294 2691 1453 2765 doctoris.

720 2852 762 2930 (9.
787 2851 914 2920 martii).

290 2992 370 3055 Item
405 2992 488 3054 lwan
520 2991 687 3055 Jacomelli
719 3005 828 3054 contra
862 2991 1041 3075 Georgium
1078 2991 1314 3074 carpentarium
1347 2993 1452 3074 primo

183 3099 300 3161 citatus
321 3117 387 3161 non
412 3100 602 3182 comparuit.

294 3205 374 3268 Item
398 3205 473 3288 quia
499 3205 680 3288 Stephanus
711 3218 800 3267 sutor
828 3205 913 3268 filius
937 3205 1085 3287 Gregorii
1119 3207 1262 3268 concivis
1286 3221 1393 3269 noster
1417 3207 1449 3268 id

182 3331 258 3374 cum
285 3309 456 3374 sufficienti
483 3326 513 3375 et
534 3310 698 3392 fidedIgno
715 3325 897 3374 nostrorum
915 3313 1096 3374 concivIum
1114 3313 1300 3375 testimonio
1325 3313 1449 3374 insede

181 3432 293 3480 nostra
318 3417 485 3499 judiciaria
510 3417 593 3480 clare
618 3431 650 3481 et
672 3419 791 3480 seriose
808 3419 1030 3500 comprobavit
1053 3439 1160 3480 coram
1185 3419 1289 3498 nobis,
1312 3433 1348 3481 ut
1371 3419 1448 3480 dum

182 3525 288 3606 proba
313 3523 453 3586 condam
478 3523 595 3586 mulier
619 3528 728 3606 Agnes
751 3537 873 3602 vocata,
898 3525 1006 3588 relicta
1032 3524 1169 3587 condam
1195 3523 1347 3606 Stephani
1373 3525 1448 3587 dicti

181 3628 322 3714 Musych
355 3628 412 3692 filii
445 3629 542 3709 lwan,
567 3643 598 3692 ct
618 3630 749 3692 tandem
781 3650 861 3693 uxor
883 3631 983 3714 ipsius
1015 3630 1169 3714 Stephani
1200 3631 1317 3694 sutoris
1340 3631 1372 3692 in
1397 3650 1448 3692 ex·

179 3737 295 3800 tremis
319 3736 383 3798 vite
407 3756 464 3798 sue
487 3737 674 3819 temporalis
705 3736 890 3815 laborasset,
923 3751 999 3800 tunc
1023 3739 1090 3820 ipsa
1122 3737 1296 3820 quamdam
1321 3738 1448 3799 vineam

179 3861 273 3905 auam
298 3842 330 3903 In
354 3842 515 3904 territorio
539 3843 676 3905 civitatis
692 3843 846 3922 habitam,
871 3843 973 3926 ipsam
990 3843 1163 3907 literatorie
1186 3855 1448 3923 concernentem,

180 3968 257 4011 cum
294 3949 360 4010 suis
390 3948 596 4030 pertinenciis
624 3947 747 4031 prelato
780 3949 943 4032 Stephano
976 3951 1075 4011 sutori
1106 3949 1221 4012 marito
1254 3963 1285 4012 et
1310 3949 1448 4011 MartIno

179 4056 264 4135 filio,
290 4055 365 4134 suis,
390 4054 560 4137 legavisset
584 4054 651 4136 jure
675 4055 862 4138 perhennali
879 4056 1119 4139 possidendam,
1137 4056 1212 4119 ideo
1236 4077 1295 4118 nos
1311 4057 1448 4118 eandem

179 4163 316 4224 vineam
341 4181 414 4223 cum
446 4161 511 4223 auis
535 4161 740 4245 pertiuentiis
771 4161 901 4245 prefatis
934 4163 1098 4246 Stephano
1129 4163 1229 4224 sutori
1254 4177 1285 4225 et
1309 4163 1448 4226 Martino

178 4267 250 4332 fi1i0
275 4287 335 4330 suo
359 4287 395 4329 ac
418 4287 475 4350 per
507 4287 562 4330 eos
595 4268 738 4350 ipsorum
770 4267 941 4331 heredibus
972 4270 1141 4331 statuImus
1174 4283 1204 4331 et
1228 4271 1449 4332 commisimus

178 4375 250 4456 jure
279 4387 437 4457 perpetuo
468 4389 499 4437 et
529 4374 781 4437 irrevocabiliter
812 4375 1040 4458 possidendam
1073 4389 1104 4437 et
1138 4375 1447 4458 quomodocumque

179 4481 348 4544 voluerInt
370 4480 614 4563 disponendam.

291 4586 370 4648 Item
394 4587 469 4669 quia
493 4587 642 4650 Vrbanua
665 4587 750 4650 filius
766 4587 891 4650 Nicolai
916 4589 1063 4672 Zynrych
1081 4587 1239 4651 habitator
1263 4589 1399 4652 civitatis
1416 4591 1447 4652 id

178 4712 254 4756 cum
279 4691 450 4756 sufficienti
475 4704 505 4755 et
528 4692 693 4776 fidedIgno
712 4707 894 4757 nostrorum
916 4695 1099 4758 concivium
1116 4697 1303 4759 testimonio
1322 4697 1353 4758 in
1371 4698 1446 4758 sede

179 4813 290 4862 nostra
315 4798 481 4882 judiciaria
506 4799 589 4863 clare
614 4801 836 4883 comprobavit
860 4821 967 4862 coram
997 4803 1100 4881 nobis,
1128 4816 1162 4865 ut
1187 4801 1327 4884 prefatus
1352 4803 1447 4864 Nico·

179 4906 251 4968 laus
275 4919 367 4988 pater
384 4925 460 4968 suus
477 4907 644 4969 intestatus
668 4907 707 4968 ab
731 4906 790 4968 hac
806 4907 877 4970 luce
902 4907 1098 4988 decessisset,
1117 4923 1147 4971 et
1163 4910 1239 4992 quia
1256 4923 1344 4992 patre
1367 4910 1447 4972 Inte·

186 5026 272 5074 atsto
296 5011 505 5091 decendente,
528 5013 619 5096 pueri
637 5011 769 5075 heredes
785 5013 1046 5093 adinveniuntur,
1068 5034 1227 5098 excoque
1250 5017 1334 5078 bona
1352 5016 1449 5100 ipsius
