3740 5810
568 550 655 607 Anno
676 563 766 626 1431.
789 583 834 592 -
856 559 885 624 7.
909 549 1073 609 decembris.
1393 567 1452 630 147

292 762 372 823 Item
397 761 547 822 dominus
565 761 747 822 Anthonius
763 762 918 842 presbiter
935 773 1044 822 contra
1062 760 1269 822 Valentinum
1294 775 1450 824 sartorem

178 869 330 930 secundo
352 869 466 929 citatus
490 887 553 928 non
583 867 773 949 comparuit.

293 993 373 1055 ltem
404 994 515 1055 Petrus
545 991 754 1054 Wrecharich
788 1004 897 1053 contra
931 991 1070 1054 Owchar
1100 993 1205 1074 primo
1237 993 1350 1056 citatus
1387 1013 1452 1054 non

179 1100 378 1182 comparuit.
823 1090 826 1096 ’

294 1224 373 1286 ltem
399 1223 474 1305 quia
500 1223 706 1285 Sebastianus
731 1222 833 1285 dictus
858 1223 982 1306 Ztoyko
1014 1222 1099 1284 filius
1124 1224 1210 1286 Luce
1234 1223 1393 1306 Agathich
1418 1223 1450 1285 id

179 1349 259 1392 cum
283 1329 453 1392 sufficienti
478 1329 665 1392 testimonio
690 1343 872 1391 nostrorum
897 1329 1078 1391 concivium
1103 1349 1212 1392 coram
1236 1330 1330 1392 nobis
1355 1331 1387 1392 in
1404 1331 1452 1412 ju-

180 1435 274 1496 dicio
308 1435 392 1497 clare
424 1435 656 1517 comprobavit,
689 1449 724 1497 ut
755 1435 895 1517 quedam
927 1435 1043 1497 domus
1066 1437 1161 1498 simul
1194 1457 1268 1498 curn
1292 1435 1393 1498 fundo
1417 1451 1450 1498 et

180 1541 344 1603 hedificiis
376 1543 407 1602 in
441 1541 568 1604 civitate
600 1541 742 1624 predicta
775 1543 856 1602 inter
887 1539 1005 1603 fundos
1033 1542 1147 1604 Briccii
1179 1543 1293 1624 judicis
1322 1545 1362 1604 ab
1387 1563 1450 1604 una

181 1662 287 1728 parte,
313 1661 344 1710 et
368 1661 457 1730 parte
482 1651 521 1710 ab
546 1648 643 1709 altera
670 1649 846 1709 liberorum
878 1647 988 1709 relicte
1013 1647 1137 1710 Nicolai
1172 1647 1396 1731 Lipouschyak
1421 1663 1452 1711 et

181 1755 332 1816 Emerici
357 1755 433 1816 dicti
457 1753 647 1816 Remethich
671 1753 790 1833 habita,
815 1753 914 1836 ipsius
938 1754 1024 1816 Luce
1053 1754 1150 1836 patris
1175 1754 1250 1816 dicti
1275 1755 1453 1816 Sebastiani

181 1859 322 1940 juridica
349 1859 459 1922 fuisset
483 1873 514 1922 et
538 1861 712 1922 literatoria
737 1873 768 1922 et
791 1879 886 1942 super
910 1861 1015 1941 ipsum
1040 1859 1264 1922 Sebastianum
1288 1873 1453 1944 tamquam

184 1966 341 2028 heredem
369 1981 399 2028 et
417 1967 619 2049 superstitem
644 1967 743 2048 ipsius
766 1965 853 2046 juxta
878 1965 960 2027 dicte
977 1965 1112 2027 civitatis
1128 1967 1295 2048 antiquam
1318 1986 1452 2028 consve-

182 2073 335 2134 tudinem
361 2087 392 2134 et
415 2073 649 2155 privilegiatam
674 2073 853 2134 libertatern
871 2072 929 2134 rite
954 2071 1057 2133 extitit
1080 2071 1232 2134 devoluta
1252 2073 1381 2134 nemine
1399 2093 1453 2156 pe-

186 2179 276 2239 nitus
289 2179 371 2240 trina
386 2179 485 2240 eciam
502 2177 619 2240 lorensi
635 2179 762 2260 publica
775 2177 1033 2260 proclamacione
1050 2177 1222 2260 superinde
1236 2176 1317 2240 facta
1331 2193 1455 2240 contra·

186 2285 312 2346 dictore
330 2284 501 2366 superinde
525 2299 708 2368 apparente,
733 2283 872 2366 ideoque
896 2303 955 2344 nos
978 2283 1113 2345 eandem
1137 2284 1271 2346 domum
1288 2304 1361 2346 curn
1388 2285 1453 2346 suis

185 2391 395 2472 pertinenciis
419 2391 587 2452 statuimus
611 2405 642 2452 et
657 2391 878 2452 commisimus
894 2388 1017 2472 prefato
1035 2389 1223 2452 Sebastiano
1248 2403 1279 2452 et
1302 2410 1450 2472 pereum

183 2498 252 2558 suis
276 2497 451 2558 heredibus
475 2497 542 2578 jure
567 2511 722 2580 perpetuo
747 2495 974 2580 possidendam
999 2510 1030 2558 et
1060 2495 1368 2578 quomodocumque
1393 2517 1451 2558 vo-

184 2603 283 2665 luerit
307 2603 552 2686 disponendam.

295 2709 374 2771 ltem
399 2711 511 2772 Petrus
535 2717 655 2790 iuratus
672 2723 702 2772 et
719 2709 836 2771 Paulus
860 2729 948 2770 rasor
971 2729 1006 2770 ac
1024 2708 1169 2770 Thomas
1185 2723 1321 2770 sartores
1338 2721 1448 2770 contra

187 2816 401 2878 Valentinum
427 2829 578 2877 sartorem
605 2816 709 2898 primo
734 2816 820 2877 citati
844 2835 909 2877 non
937 2827 1197 2896 comparuerunt.

298 2941 377 3002 ltem
392 2940 574 3002 Anthonius
587 2939 671 3002 filius
688 2939 806 3003 Cosme
820 2953 929 3001 contra
947 2939 1111 3001 dominam
1127 2937 1304 3022 Elyzabeth
1321 2957 1452 3000 uxorem

186 3048 332 3130 magistri
357 3045 512 3108 iohannis
534 3047 672 3129 lapicide
696 3046 838 3109 secundo
870 3047 983 3108 citatus
1007 3066 1074 3107 non
1098 3046 1287 3128 comparuit.

296 3173 374 3233 ltem
400 3171 513 3234 Gallus
537 3184 625 3233 sutor
649 3186 758 3234 contra
783 3171 982 3254 Stephanum
1011 3169 1262 3232 Skerchkowich
1287 3170 1392 3252 primo
1410 3169 1453 3232 ci·

186 3293 271 3342 tatus
296 3299 361 3340 non
388 3279 578 3360 comparuit.

294 3403 371 3465 ltem
397 3403 473 3483 quia
497 3401 650 3463 Nicolaus
682 3401 785 3462 dictus
810 3401 967 3484 Crawyalr
998 3401 1031 3462 in
1056 3420 1149 3462 causa
1181 3399 1348 3462 cuiusdam
1375 3401 1449 3482 equi

189 3509 317 3571 Petrum
343 3507 492 3590 juratum,
516 3507 619 3569 filium
645 3508 727 3569 Petri
753 3507 885 3589 Saphar,
906 3527 979 3569 cum
1004 3507 1189 3570 testimonio
1214 3506 1303 3588 quod
1328 3505 1448 3588 produ-

188 3628 275 3676 xerat
300 3627 410 3676 contra
435 3633 521 3692 eum,
551 3613 610 3674 sibi
632 3633 722 3675 reum
754 3613 963 3695 comprobare
988 3632 1052 3674 non
1084 3612 1189 3695 potuit
1212 3631 1316 3694 neque
1341 3613 1450 3695 culpa·

188 3721 299 3799 bilem,
335 3720 408 3782 ideo
440 3719 533 3802 jurati
566 3719 830 3800 adjudicaverunt
861 3719 966 3802 ipsum
998 3719 1169 3780 Nicolaum
1206 3731 1314 3780 contra
1347 3719 1448 3800 ipsam

187 3843 311 3910 partem
337 3827 503 3889 adversam
534 3827 565 3888 in
598 3826 780 3908 calumpnia
805 3825 873 3886 lore
905 3825 1088 3886 convictum
1112 3838 1143 3886 et
1166 3837 1384 3906 aggravatum.

299 3953 377 4013 ltem
395 3951 470 4032 quia
487 3950 663 4012 Katherina
680 3950 789 4012 relicta
807 3949 943 4012 condam
962 3949 1095 4030 Georgii
1113 3947 1271 4011 Kozarich
1289 3950 1452 4032 quandam

188 4073 314 4142 partem
339 4056 430 4119 lundi
463 4057 576 4120 suiad
609 4057 820 4138 quantitatem
852 4056 949 4117 trium
985 4055 1189 4117 brachiorum
1208 4053 1396 4117 ⁴ferreorum
1422 4069 1453 4118 et

189 4165 283 4226 unius
308 4163 439 4225 humani
466 4162 557 4245 pedis
581 4163 613 4224 in
638 4162 807 4224 latitudine
831 4181 849 4223 a
874 4175 961 4244 parte
979 4160 1070 4222 fundi
1095 4181 1150 4222 seu
1176 4160 1291 4222 domus
1317 4160 1451 4243 Georgii

187 4269 312 4353 pridem
340 4267 455 4350 judicis
487 4269 692 4350 concivisque
724 4268 822 4330 nostri
853 4266 911 4329 filii
936 4267 1097 4329 Valentini
1132 4268 1235 4346 sitam,
1272 4286 1369 4330 unam
1399 4287 1452 4328 oc·

187 4390 295 4439 tavam
321 4377 407 4437 curie
433 4377 464 4437 in
490 4395 523 4438 se
548 4377 778 4454 continentem,
802 4393 861 4458 pro
884 4375 934 4435 via
956 4394 1011 4435 seu
1036 4374 1163 4435 racione
1188 4374 1249 4452 vie,
1273 4393 1452 4456 perquam

189 4483 256 4566 ipsa
283 4481 461 4544 Katherina
494 4482 534 4544 ad
566 4481 785 4543 residuitatem
816 4482 865 4542 sui
890 4479 992 4559 luridi,
1016 4500 1073 4563 per
1104 4479 1240 4542 eandem
1265 4479 1451 4541 Katerinam

188 4609 247 4670 pro
270 4609 303 4651 se
338 4601 529 4650 reservatam
553 4607 715 4649 aceessum
748 4599 780 4648 et
812 4606 969 4650 recessum
996 4587 1035 4647 ad
1067 4587 1201 4648 eandem
1226 4585 1367 4663 haberet,
1391 4585 1451 4646 sibi

189 4695 321 4756 retinuit
337 4709 368 4756 et
384 4695 517 4772 dimisit,
535 4694 609 4756 ideo
626 4692 720 4774 jurati
745 4692 1010 4772 adjudicaverunt
1026 4691 1199 4774 quamdam
1217 4691 1313 4753 aliam
1329 4703 1450 4773 partem

190 4802 332 4862 eiusdem
347 4799 438 4862 fundi
452 4800 499 4862 sui
514 4821 530 4862 a
546 4812 634 4882 parte
659 4797 751 4860 fundi
765 4798 930 4860 Benedicti
948 4797 1041 4878 jurati
1055 4798 1095 4858 ad
1110 4799 1320 4878 quantitatem
1334 4809 1365 4858 et
1382 4797 1451 4858 lati·

190 4909 334 4969 tudinem
360 4905 451 4968 lundi
477 4906 620 4968 eiusdem
638 4905 804 4967 Benedicti
826 4904 919 4984 jurati
943 4924 976 4966 se
994 4903 1217 4965 extendentem
1236 4903 1267 4964 in
1292 4923 1325 4963 se
1350 4902 1451 4964 conti·

192 5027 318 5076 nentem
343 5033 417 5075 cum
441 5012 506 5074 suis
530 5011 734 5094 pertinenciis
758 5010 816 5094 ipsi
845 5009 1019 5072 Benedicto
1044 5009 1147 5092 jurato
1171 5010 1211 5071 ab
1236 5008 1304 5091 ipsa
1329 5005 1450 5070 Kathe-

1347 5111 1359 5138 Ι
