3734 5796
595 543 682 602 Anno
706 556 799 620 1439.
825 577 865 587 -
890 540 922 603 8.
945 545 1025 605 maii.
1380 563 1441 627 3⁰9

307 758 404 833 Faria
432 771 533 835 serta
561 764 718 852 proxima
747 770 825 834 ante
855 763 1055 835 dominicam
1084 763 1321 854 Rogacionum.

731 930 779 1014 (a
803 936 897 1012 maa).

281 1087 360 1152 Item
384 1090 567 1153 Demetrius
591 1091 717 1154 institor
734 1105 845 1154 contra
871 1093 1034 1176 Mathyam
1061 1093 1180 1156 Farkas
1205 1095 1309 1178 primo
1328 1095 1441 1157 citatus

175 1215 239 1258 non
266 1199 457 1279 comparuit.

282 1303 359 1366 ltem
383 1305 574 1368 Valentinus
597 1303 740 1368 firmator
764 1325 914 1368 vasorum
931 1321 1041 1369 contra
1066 1307 1277 1370 Ambrosium
1295 1308 1334 1370 de
1353 1309 1441 1371 Odra

174 1409 281 1491 primo
305 1410 419 1472 citatus
442 1431 507 1473 non
532 1411 723 1494 comparuit.

282 1516 362 1579 ltem
384 1517 575 1580 Valentinus
598 1516 741 1580 firmator
762 1538 912 1581 vasorum
930 1533 1040 1582 contra
1066 1519 1208 1582 Bla'sium
1234 1519 1440 1604 Berbechych

173 1623 279 1704 primo
303 1623 417 1685 citatus
440 1643 504 1685 uon
530 1624 720 1706 comparuit.

281 1730 358 1792 ltem
385 1729 505 1792 Mathei
522 1730 562 1793 de
580 1730 718 1793 Chasma
736 1745 846 1793 contra
868 1731 1033 1794 dominam
1052 1733 1185 1795 Elenam
1200 1733 1342 1795 relictam
1361 1733 1440 1817 Elye

173 1837 355 1899 stacionarii
380 1837 523 1900 secundo
547 1838 661 1900 citatus
685 1857 750 1899 non
775 1839 964 1920 comparuit.

285 1944 363 2007 ltem
395 1945 507 2007 Petrus
530 1945 578 2005 vir
609 1944 719 2008 relicte
744 1945 825 2028 Elye
856 1946 985 2007 sartoris
1016 1960 1126 2008 contra
1152 1945 1245 2029 Gyan
1268 1945 1439 2029 pellificem

175 2049 318 2112 secundo
342 2050 456 2114 citatus
479 2069 545 2112 non
569 2051 759 2134 comparuit.

284 2156 363 2220 ltem
387 2157 463 2239 quia
487 2158 535 2219 vir
558 2157 712 2240 providus
736 2157 926 2219 Dominicus
957 2157 1061 2220 dictus
1086 2158 1221 2220 Koztess
1246 2156 1331 2219 filius
1356 2158 1438 2221 Petri

176 2261 253 2324 dicti
280 2263 474 2346 Zternysche
490 2263 581 2326 illam
598 2264 895 2346 peregrinationem
925 2283 1021 2346 quam
1040 2265 1192 2345 magister
1209 2263 1354 2326 Thomas
1369 2265 1438 2327 lite-

171 2383 258 2430 ratus
282 2369 386 2430 dictus
411 2369 479 2432 lsan
504 2369 589 2432 filius
605 2369 679 2452 lsipi
701 2370 781 2431 olim
799 2354 939 2431 con'civis
962 2371 1061 2432 nostri
1085 2369 1149 2451 jam
1175 2371 1297 2432 dudum
1323 2374 1362 2433 ab
1379 2371 1438 2434 hac

174 2476 245 2537 luce
262 2476 417 2553 sublatus,
435 2477 467 2538 in
484 2475 545 2538 hoc
561 2477 670 2538 seculo
695 2475 799 2538 adhuc
816 2477 927 2538 vivens
953 2496 1012 2560 pro
1030 2477 1137 2538 anima
1155 2476 1291 2538 condam
1310 2477 1438 2540 Thome

177 2581 436 2666 Lanczmanych,
453 2601 549 2664 quem
567 2602 641 2644 casu
665 2582 854 2645 succedente
880 2583 966 2645 idem
983 2583 1134 2665 magister
1156 2583 1301 2646 Thomas
1324 2585 1439 2646 intere·
1505 2633 1510 2642 .

175 2687 285 2749 misset
309 2707 366 2750 seu
382 2689 597 2767 interemerat,
621 2689 653 2751 iu
678 2709 845 2751 romanam
863 2690 983 2751 curiam
1008 2688 1110 2752 facete
1140 2689 1295 2752 debuerat
1319 2703 1350 2752 et
1373 2711 1439 2753 non

172 2792 303 2874 iecerat,
328 2795 413 2856 idem
440 2795 629 2858 Dominicus
654 2796 787 2858 Koztess
811 2796 842 2857 in
867 2795 928 2858 hoc
952 2815 1037 2857 anno
1060 2809 1205 2877 tempore
1231 2797 1438 2879 quadragesi·

172 2901 247 2962 mali
274 2901 306 2963 in
330 2901 467 2963 eandem
491 2921 659 2964 romanam
681 2902 802 2963 curiam
820 2921 877 2984 pro
902 2902 1009 2964 anima
1026 2901 1140 2984 prelati
1158 2900 1288 2965 Thome
1315 2903 1439 2966 Lancz-

173 3006 312 3090 manych
336 3028 372 3070 ac
397 3027 456 3090 pro
487 3008 698 3070 alleviacione
730 3008 836 3071 anime
870 3008 968 3091 ipsius
998 3009 1140 3090 magistri
1167 3009 1297 3071 Thome
1322 3010 1439 3074 literati

173 3133 208 3176 ac
232 3133 292 3196 pro
317 3115 554 3196 expurgatione
579 3115 700 3176 katerni
726 3115 824 3176 nostri
842 3115 1023 3176 communis
1045 3115 1199 3196 presentis
1224 3116 1310 3196 juxta
1330 3115 1437 3180 decre·

175 3234 245 3284 tum
270 3235 416 3284 nostrum
440 3241 611 3284 commune
637 3222 669 3283 in
694 3223 826 3284 katerno
843 3235 953 3283 nostro
978 3222 1094 3284 eodem
1119 3223 1303 3304 nuperrime
1320 3219 1438 3286 iactum

180 3341 211 3390 et
234 3328 463 3411 conscriptum,
488 3327 594 3390 debite
627 3341 657 3390 et
688 3329 775 3390 bono
799 3328 898 3390 modo
931 3327 1063 3409 perfecit
1092 3341 1123 3389 et
1146 3328 1321 3410 complevit
1344 3343 1375 3390 et
1399 3331 1439 3392 ab

178 3433 293 3496 eadem
318 3452 450 3496 romana
475 3433 563 3496 curia
586 3453 682 3516 super
709 3434 896 3516 peraccione
923 3433 1021 3516 ipsius
1053 3433 1323 3515 peregrinacionis
1346 3435 1440 3498 nobis

173 3540 349 3622 reportavit
381 3539 555 3621 quamdam
586 3540 711 3602 literam
747 3537 970 3618 sufficientem,
1003 3559 1100 3622 quam
1133 3539 1218 3601 idem
1251 3539 1441 3606 Dominicus

174 3645 279 3708 dictus
304 3645 440 3707 Koztess
465 3646 558 3708 nobis
583 3647 614 3707 in
638 3645 780 3726 generali
805 3659 835 3706 et
863 3645 1027 3707 communi
1053 3659 1159 3708 nostra
1184 3648 1440 3728 congregacione

173 3752 204 3814 in
228 3751 304 3813 aede
329 3765 436 3815 nostra
461 3752 627 3834 judiciaria
650 3751 851 3834 specietenus
875 3752 968 3812 uobis
992 3753 1197 3834 presentavit,
1221 3752 1360 3835 ideoque
1378 3774 1438 3816 nos

172 3860 278 3942 ipsum
311 3859 520 3922 Dominicum
554 3859 676 3920 dictum
716 3859 835 3920 Koztes
866 3859 906 3919 ab
938 3859 1026 3919 omni
1067 3858 1177 3920 debito
1214 3879 1279 3940 quo
1312 3861 1439 3923 racione

172 3965 352 4048 emptionis
369 3965 535 4027 cuiusdam
553 3964 715 4046 porcionis
732 3965 867 4026 vinealis
884 3983 939 4046 per
956 3965 1060 4046 ipsum
1076 3965 1284 4027 Dominicum
1304 3967 1440 4028 Koztess

173 4075 214 4134 ab
239 4071 311 4156 ipsu
335 4072 488 4154 magistro
513 4071 642 4134 Thoms
675 4071 801 4133 literato
834 4071 903 4132 lsan
928 4085 1121 4154 comparate,
1153 4071 1260 4134 eidem
1287 4073 1439 4155 magistro

173 4179 304 4242 Thome
329 4179 456 4241 literato
473 4180 651 4258 tenebatur,
665 4178 865 4240 reddidimus
882 4178 914 4238 in
932 4177 1087 4239 heredum
1106 4178 1240 4240 heredes
1257 4199 1313 4260 per
1330 4179 1440 4242 omnia

172 4285 370 4369 expeditum,
385 4285 548 4367 ipsiusque
566 4284 710 4366 magistri
725 4283 854 4345 Thome
871 4283 986 4345 literati
1004 4299 1136 4346 cunctos
1152 4283 1440 4372 heredespaifines,

173 4393 287 4456 iratres
311 4406 342 4453 et
366 4392 622 4474 consanguineos
646 4409 681 4452 ac
706 4403 851 4472 posteros
881 4390 1046 4452 universos
1077 4389 1278 4452 reddidimus
1309 4392 1439 4453 racione

171 4500 259 4562 necis
283 4512 314 4560 et
338 4497 479 4579 homagii
504 4497 604 4580 ipsius
629 4495 873 4579 Lanczmanych
898 4515 934 4557 ac
964 4495 1187 4558 commisimus
1211 4495 1360 4558 similiter
1384 4515 1440 4578 per

173 4605 285 4667 omnia
308 4603 377 4666 fote
402 4605 528 4686 quietos
550 4617 581 4666 et
605 4603 731 4686 penitus
755 4602 931 4684 expeditos.

279 4707 358 4771 ltcm
383 4728 511 4771 causam
536 4727 632 4790 quam
658 4707 821 4770 lohannes
844 4722 945 4770 sartor
966 4709 1099 4770 claudus
1123 4723 1232 4771 contra
1260 4708 1439 4790 Georgium

173 4816 334 4880 Croacum
360 4815 498 4897 juratum
523 4829 667 4876 nostrum
692 4815 883 4878 modernum
910 4835 1039 4877 movere
1064 4815 1212 4894 habebat,
1232 4835 1289 4898 per
1308 4815 1439 4896 peticio-

173 4941 248 4984 nem
274 4921 404 5004 Mathye
430 4921 547 4983 Farkas
571 4921 610 4982 ad
628 4921 767 5003 primum
795 4921 951 5003 judicium
977 4941 1034 5004 pro
1058 4941 1137 5004 pace
1161 4919 1266 4983 fienda
1292 4921 1440 4982 duximus

175 5027 425 5111 prorogandam.
