3796 5812
433 555 536 670 ⁴2⁹5-.

434 767 508 828 dina
534 767 564 828 in
590 769 739 830 extremis
770 769 833 830 vite
866 787 922 828 sue
955 768 1140 849 temporalis
1173 769 1357 844 laborasset,
1388 781 1464 830 tunc
1488 767 1568 828 duas
1592 781 1701 850 partes

434 875 549 936 domus
581 875 829 936 inhabitacionis
854 925 860 938 .
887 923 893 936 .
919 923 925 936 .
952 925 958 936 .
991 875 1121 936 terciam
1146 887 1267 957 partem
1294 874 1500 937 Sebastianus
1531 875 1703 956 privignus

433 1001 509 1042 suus
533 981 707 1043 literatorie
734 981 910 1042 dinoscitur
935 980 1134 1062 (possidere),
1160 981 1287 1042 cuidam
1312 981 1419 1062 Juveni
1446 979 1604 1060 Gregorio
1638 1001 1703 1041 sar·

435 1089 495 1150 tori
520 1088 586 1150 filio
611 1089 751 1171 Philippi
778 1139 784 1151 .
811 1136 818 1150 .
850 1107 909 1150 suo
932 1088 1067 1169 patrueli
1100 1087 1237 1169 legasset
1261 1100 1293 1150 et
1316 1087 1499 1165 dimisisset,
1534 1087 1610 1148 ideo
1644 1107 1704 1147 nos

433 1197 533 1257 dictas
557 1194 660 1277 (duas)
685 1207 789 1277 partes
813 1195 929 1256 domus
953 1195 1093 1276 predicte
1111 1214 1146 1255 ac
1171 1193 1292 1256 cellarii
1309 1213 1381 1255 cum
1406 1193 1472 1254 suis
1489 1191 1699 1276 pertinenciis

434 1301 538 1364 eidem
564 1299 747 1383 (Gregorio)
771 1301 939 1362 statuimus
963 1313 994 1363 et
1013 1300 1204 1382 reliquimus
1227 1315 1382 1383 perpetuo
1407 1297 1629 1382 possidendas.

541 1409 618 1470 ltem
644 1409 718 1489 quia
743 1407 939 1469 Laurencius
960 1407 1085 1470 institor
1103 1407 1317 1488 juramentum
1342 1406 1402 1468 sibi
1426 1405 1647 1487 adjudicatum
1670 1404 1703 1464 in

433 1534 525 1575 causa
552 1515 633 1577 inter
658 1515 762 1596 ipsum
787 1527 818 1576 et
841 1513 977 1576 Paulum
1009 1527 1163 1575 sartorem
1195 1511 1302 1574 habita
1333 1527 1364 1574 et
1394 1525 1536 1573 vertente
1561 1510 1701 1592 prestitit

434 1635 464 1682 et
499 1621 648 1703 deposuit
681 1633 717 1682 ut
751 1620 880 1699 debuit,
918 1620 990 1680 ideo
1029 1619 1135 1702 ipsum
1168 1618 1368 1680 reddidimus
1403 1630 1434 1680 et
1477 1617 1702 1680 commisimus

434 1728 630 1810 expeditum.

539 1833 616 1895 ltem
645 1833 764 1894 Paulus
787 1833 916 1894 sellator
940 1831 1024 1894 filius
1049 1831 1202 1915 Stephani
1227 1845 1336 1892 contra
1362 1829 1524 1892 Thomam
1549 1843 1695 1891 sutorem

434 1939 555 2001 dictum
581 1939 712 2001 Kriuich
738 1939 879 2000 secundo
904 1937 1016 1999 citatus
1040 1956 1104 1999 non
1129 1938 1318 2018 comparuit.

539 2045 616 2106 ltem
644 2043 804 2124 Georgius
833 2043 1016 2126 Forgasych
1046 2057 1155 2104 contra
1181 2044 1355 2106 Martinum
1387 2044 1568 2126 sagiparem
1595 2042 1703 2124 primo

434 2151 547 2213 citatus
572 2171 637 2212 non
664 2149 853 2232 comparuit.

541 2256 618 2318 ltem
643 2256 717 2337 quia
744 2255 923 2337 Stephanus
950 2253 1033 2316 filius
1058 2253 1205 2337 Gregorii
1230 2255 1351 2336 juratus
1374 2255 1516 2317 concivis
1540 2269 1651 2316 noster
1669 2253 1701 2314 id

433 2383 506 2424 cum
531 2361 700 2424 sufficienti
726 2375 757 2424 et
780 2360 944 2442 fidedigno
962 2373 1144 2422 nostrorum
1162 2362 1343 2424 concivium
1360 2361 1548 2424 testimonio
1574 2361 1606 2422 in
1624 2359 1702 2422 sede

437 2483 543 2531 nostra
569 2468 734 2550 judiciaria
751 2469 974 2550 comprobavit
996 2488 1104 2529 coram
1122 2469 1225 2546 nobis,
1250 2483 1283 2530 ut
1308 2468 1385 2530 dum
1410 2467 1557 2532 Thomas
1574 2467 1701 2528 Brodar

434 2577 465 2636 in
492 2575 640 2636 humanis
663 2575 789 2654 egisset,
813 2588 889 2636 tunc
917 2593 1015 2635 unam
1047 2588 1194 2655 quartam
1218 2573 1335 2636 domus
1366 2573 1614 2637 inhabitacionis
1643 2591 1701 2633 sue

436 2683 468 2743 in
495 2683 654 2743 vicinitate
678 2681 849 2742 domorum
876 2679 1005 2761 Mathey
1022 2681 1179 2742 scolastici
1200 2693 1231 2742 et
1255 2681 1369 2742 notarii
1388 2681 1486 2743 nostri
1512 2700 1548 2741 ac
1567 2680 1701 2740 alterius

434 2788 553 2849 Mathei
579 2787 798 2848 Merkanthicb
823 2787 899 2848 dicti
932 2787 1085 2864 habitam,
1110 2786 1168 2868 ipsi
1195 2785 1358 2867 Stephano
1390 2786 1612 2847 commissario
1639 2804 1700 2846 suo

434 2913 491 2975 pro
516 2893 622 2955 anima
647 2913 701 2954 sua
727 2893 862 2973 legasset
892 2892 1076 2953 vendicioni
1110 2893 1344 2974 exponendam,
1377 2891 1451 2954 ideo
1477 2912 1535 2954 nos
1559 2891 1698 2952 eandem

437 3001 571 3062 domurn
608 3001 702 3061 unius
741 3012 851 3081 quarte
886 3013 921 3060 ut
955 2999 1165 3080 premittitur,
1198 2999 1303 3062 eidem
1336 2998 1499 3082 Stephano
1531 2997 1702 3060 statuimus

433 3106 616 3168 vendicioni
640 3105 863 3186 exponendam
887 3105 983 3166 salvis
1004 3105 1128 3166 duabus
1145 3106 1277 3166 cameris
1301 3105 1341 3166 ad
1366 3125 1464 3167 unam
1488 3119 1635 3166 octavam
1665 3123 1699 3165 se

435 3212 690 3289 extendentibus,
722 3231 801 3292 quas
833 3212 919 3272 idem
944 3211 1090 3272 Thomas
1121 3212 1292 3272 uxorisne
1325 3225 1442 3274 eotunc
1467 3211 1641 3272 dimisisset
1669 3225 1702 3272 et

434 3319 569 3400 legasset
592 3329 748 3399 perpetuo
766 3317 974 3398 possidendas
991 3331 1022 3378 et
1045 3317 1219 3396 habendas,
1236 3337 1315 3399 quas
1340 3330 1370 3379 et
1387 3337 1445 3379 nos
1470 3317 1575 3379 eidem
1595 3316 1697 3378 modo

434 3423 588 3506 premisso
601 3423 769 3484 statuimus
782 3422 991 3504 possidendas
1004 3437 1033 3483 et
1045 3423 1352 3505 quomodocumque
1370 3423 1587 3505 disponendas
1603 3442 1697 3484 suam

435 3530 598 3611 usquead
623 3530 720 3590 vitam
746 3549 840 3590 causa
863 3529 1095 3592 commorandi.

539 3635 615 3696 ltem
640 3636 715 3716 quia
741 3635 932 3698 benedictus
956 3635 1067 3696 Wdile
1088 3655 1194 3696 coram
1213 3636 1306 3696 nobis
1331 3634 1511 3715 affirmavit,
1537 3649 1572 3698 ut
1592 3635 1694 3697 Geor-

432 3742 521 3822 gium
547 3740 726 3802 carnificem
744 3740 847 3802 filium
866 3741 1038 3824 Matheylro
1055 3742 1257 3824 vituperiosis
1282 3756 1312 3804 et
1329 3743 1572 3804 contumeliosis
1590 3743 1699 3803 verbis

434 3860 662 3929 pertractasset,
689 3847 761 3907 ideo
779 3847 870 3926 jurati
888 3847 1152 3924 adjudicaverunt
1175 3868 1213 3909 eo
1232 3848 1341 3926 modo,
1358 3862 1393 3910 ut
1410 3850 1476 3930 ipse
1503 3849 1697 3911 benedictus

437 3954 523 4015 dicto
549 3952 692 4032 Georgio
717 3954 747 4013 in
777 3953 902 4015 duabus
932 3955 1047 4014 marcis
1078 3954 1283 4015 denariorum
1317 3955 1470 4016 remansit
1501 3955 1532 4015 in
1558 3956 1698 4036 birsagio

434 4061 519 4121 salva
544 4060 696 4141 porcione
722 4059 846 4138 judicis,
873 4079 952 4140 quas
976 4061 1080 4121 eidem
1105 4059 1144 4120 ad
1178 4060 1358 4140 quindenas
1382 4060 1564 4142 persolvere
1589 4061 1695 4124 debet.

540 4165 615 4226 ltem
640 4165 715 4246 quia
745 4165 924 4247 Stephanus
951 4166 1116 4227 balneator
1147 4165 1231 4226 lilius
1255 4167 1338 4228 Petri
1365 4167 1398 4227 id
1433 4186 1502 4229 :urn
1526 4166 1696 4229 sufficienti

434 4285 465 4332 et
488 4270 651 4351 fidedigno
678 4284 859 4332 nostrorum
892 4272 1073 4332 concivium
1105 4272 1290 4333 testimonio
1325 4273 1356 4334 in
1382 4274 1456 4334 sede
1482 4289 1587 4334 nostra
1615 4273 1696 4352 judi·

433 4378 527 4438 ciaria
552 4377 633 4438 clare
659 4378 881 4457 comprobavit
905 4397 1012 4438 coram
1034 4379 1137 4456 nobis,
1163 4393 1198 4440 ut
1214 4379 1347 4459 provida
1372 4379 1488 4440 mulier
1512 4383 1620 4461 Agnes
1639 4400 1694 4440 vo-

434 4497 502 4544 cata
528 4483 636 4544 relicta
661 4484 797 4544 condam
824 4483 909 4545 Galli
935 4485 1129 4546 balneatoris
1154 4485 1184 4545 in
1204 4486 1353 4546 extremis
1377 4486 1441 4547 vite
1465 4506 1521 4549 sue
1547 4487 1695 4547 laborans

434 4589 609 4670 quamdam
645 4591 832 4670 porcionem
869 4591 984 4650 domus
1019 4610 1075 4651 sue
1111 4590 1260 4651 videlicet
1295 4590 1448 4652 directam
1486 4606 1517 4653 et
1547 4593 1694 4674 equalem

434 4694 649 4773 medietatem,
674 4714 771 4755 unam
797 4695 917 4756 scilicet
940 4710 1097 4777 quartam,
1123 4696 1153 4755 in
1178 4695 1281 4777 platea
1306 4710 1451 4758 sutorum
1477 4697 1510 4758 in
1534 4698 1694 4759 vicinitate

434 4801 550 4862 domus
576 4801 727 4882 Stephani
762 4801 836 4862 dicti
869 4802 999 4863 Ziharth
1031 4815 1062 4862 et
1096 4801 1221 4862 Nicolai
1254 4802 1370 4863 sutoris
1403 4803 1556 4882 habitam,
1589 4803 1693 4864 eidem

436 4908 599 4989 Stephano
633 4920 666 4968 ut
693 4908 793 4968 leviro
825 4928 883 4968 suo
915 4909 1050 4989 legasset
1081 4921 1112 4968 et
1140 4907 1320 4986 dimisisset,
1349 4922 1380 4970 et
1412 4909 1555 4971 eiusdem
1580 4910 1694 4970 domus

435 5014 532 5074 aliam
560 5013 712 5074 directam
746 5027 776 5074 et
807 5015 954 5095 equalem
985 5014 1208 5090 medietatem,
1241 5033 1337 5075 unam
1373 5015 1520 5078 similiter
1551 5029 1693 5096 quartam
