3796 5812
387 551 451 628 458
785 553 870 608 Anno
894 547 988 627 1448.
1015 584 1053 592 -
1074 563 1109 624 5.
1133 551 1251 623 aprilis.

388 775 499 844 quarte
525 763 612 826 curie
644 782 717 824 cum
747 763 811 824 suis
844 761 1034 824 utilitatibus
1058 775 1089 823 et
1120 761 1326 842 pertinenciis
1358 763 1514 824 universis
1547 761 1666 823 eidem

389 868 489 931 Eleae
513 869 633 950 pistrici
657 889 693 930 ac
717 887 773 950 per
798 887 868 930 eam
892 867 957 928 suis
981 867 1152 928 heredibus
1176 869 1348 930 statuimus
1372 881 1527 950 perpetuo
1552 868 1666 950 possi·

389 974 527 1036 dandam
546 989 577 1036 et
590 975 898 1056 quomodocumque
912 974 1051 1036 voluerit
1067 974 1302 1056 disponendam
1319 974 1404 1056 juxta
1422 974 1663 1037 condicionem

389 1081 523 1143 civitatis
546 1095 713 1164 prenotate
737 1083 776 1142 ab
801 1081 935 1162 antiquo
960 1081 1181 1163 approbatam.

495 1187 572 1249 Item
597 1188 672 1269 quia
697 1188 736 1248 ad
765 1187 880 1248 trinam
913 1185 1073 1248 forensem
1099 1201 1130 1248 et
1160 1187 1323 1269 publicam
1355 1187 1662 1269 proclamacionem

388 1313 444 1376 per
468 1314 527 1356 nos
551 1293 721 1375 superinde
746 1293 785 1356 de
810 1313 899 1354 more
923 1293 1001 1354 alias
1018 1307 1170 1356 consveto
1187 1293 1253 1356 fieri
1278 1295 1483 1356 commissam
1506 1295 1547 1355 ad
1565 1295 1661 1356 redi-

390 1400 543 1461 mendum
568 1399 743 1481 quamdam
760 1400 894 1460 domurn
919 1411 949 1459 ct
974 1397 1109 1460 fundum
1127 1419 1162 1460 ac
1180 1398 1327 1460 hedificia
1351 1399 1492 1460 virorum
1510 1399 1661 1460 condam

388 1507 600 1588 providorum
619 1507 753 1568 Fabiani
770 1506 862 1587 jurati
881 1519 912 1567 et
928 1505 1083 1567 Anthonii
1109 1505 1212 1568 fratris
1236 1507 1295 1586 sui,
1320 1521 1488 1584 sartorum,
1509 1504 1662 1568 filiorum

389 1613 528 1674 condam
552 1613 697 1692 Adriani,
722 1612 896 1674 incivitate
921 1611 1062 1694 predicta
1081 1613 1162 1674 inter
1179 1612 1294 1674 domos
1318 1627 1349 1674 et
1373 1611 1490 1674 luridos
1507 1633 1541 1674 ac
1561 1612 1663 1674 hedi-

389 1719 458 1780 ficia
484 1719 658 1780 liberorum
683 1719 820 1780 condam
845 1717 1000 1800 Stephani
1033 1719 1111 1780 Bani
1146 1720 1185 1780 ab
1210 1738 1284 1797 una,
1310 1733 1340 1779 et
1371 1731 1458 1800 parte
1483 1720 1522 1780 ab
1547 1719 1660 1781 altera

389 1824 501 1907 prelati
527 1825 649 1886 Nicolai
667 1824 759 1906 jurati
778 1825 876 1886 nostri
901 1824 1047 1886 moderni
1065 1823 1217 1902 habitam,
1234 1843 1332 1886 unam
1350 1824 1505 1905 integram
1523 1825 1657 1886 curiam

389 1930 428 1992 ad
455 1949 546 1992 usum
563 1931 646 1994 dicte
663 1931 798 1993 civitatis
821 1931 903 1992 inse
925 1930 1154 2009 continentem,
1178 1932 1217 1990 ab
1236 1930 1316 2012 Elya
1333 1930 1436 1992 ludeo
1461 1931 1512 1992 cui
1529 1930 1656 1991 eadem

389 2038 504 2099 domus
528 2057 601 2098 cum
626 2037 727 2098 fundo
752 2050 784 2098 et
806 2035 961 2098 hedificiis
986 2035 1080 2097 unius
1097 2037 1181 2098 curie
1206 2056 1262 2118 per
1285 2035 1444 2119 prelatum
1469 2035 1660 2097 Fabianum

389 2157 542 2206 sartorem
576 2143 715 2223 juratum
747 2142 807 2205 luit
838 2143 1039 2225 inpignorata
1071 2142 1283 2224 aliquamdiu,
1316 2143 1371 2223 qui
1404 2142 1500 2224 Elyas
1532 2141 1666 2202 Judeus

390 2250 526 2311 eandem
552 2249 686 2311 domum
710 2269 782 2311 cum
801 2247 902 2310 fundo
928 2263 957 2310 et
974 2247 1130 2310 hedificiis
1153 2249 1247 2310 certis
1268 2249 1467 2330 emptoribus
1491 2248 1559 2308 eius
1576 2267 1664 2308 ven-

390 2354 471 2416 didit
502 2375 560 2436 pro
595 2355 691 2415 tantis
725 2355 868 2436 pecuniis
900 2355 1027 2435 quantis
1058 2353 1117 2415 sibi
1144 2354 1211 2435 ipse
1243 2353 1403 2415 Fabianus
1434 2353 1554 2434 juratus
1580 2371 1664 2414 curn

390 2480 483 2521 usura
508 2461 572 2542 jam
598 2481 693 2542 super
717 2461 886 2542 pecuniam
911 2461 1112 2542 corporalem
1128 2473 1327 2522 excrescente
1345 2459 1502 2521 debitoris
1527 2457 1664 2538 obliga-

391 2569 495 2644 batur,
517 2581 657 2627 nostram
677 2567 707 2626 in
733 2567 930 2649 presenciam
948 2586 1005 2628 nec
1029 2565 1169 2647 prefatus
1187 2567 1346 2627 Fabianus
1363 2564 1483 2644 juratus
1507 2583 1565 2625 nec
1584 2564 1662 2646 ipse

391 2672 573 2734 Anthonius
597 2672 693 2734 frater
717 2693 792 2734 suus
817 2673 913 2750 venit,
938 2693 1043 2754 neque
1060 2673 1177 2754 aliquis
1201 2692 1311 2734 eorum
1337 2685 1575 2753 procuratorem
1597 2692 1665 2733 seu

391 2779 555 2840 hominem
581 2799 674 2840 suurn
699 2779 870 2861 specialem
896 2780 993 2840 nostri
1020 2779 1051 2840 in
1075 2779 1273 2858 presenciam
1295 2798 1389 2860 super
1413 2797 1452 2839 eo
1477 2778 1572 2854 misit,
1598 2779 1663 2838 sed

390 2904 424 2944 se
448 2905 465 2944 a
490 2883 569 2946 facie
594 2884 670 2965 juris
694 2899 725 2947 et
745 2906 762 2946 a
780 2885 1006 2966 redempcione
1025 2884 1165 2966 predicte
1183 2885 1299 2946 domus
1316 2883 1443 2966 penitus
1460 2883 1659 2962 absentavit,

391 3006 422 3052 et
446 2991 520 3072 quia
554 2991 620 3072 ipse
656 2992 750 3072 Elyas
783 2991 903 3052 Judeus
934 2991 1137 3052 medietatem
1171 2992 1269 3072 ipsius
1300 2991 1416 3052 domus
1440 3003 1470 3050 et
1501 2987 1593 3050 fundi
1618 3009 1662 3050 ac

392 3097 614 3159 hedificiorum
641 3099 735 3158 unius
760 3098 881 3178 integre
899 3098 985 3158 curie
1009 3119 1024 3157 a
1052 3112 1139 3178 parte
1164 3097 1247 3158 dicte
1264 3097 1380 3158 domus
1404 3111 1433 3156 et
1450 3093 1540 3156 tundi
1567 3095 1661 3177 ipso-

392 3224 461 3265 rum
489 3203 664 3266 liberorum
690 3204 764 3264 dicti
790 3205 926 3265 condam
953 3204 1104 3285 Stephani
1131 3203 1208 3264 Bani
1231 3203 1336 3280 sitam,
1368 3201 1507 3262 mediam
1532 3202 1661 3264 curiam

392 3313 422 3372 in
450 3332 482 3372 se
509 3311 710 3387 retinentem,
735 3330 773 3370 eo
798 3310 864 3391 jure
890 3330 955 3391 quo
986 3310 1045 3370 sibi
1076 3309 1135 3370 luit
1167 3309 1380 3390 inpignorata,
1415 3307 1521 3368 Blasio
1553 3309 1660 3370 sutori

392 3416 458 3478 lilio
483 3417 640 3478 Francisci
666 3417 743 3478 alias
760 3429 790 3478 et
813 3417 876 3496 jam
901 3417 1024 3477 concivi
1044 3429 1152 3476 nostro
1171 3435 1228 3496 pro
1245 3415 1303 3475 XV
1323 3413 1391 3475 flor.
1410 3415 1477 3475 auri
1495 3412 1660 3492 vendidit,

392 3525 465 3586 ideo
490 3544 548 3584 nos
572 3524 706 3584 eandem
732 3523 935 3583 medietatem
962 3523 1104 3603 ipsorum
1134 3522 1249 3582 domus
1282 3536 1312 3581 et
1337 3519 1439 3599 fundi,
1463 3520 1658 3600 cellariique

391 3632 587 3692 subterranei
612 3650 648 3690 ac
680 3629 901 3690 hedificiorum
934 3649 1006 3689 cum
1040 3629 1104 3689 suis
1136 3627 1341 3708 pertinenciis
1373 3627 1515 3708 predicto
1543 3626 1658 3688 blasio

392 3739 490 3799 sutori
516 3757 552 3798 ac
577 3756 632 3818 per
656 3755 730 3798 eum
754 3737 819 3796 suis
844 3735 1013 3796 heredibus
1033 3736 1187 3816 promisso
1205 3735 1382 3816 empcionis
1405 3734 1500 3795 titulo
1525 3733 1584 3794 sibi
1605 3733 1661 3793 in-

393 3847 563 3905 cumbente
589 3863 625 3902 ex
651 3862 807 3902 consensu
837 3841 1015 3902 vicinorum
1050 3841 1265 3921 predictorum
1298 3839 1467 3901 statuimus
1498 3854 1661 3920 perpetuo

393 3950 618 4031 possidendam
645 3964 675 4009 et
699 3948 1006 4029 quomodocumque
1031 3948 1169 4006 voluerit
1201 3945 1435 4027 disponendam
1461 3944 1662 4008 condicione

393 4058 528 4118 civitatis
552 4056 743 4136 requirente.

429 4271 525 4346 Faria
553 4283 652 4344 sexta
681 4277 833 4362 proxima
863 4283 937 4361 post
966 4280 1120 4343 octavam
1150 4273 1227 4342 lesti
1257 4271 1361 4340 Pasce
1388 4269 1528 4353 Domini,
1556 4288 1615 4339 sen

500 4407 576 4486 post
604 4399 726 4468 festum
755 4399 863 4468 sancti
889 4396 1057 4466 Ambrosii
1086 4397 1230 4484 episcopi
1261 4401 1362 4482 atque
1390 4391 1548 4462 doctoris.

931 4555 973 4625 (5.
998 4552 1124 4625 aprilis).

501 4693 578 4753 ltem
616 4692 691 4772 quia
727 4691 880 4752 Nicolaus
916 4690 999 4750 filius
1024 4690 1105 4750 Petri
1140 4689 1263 4770 pridem
1299 4687 1412 4768 judex,
1450 4686 1664 4768 concivisque

395 4814 513 4876 noster,
538 4798 606 4858 sola
630 4818 685 4858 sua
719 4799 749 4858 in
785 4817 919 4877 persona
953 4795 1167 4874 juramentum
1191 4794 1250 4854 sibi
1277 4795 1308 4855 in
1342 4793 1425 4854 lacto
1449 4793 1539 4854 XXV
1564 4793 1663 4855 flore-

395 4925 509 4965 norum
535 4905 602 4964 auri
639 4919 747 4964 contra
775 4905 901 4964 l’etrum
936 4903 1094 4962 literatum
1127 4901 1228 4961 filium
1255 4899 1432 4960 Sebastiani
1457 4913 1491 4959 ut
1515 4911 1665 4962 actorem

395 5011 577 5093 nuperrime
603 5030 658 5092 per
681 5010 800 5089 juratos
817 5009 1046 5090 adjudicatum,
1072 5007 1167 5068 hodie
1186 5007 1215 5067 in
1242 5026 1294 5068 ara
1315 5019 1421 5068 sancte
1447 5003 1560 5066 Crucis
1586 5025 1666 5088 pre-
