<?xml version="1.0" encoding="UTF-8"?>
<!DOCTYPE html PUBLIC "-//W3C//DTD XHTML 1.0 Transitional//EN"
    "http://www.w3.org/TR/xhtml1/DTD/xhtml1-transitional.dtd">
<html xmlns="http://www.w3.org/1999/xhtml" xml:lang="en" lang="en">
 <head>
  <title>
</title>
<meta http-equiv="Content-Type" content="text/html;charset=utf-8" />
  <meta name='ocr-system' content='tesseract 3.04.00' />
  <meta name='ocr-capabilities' content='ocr_page ocr_carea ocr_par ocr_line ocrx_word'/>
</head>
<body>
  <div class='ocr_page' id='page_1' title='image "./monumentahistor14laszgoog_0286.png"; bbox 0 0 3678 5800; ppageno 0'>
   <div class='ocr_carea' id='block_1_1' title="bbox 401 541 1248 624">
    <p class='ocr_par' dir='ltr' id='par_1_1' title="bbox 401 541 1248 624">
     <span class='ocr_line' id='line_1_1' title="bbox 401 541 1248 624; baseline 0 -22"><span class='ocrx_word' id='word_1_1' title='bbox 401 541 463 624; x_wconf 90' lang='lat'>238</span> <span class='ocrx_word' id='word_1_2' title='bbox 803 542 1002 620; x_wconf 73' lang='lat' dir='ltr'>Anno1435.</span> <span class='ocrx_word' id='word_1_3' title='bbox 1026 575 1070 586; x_wconf 94' lang='lat'>-</span> <span class='ocrx_word' id='word_1_4' title='bbox 1092 554 1143 618; x_wconf 86' lang='lat'>29.</span> <span class='ocrx_word' id='word_1_5' title='bbox 1163 541 1248 618; x_wconf 70' lang='lat' dir='ltr'>Jblii.</span> 
     </span>
    </p>
   </div>
   <div class='ocr_carea' id='block_1_2' title="bbox 394 751 1668 5086">
    <p class='ocr_par' dir='ltr' id='par_1_2' title="bbox 394 751 1668 5086">
     <span class='ocr_line' id='line_1_2' title="bbox 399 751 1663 836; baseline -0.004 -20"><span class='ocrx_word' id='word_1_6' title='bbox 399 773 484 816; x_wconf 91' lang='lat' dir='ltr'>anno</span> <span class='ocrx_word' id='word_1_7' title='bbox 508 754 659 836; x_wconf 89' lang='lat' dir='ltr'>preterito</span> <span class='ocrx_word' id='word_1_8' title='bbox 690 753 881 832; x_wconf 88' lang='lat' dir='ltr'>constitutis,</span> <span class='ocrx_word' id='word_1_9' title='bbox 912 752 1062 816; x_wconf 90' lang='lat' dir='ltr'>videlicet</span> <span class='ocrx_word' id='word_1_10' title='bbox 1095 753 1234 816; x_wconf 89' lang='lat' dir='ltr'>Martino</span> <span class='ocrx_word' id='word_1_11' title='bbox 1264 751 1332 815; x_wconf 90' lang='lat' dir='ltr'>filio</span> <span class='ocrx_word' id='word_1_12' title='bbox 1355 751 1482 815; x_wconf 92' lang='lat' dir='ltr'>Nicolai</span> <span class='ocrx_word' id='word_1_13' title='bbox 1506 764 1537 812; x_wconf 91' lang='lat' dir='ltr'>et</span> <span class='ocrx_word' id='word_1_14' title='bbox 1559 751 1663 813; x_wconf 85' lang='lat' dir='ltr'>altero</span> 
     </span>
     <span class='ocr_line' id='line_1_3' title="bbox 401 857 1663 941; baseline -0.003 -19"><span class='ocrx_word' id='word_1_15' title='bbox 401 861 539 922; x_wconf 88' lang='lat' dir='ltr'>Martino</span> <span class='ocrx_word' id='word_1_16' title='bbox 563 859 630 922; x_wconf 91' lang='lat' dir='ltr'>lilio</span> <span class='ocrx_word' id='word_1_17' title='bbox 648 859 776 922; x_wconf 88' lang='lat' dir='ltr'>Thome</span> <span class='ocrx_word' id='word_1_18' title='bbox 793 879 829 921; x_wconf 95' lang='lat' dir='ltr'>ac</span> <span class='ocrx_word' id='word_1_19' title='bbox 843 858 1019 921; x_wconf 91' lang='lat' dir='ltr'>Benedicto</span> <span class='ocrx_word' id='word_1_20' title='bbox 1035 857 1103 921; x_wconf 91' lang='lat' dir='ltr'>filio</span> <span class='ocrx_word' id='word_1_21' title='bbox 1118 859 1283 921; x_wconf 79' lang='lat' dir='ltr'>Michaelis</span> <span class='ocrx_word' id='word_1_22' title='bbox 1300 871 1331 922; x_wconf 90' lang='lat' dir='ltr'>et</span> <span class='ocrx_word' id='word_1_23' title='bbox 1349 859 1429 941; x_wconf 90' lang='lat' dir='ltr'>Elya</span> <span class='ocrx_word' id='word_1_24' title='bbox 1446 857 1513 919; x_wconf 87' lang='lat' dir='ltr'>filio</span> <span class='ocrx_word' id='word_1_25' title='bbox 1530 857 1663 919; x_wconf 90' lang='lat' dir='ltr'>Thome</span> 
     </span>
     <span class='ocr_line' id='line_1_4' title="bbox 398 963 1664 1047; baseline -0.002 -20"><span class='ocrx_word' id='word_1_26' title='bbox 398 965 538 1047; x_wconf 88' lang='lat' dir='ltr'>alterius,</span> <span class='ocrx_word' id='word_1_27' title='bbox 563 985 621 1028; x_wconf 91' lang='lat' dir='ltr'>nec</span> <span class='ocrx_word' id='word_1_28' title='bbox 645 985 710 1027; x_wconf 93' lang='lat' dir='ltr'>non</span> <span class='ocrx_word' id='word_1_29' title='bbox 736 965 885 1027; x_wconf 77' lang='lat' dir='ltr'>ladislao</span> <span class='ocrx_word' id='word_1_30' title='bbox 901 963 1063 1028; x_wconf 81' lang='lat' dir='ltr'>aurifabro</span> <span class='ocrx_word' id='word_1_31' title='bbox 1087 963 1154 1027; x_wconf 91' lang='lat' dir='ltr'>filio</span> <span class='ocrx_word' id='word_1_32' title='bbox 1170 965 1297 1026; x_wconf 89' lang='lat' dir='ltr'>Nicolai</span> <span class='ocrx_word' id='word_1_33' title='bbox 1320 963 1484 1042; x_wconf 84' lang='lat' dir='ltr'>aurifabri,</span> <span class='ocrx_word' id='word_1_34' title='bbox 1508 984 1563 1046; x_wconf 92' lang='lat' dir='ltr'>per</span> <span class='ocrx_word' id='word_1_35' title='bbox 1582 984 1664 1026; x_wconf 91' lang='lat' dir='ltr'>eun·</span> 
     </span>
     <span class='ocr_line' id='line_1_5' title="bbox 399 1069 1665 1156; baseline -0.002 -22"><span class='ocrx_word' id='word_1_36' title='bbox 399 1072 538 1156; x_wconf 89' lang='lat' dir='ltr'>demque</span> <span class='ocrx_word' id='word_1_37' title='bbox 562 1072 742 1134; x_wconf 89' lang='lat' dir='ltr'>Johannem</span> <span class='ocrx_word' id='word_1_38' title='bbox 766 1070 906 1152; x_wconf 90' lang='lat' dir='ltr'>judicem</span> <span class='ocrx_word' id='word_1_39' title='bbox 937 1071 977 1133; x_wconf 90' lang='lat' dir='ltr'>ad</span> <span class='ocrx_word' id='word_1_40' title='bbox 1010 1071 1144 1134; x_wconf 89' lang='lat' dir='ltr'>domum</span> <span class='ocrx_word' id='word_1_41' title='bbox 1173 1071 1321 1153; x_wconf 80' lang='lat' dir='ltr'>Gregorii</span> <span class='ocrx_word' id='word_1_42' title='bbox 1352 1070 1444 1153; x_wconf 85' lang='lat' dir='ltr'>jurati</span> <span class='ocrx_word' id='word_1_43' title='bbox 1469 1069 1527 1132; x_wconf 87' lang='lat' dir='ltr'>filii</span> <span class='ocrx_word' id='word_1_44' title='bbox 1559 1071 1665 1132; x_wconf 82' lang='lat' dir='ltr'>Bene-</span> 
     </span>
     <span class='ocr_line' id='line_1_6' title="bbox 399 1177 1663 1260; baseline 0.001 -21"><span class='ocrx_word' id='word_1_45' title='bbox 399 1178 475 1242; x_wconf 87' lang='lat' dir='ltr'>dicti</span> <span class='ocrx_word' id='word_1_46' title='bbox 500 1179 577 1241; x_wconf 89' lang='lat' dir='ltr'>civis</span> <span class='ocrx_word' id='word_1_47' title='bbox 601 1177 737 1240; x_wconf 90' lang='lat' dir='ltr'>civitatis</span> <span class='ocrx_word' id='word_1_48' title='bbox 761 1191 937 1259; x_wconf 82' lang='lat' dir='ltr'>prenotate,</span> <span class='ocrx_word' id='word_1_49' title='bbox 970 1177 1009 1239; x_wconf 94' lang='lat' dir='ltr'>ad</span> <span class='ocrx_word' id='word_1_50' title='bbox 1038 1177 1168 1260; x_wconf 90' lang='lat' dir='ltr'>pulsum</span> <span class='ocrx_word' id='word_1_51' title='bbox 1200 1198 1256 1241; x_wconf 89' lang='lat' dir='ltr'>seu</span> <span class='ocrx_word' id='word_1_52' title='bbox 1287 1197 1403 1240; x_wconf 88' lang='lat' dir='ltr'>sonum</span> <span class='ocrx_word' id='word_1_53' title='bbox 1427 1197 1543 1259; x_wconf 80' lang='lat' dir='ltr'>magne</span> <span class='ocrx_word' id='word_1_54' title='bbox 1576 1197 1663 1240; x_wconf 89' lang='lat' dir='ltr'>cam-</span> 
     </span>
     <span class='ocr_line' id='line_1_7' title="bbox 398 1283 1662 1368; baseline -0.002 -20"><span class='ocrx_word' id='word_1_55' title='bbox 398 1306 479 1368; x_wconf 89' lang='lat' dir='ltr'>pane</span> <span class='ocrx_word' id='word_1_56' title='bbox 504 1286 536 1348; x_wconf 92' lang='lat' dir='ltr'>in</span> <span class='ocrx_word' id='word_1_57' title='bbox 560 1285 693 1347; x_wconf 90' lang='lat' dir='ltr'>ecclesia</span> <span class='ocrx_word' id='word_1_58' title='bbox 719 1285 803 1346; x_wconf 90' lang='lat' dir='ltr'>beati</span> <span class='ocrx_word' id='word_1_59' title='bbox 829 1283 927 1346; x_wconf 87' lang='lat' dir='ltr'>Marci</span> <span class='ocrx_word' id='word_1_60' title='bbox 946 1284 977 1345; x_wconf 93' lang='lat' dir='ltr'>in</span> <span class='ocrx_word' id='word_1_61' title='bbox 1000 1283 1127 1346; x_wconf 85' lang='lat' dir='ltr'>civitate</span> <span class='ocrx_word' id='word_1_62' title='bbox 1159 1283 1300 1366; x_wconf 87' lang='lat' dir='ltr'>predicta</span> <span class='ocrx_word' id='word_1_63' title='bbox 1317 1283 1424 1346; x_wconf 91' lang='lat' dir='ltr'>habita</span> <span class='ocrx_word' id='word_1_64' title='bbox 1442 1284 1512 1363; x_wconf 90' lang='lat' dir='ltr'>site,</span> <span class='ocrx_word' id='word_1_65' title='bbox 1537 1284 1662 1366; x_wconf 90' lang='lat' dir='ltr'>specia-</span> 
     </span>
     <span class='ocr_line' id='line_1_8' title="bbox 398 1389 1664 1474; baseline -0.002 -20"><span class='ocrx_word' id='word_1_66' title='bbox 398 1393 470 1454; x_wconf 89' lang='lat' dir='ltr'>liter</span> <span class='ocrx_word' id='word_1_67' title='bbox 492 1411 589 1474; x_wconf 92' lang='lat' dir='ltr'>super</span> <span class='ocrx_word' id='word_1_68' title='bbox 612 1411 651 1453; x_wconf 89' lang='lat' dir='ltr'>eo</span> <span class='ocrx_word' id='word_1_69' title='bbox 667 1391 902 1469; x_wconf 77' lang='lat' dir='ltr'>transmisisset,</span> <span class='ocrx_word' id='word_1_70' title='bbox 926 1390 970 1452; x_wconf 86' lang='lat' dir='ltr'>sic</span> <span class='ocrx_word' id='word_1_71' title='bbox 994 1390 1198 1472; x_wconf 79' lang='lat' dir='ltr'>singulariter</span> <span class='ocrx_word' id='word_1_72' title='bbox 1217 1389 1291 1452; x_wconf 88' lang='lat' dir='ltr'>fassi</span> <span class='ocrx_word' id='word_1_73' title='bbox 1307 1405 1382 1453; x_wconf 88' lang='lat' dir='ltr'>sunt</span> <span class='ocrx_word' id='word_1_74' title='bbox 1404 1389 1582 1472; x_wconf 86' lang='lat' dir='ltr'>singilatim</span> <span class='ocrx_word' id='word_1_75' title='bbox 1606 1390 1664 1453; x_wconf 93' lang='lat' dir='ltr'>ad·</span> 
     </span>
     <span class='ocr_line' id='line_1_9' title="bbox 400 1495 1668 1579; baseline -0.002 -19"><span class='ocrx_word' id='word_1_76' title='bbox 400 1497 494 1579; x_wconf 81' lang='lat' dir='ltr'>jurati</span> <span class='ocrx_word' id='word_1_77' title='bbox 519 1513 550 1560; x_wconf 94' lang='lat' dir='ltr'>et</span> <span class='ocrx_word' id='word_1_78' title='bbox 574 1497 770 1579; x_wconf 89' lang='lat' dir='ltr'>interrogati,</span> <span class='ocrx_word' id='word_1_79' title='bbox 794 1497 900 1579; x_wconf 88' lang='lat' dir='ltr'>primo</span> <span class='ocrx_word' id='word_1_80' title='bbox 931 1495 1081 1558; x_wconf 87' lang='lat' dir='ltr'>videlicet</span> <span class='ocrx_word' id='word_1_81' title='bbox 1104 1495 1268 1558; x_wconf 86' lang='lat' dir='ltr'>lohannes</span> <span class='ocrx_word' id='word_1_82' title='bbox 1299 1496 1394 1578; x_wconf 83' lang='lat' dir='ltr'>judex</span> <span class='ocrx_word' id='word_1_83' title='bbox 1425 1496 1589 1578; x_wconf 89' lang='lat' dir='ltr'>predictus</span> <span class='ocrx_word' id='word_1_84' title='bbox 1619 1495 1668 1557; x_wconf 88' lang='lat' dir='ltr'>sic</span> 
     </span>
     <span class='ocr_line' id='line_1_10' title="bbox 398 1602 1666 1686; baseline -0.002 -20"><span class='ocrx_word' id='word_1_85' title='bbox 398 1604 494 1667; x_wconf 83' lang='lat' dir='ltr'>dixit:</span> <span class='ocrx_word' id='word_1_86' title='bbox 519 1602 607 1686; x_wconf 89' lang='lat' dir='ltr'>quod</span> <span class='ocrx_word' id='word_1_87' title='bbox 633 1604 710 1666; x_wconf 92' lang='lat' dir='ltr'>dum</span> <span class='ocrx_word' id='word_1_88' title='bbox 743 1603 809 1686; x_wconf 89' lang='lat' dir='ltr'>ipse</span> <span class='ocrx_word' id='word_1_89' title='bbox 840 1603 1020 1686; x_wconf 87' lang='lat' dir='ltr'>predictum</span> <span class='ocrx_word' id='word_1_90' title='bbox 1045 1602 1159 1685; x_wconf 88' lang='lat' dir='ltr'>Elyanr</span> <span class='ocrx_word' id='word_1_91' title='bbox 1191 1617 1346 1665; x_wconf 83' lang='lat' dir='ltr'>sartorem</span> <span class='ocrx_word' id='word_1_92' title='bbox 1369 1621 1427 1685; x_wconf 92' lang='lat' dir='ltr'>pro</span> <span class='ocrx_word' id='word_1_93' title='bbox 1458 1615 1537 1664; x_wconf 87' lang='lat' dir='ltr'>tunc</span> <span class='ocrx_word' id='word_1_94' title='bbox 1558 1602 1666 1664; x_wconf 88' lang='lat' dir='ltr'>consi·</span> 
     </span>
     <span class='ocr_line' id='line_1_11' title="bbox 401 1707 1666 1792; baseline -0.002 -20"><span class='ocrx_word' id='word_1_95' title='bbox 401 1710 526 1772; x_wconf 91' lang='lat' dir='ltr'>liarium</span> <span class='ocrx_word' id='word_1_96' title='bbox 559 1710 599 1772; x_wconf 93' lang='lat' dir='ltr'>ad</span> <span class='ocrx_word' id='word_1_97' title='bbox 632 1710 749 1772; x_wconf 90' lang='lat' dir='ltr'>dictam</span> <span class='ocrx_word' id='word_1_98' title='bbox 780 1709 913 1771; x_wconf 90' lang='lat' dir='ltr'>domum</span> <span class='ocrx_word' id='word_1_99' title='bbox 945 1710 1045 1790; x_wconf 90' lang='lat' dir='ltr'>ipsius</span> <span class='ocrx_word' id='word_1_100' title='bbox 1077 1707 1226 1791; x_wconf 87' lang='lat' dir='ltr'>Gregorii</span> <span class='ocrx_word' id='word_1_101' title='bbox 1258 1709 1351 1791; x_wconf 81' lang='lat' dir='ltr'>jurati</span> <span class='ocrx_word' id='word_1_102' title='bbox 1379 1728 1437 1792; x_wconf 94' lang='lat' dir='ltr'>pro</span> <span class='ocrx_word' id='word_1_103' title='bbox 1469 1709 1666 1792; x_wconf 86' lang='lat' dir='ltr'>experienda</span> 
     </span>
     <span class='ocr_line' id='line_1_12' title="bbox 398 1813 1666 1898; baseline -0.003 -18"><span class='ocrx_word' id='word_1_104' title='bbox 398 1837 484 1880; x_wconf 90' lang='lat' dir='ltr'>mera</span> <span class='ocrx_word' id='word_1_105' title='bbox 509 1816 700 1879; x_wconf 83' lang='lat' dir='ltr'>certitudine</span> <span class='ocrx_word' id='word_1_106' title='bbox 717 1813 791 1877; x_wconf 90' lang='lat' dir='ltr'>facti</span> <span class='ocrx_word' id='word_1_107' title='bbox 809 1815 997 1877; x_wconf 88' lang='lat' dir='ltr'>incendiarii</span> <span class='ocrx_word' id='word_1_108' title='bbox 1022 1815 1213 1898; x_wconf 82' lang='lat' dir='ltr'>infrascripti</span> <span class='ocrx_word' id='word_1_109' title='bbox 1229 1815 1465 1894; x_wconf 84' lang='lat' dir='ltr'>transmisisset,</span> <span class='ocrx_word' id='word_1_110' title='bbox 1482 1827 1559 1876; x_wconf 91' lang='lat' dir='ltr'>tunc</span> <span class='ocrx_word' id='word_1_111' title='bbox 1576 1813 1666 1876; x_wconf 89' lang='lat' dir='ltr'>idem</span> 
     </span>
     <span class='ocr_line' id='line_1_13' title="bbox 399 1920 1666 2007; baseline -0.003 -21"><span class='ocrx_word' id='word_1_112' title='bbox 399 1925 496 2007; x_wconf 86' lang='lat' dir='ltr'>Elyas</span> <span class='ocrx_word' id='word_1_113' title='bbox 519 1925 559 1985; x_wconf 88' lang='lat' dir='ltr'>ab</span> <span class='ocrx_word' id='word_1_114' title='bbox 592 1923 667 1984; x_wconf 89' lang='lat' dir='ltr'>inde</span> <span class='ocrx_word' id='word_1_115' title='bbox 699 1921 780 1983; x_wconf 88' lang='lat' dir='ltr'>circa</span> <span class='ocrx_word' id='word_1_116' title='bbox 812 1921 918 2004; x_wconf 91' lang='lat' dir='ltr'>ipsum</span> <span class='ocrx_word' id='word_1_117' title='bbox 949 1921 1128 1982; x_wconf 87' lang='lat' dir='ltr'>Johannem</span> <span class='ocrx_word' id='word_1_118' title='bbox 1160 1920 1301 2002; x_wconf 90' lang='lat' dir='ltr'>judicem</span> <span class='ocrx_word' id='word_1_119' title='bbox 1330 1941 1475 1984; x_wconf 85' lang='lat' dir='ltr'>reversus</span> <span class='ocrx_word' id='word_1_120' title='bbox 1499 1939 1539 1982; x_wconf 91' lang='lat' dir='ltr'>eo</span> <span class='ocrx_word' id='word_1_121' title='bbox 1562 1921 1666 1982; x_wconf 90' lang='lat' dir='ltr'>modo</span> 
     </span>
     <span class='ocr_line' id='line_1_14' title="bbox 397 2025 1666 2110; baseline -0.005 -17"><span class='ocrx_word' id='word_1_122' title='bbox 397 2031 566 2108; x_wconf 88' lang='lat' dir='ltr'>retulisset,</span> <span class='ocrx_word' id='word_1_123' title='bbox 590 2027 678 2110; x_wconf 92' lang='lat' dir='ltr'>quod</span> <span class='ocrx_word' id='word_1_124' title='bbox 693 2029 796 2110; x_wconf 89' lang='lat' dir='ltr'>ipsum</span> <span class='ocrx_word' id='word_1_125' title='bbox 822 2025 940 2089; x_wconf 89' lang='lat' dir='ltr'>factum</span> <span class='ocrx_word' id='word_1_126' title='bbox 961 2027 1102 2089; x_wconf 91' lang='lat' dir='ltr'>incendii</span> <span class='ocrx_word' id='word_1_127' title='bbox 1124 2027 1290 2090; x_wconf 85' lang='lat' dir='ltr'>cuiusdam</span> <span class='ocrx_word' id='word_1_128' title='bbox 1308 2027 1425 2089; x_wconf 89' lang='lat' dir='ltr'>domus</span> <span class='ocrx_word' id='word_1_129' title='bbox 1441 2027 1582 2089; x_wconf 87' lang='lat' dir='ltr'>Emerici</span> <span class='ocrx_word' id='word_1_130' title='bbox 1599 2047 1666 2088; x_wconf 85' lang='lat' dir='ltr'>aar·</span> 
     </span>
     <span class='ocr_line' id='line_1_15' title="bbox 396 2131 1666 2216; baseline -0.004 -17"><span class='ocrx_word' id='word_1_131' title='bbox 396 2137 476 2200; x_wconf 89' lang='lat' dir='ltr'>toris</span> <span class='ocrx_word' id='word_1_132' title='bbox 499 2135 606 2197; x_wconf 90' lang='lat' dir='ltr'>claudi</span> <span class='ocrx_word' id='word_1_133' title='bbox 642 2134 719 2196; x_wconf 89' lang='lat' dir='ltr'>civis</span> <span class='ocrx_word' id='word_1_134' title='bbox 743 2134 880 2196; x_wconf 84' lang='lat' dir='ltr'>civitatis</span> <span class='ocrx_word' id='word_1_135' title='bbox 906 2147 1082 2215; x_wconf 86' lang='lat' dir='ltr'>prenotate,</span> <span class='ocrx_word' id='word_1_136' title='bbox 1115 2133 1298 2216; x_wconf 90' lang='lat' dir='ltr'>apredicta</span> <span class='ocrx_word' id='word_1_137' title='bbox 1323 2133 1421 2196; x_wconf 93' lang='lat' dir='ltr'>domo</span> <span class='ocrx_word' id='word_1_138' title='bbox 1455 2133 1557 2215; x_wconf 88' lang='lat' dir='ltr'>ipsius</span> <span class='ocrx_word' id='word_1_139' title='bbox 1582 2131 1666 2195; x_wconf 92' lang='lat' dir='ltr'>Gre-</span> 
     </span>
     <span class='ocr_line' id='line_1_16' title="bbox 400 2237 1668 2324; baseline -0.004 -19"><span class='ocrx_word' id='word_1_140' title='bbox 400 2243 483 2324; x_wconf 93' lang='lat' dir='ltr'>gorii</span> <span class='ocrx_word' id='word_1_141' title='bbox 508 2242 602 2324; x_wconf 87' lang='lat' dir='ltr'>jurati</span> <span class='ocrx_word' id='word_1_142' title='bbox 626 2241 784 2302; x_wconf 86' lang='lat' dir='ltr'>evenisset</span> <span class='ocrx_word' id='word_1_143' title='bbox 810 2253 841 2302; x_wconf 92' lang='lat' dir='ltr'>et</span> <span class='ocrx_word' id='word_1_144' title='bbox 872 2237 990 2302; x_wconf 90' lang='lat' dir='ltr'>facturn</span> <span class='ocrx_word' id='word_1_145' title='bbox 1023 2238 1150 2318; x_wconf 87' lang='lat' dir='ltr'>fuisset;</span> <span class='ocrx_word' id='word_1_146' title='bbox 1175 2241 1307 2323; x_wconf 90' lang='lat' dir='ltr'>ipseque</span> <span class='ocrx_word' id='word_1_147' title='bbox 1340 2240 1497 2303; x_wconf 85' lang='lat' dir='ltr'>Martinus</span> <span class='ocrx_word' id='word_1_148' title='bbox 1528 2253 1560 2302; x_wconf 91' lang='lat' dir='ltr'>et</span> <span class='ocrx_word' id='word_1_149' title='bbox 1583 2239 1668 2301; x_wconf 89' lang='lat' dir='ltr'>alter</span> 
     </span>
     <span class='ocr_line' id='line_1_17' title="bbox 399 2344 1667 2429; baseline -0.003 -18"><span class='ocrx_word' id='word_1_150' title='bbox 399 2348 555 2411; x_wconf 88' lang='lat' dir='ltr'>Martinus</span> <span class='ocrx_word' id='word_1_151' title='bbox 581 2366 617 2408; x_wconf 88' lang='lat' dir='ltr'>ac</span> <span class='ocrx_word' id='word_1_152' title='bbox 641 2345 835 2408; x_wconf 86' lang='lat' dir='ltr'>Benedictus</span> <span class='ocrx_word' id='word_1_153' title='bbox 857 2344 978 2426; x_wconf 89' lang='lat' dir='ltr'>juratus</span> <span class='ocrx_word' id='word_1_154' title='bbox 1002 2359 1033 2408; x_wconf 92' lang='lat' dir='ltr'>et</span> <span class='ocrx_word' id='word_1_155' title='bbox 1055 2346 1217 2428; x_wconf 90' lang='lat' dir='ltr'>predictus</span> <span class='ocrx_word' id='word_1_156' title='bbox 1237 2347 1333 2429; x_wconf 89' lang='lat' dir='ltr'>Elyas</span> <span class='ocrx_word' id='word_1_157' title='bbox 1349 2346 1552 2408; x_wconf 87' lang='lat' dir='ltr'>consiliarius</span> <span class='ocrx_word' id='word_1_158' title='bbox 1576 2365 1667 2407; x_wconf 92' lang='lat' dir='ltr'>nunc</span> 
     </span>
     <span class='ocr_line' id='line_1_18' title="bbox 396 2450 1666 2535; baseline -0.003 -18"><span class='ocrx_word' id='word_1_159' title='bbox 396 2455 542 2518; x_wconf 90' lang='lat' dir='ltr'>similiter</span> <span class='ocrx_word' id='word_1_160' title='bbox 565 2453 685 2535; x_wconf 81' lang='lat' dir='ltr'>juratus</span> <span class='ocrx_word' id='word_1_161' title='bbox 709 2453 855 2534; x_wconf 91' lang='lat' dir='ltr'>adjurati,</span> <span class='ocrx_word' id='word_1_162' title='bbox 880 2450 952 2514; x_wconf 90' lang='lat' dir='ltr'>fassi</span> <span class='ocrx_word' id='word_1_163' title='bbox 977 2467 1051 2514; x_wconf 91' lang='lat' dir='ltr'>sunt</span> <span class='ocrx_word' id='word_1_164' title='bbox 1071 2473 1111 2516; x_wconf 91' lang='lat' dir='ltr'>eo</span> <span class='ocrx_word' id='word_1_165' title='bbox 1133 2453 1243 2532; x_wconf 91' lang='lat' dir='ltr'>mod0,</span> <span class='ocrx_word' id='word_1_166' title='bbox 1269 2467 1304 2516; x_wconf 94' lang='lat' dir='ltr'>ut</span> <span class='ocrx_word' id='word_1_167' title='bbox 1319 2453 1398 2514; x_wconf 90' lang='lat' dir='ltr'>dum</span> <span class='ocrx_word' id='word_1_168' title='bbox 1422 2453 1484 2535; x_wconf 91' lang='lat' dir='ltr'>ipsi</span> <span class='ocrx_word' id='word_1_169' title='bbox 1508 2472 1566 2534; x_wconf 91' lang='lat' dir='ltr'>per</span> <span class='ocrx_word' id='word_1_170' title='bbox 1590 2473 1666 2534; x_wconf 92' lang='lat' dir='ltr'>pre·</span> 
     </span>
     <span class='ocr_line' id='line_1_19' title="bbox 396 2557 1665 2641; baseline -0.003 -18"><span class='ocrx_word' id='word_1_171' title='bbox 396 2561 518 2623; x_wconf 89' lang='lat' dir='ltr'>dictum</span> <span class='ocrx_word' id='word_1_172' title='bbox 541 2559 722 2622; x_wconf 89' lang='lat' dir='ltr'>Johannem</span> <span class='ocrx_word' id='word_1_173' title='bbox 745 2558 885 2639; x_wconf 86' lang='lat' dir='ltr'>judicem</span> <span class='ocrx_word' id='word_1_174' title='bbox 909 2559 949 2620; x_wconf 93' lang='lat' dir='ltr'>ad</span> <span class='ocrx_word' id='word_1_175' title='bbox 974 2559 1150 2641; x_wconf 86' lang='lat' dir='ltr'>predictam</span> <span class='ocrx_word' id='word_1_176' title='bbox 1175 2559 1311 2621; x_wconf 92' lang='lat' dir='ltr'>domum</span> <span class='ocrx_word' id='word_1_177' title='bbox 1334 2559 1410 2620; x_wconf 93' lang='lat' dir='ltr'>dicti</span> <span class='ocrx_word' id='word_1_178' title='bbox 1436 2558 1587 2639; x_wconf 85' lang='lat' dir='ltr'>Gregorii</span> <span class='ocrx_word' id='word_1_179' title='bbox 1613 2557 1665 2638; x_wconf 88' lang='lat' dir='ltr'>ju-</span> 
     </span>
     <span class='ocr_line' id='line_1_20' title="bbox 396 2665 1667 2748; baseline -0.002 -20"><span class='ocrx_word' id='word_1_180' title='bbox 396 2668 455 2729; x_wconf 91' lang='lat' dir='ltr'>rati</span> <span class='ocrx_word' id='word_1_181' title='bbox 479 2667 608 2730; x_wconf 88' lang='lat' dir='ltr'>racione</span> <span class='ocrx_word' id='word_1_182' title='bbox 631 2666 731 2748; x_wconf 88' lang='lat' dir='ltr'>ipsius</span> <span class='ocrx_word' id='word_1_183' title='bbox 755 2665 894 2728; x_wconf 90' lang='lat' dir='ltr'>incendii</span> <span class='ocrx_word' id='word_1_184' title='bbox 920 2685 976 2748; x_wconf 90' lang='lat' dir='ltr'>per</span> <span class='ocrx_word' id='word_1_185' title='bbox 996 2665 1190 2748; x_wconf 89' lang='lat' dir='ltr'>peticionem</span> <span class='ocrx_word' id='word_1_186' title='bbox 1222 2665 1335 2748; x_wconf 87' lang='lat' dir='ltr'>prefati</span> <span class='ocrx_word' id='word_1_187' title='bbox 1367 2665 1507 2728; x_wconf 90' lang='lat' dir='ltr'>Emerici</span> <span class='ocrx_word' id='word_1_188' title='bbox 1532 2665 1667 2726; x_wconf 88' lang='lat' dir='ltr'>sartoris</span> 
     </span>
     <span class='ocr_line' id='line_1_21' title="bbox 395 2769 1667 2858; baseline -0.002 -23"><span class='ocrx_word' id='word_1_189' title='bbox 395 2795 454 2858; x_wconf 93' lang='lat' dir='ltr'>pro</span> <span class='ocrx_word' id='word_1_190' title='bbox 478 2773 670 2856; x_wconf 85' lang='lat' dir='ltr'>experienda</span> <span class='ocrx_word' id='word_1_191' title='bbox 694 2791 781 2834; x_wconf 90' lang='lat' dir='ltr'>mera</span> <span class='ocrx_word' id='word_1_192' title='bbox 805 2771 994 2834; x_wconf 90' lang='lat' dir='ltr'>certitudine</span> <span class='ocrx_word' id='word_1_193' title='bbox 1012 2773 1111 2854; x_wconf 91' lang='lat' dir='ltr'>ipsius</span> <span class='ocrx_word' id='word_1_194' title='bbox 1141 2772 1281 2834; x_wconf 88' lang='lat' dir='ltr'>incendii</span> <span class='ocrx_word' id='word_1_195' title='bbox 1313 2771 1489 2834; x_wconf 87' lang='lat' dir='ltr'>transmissi</span> <span class='ocrx_word' id='word_1_196' title='bbox 1515 2769 1667 2851; x_wconf 90' lang='lat' dir='ltr'>fuissent,</span> 
     </span>
     <span class='ocr_line' id='line_1_22' title="bbox 396 2877 1667 2960; baseline -0.003 -18"><span class='ocrx_word' id='word_1_197' title='bbox 396 2894 472 2943; x_wconf 91' lang='lat' dir='ltr'>tunc</span> <span class='ocrx_word' id='word_1_198' title='bbox 497 2879 594 2942; x_wconf 88' lang='lat' dir='ltr'>iidem</span> <span class='ocrx_word' id='word_1_199' title='bbox 620 2877 713 2960; x_wconf 84' lang='lat' dir='ltr'>jurati</span> <span class='ocrx_word' id='word_1_200' title='bbox 745 2878 858 2940; x_wconf 85' lang='lat' dir='ltr'>exinde</span> <span class='ocrx_word' id='word_1_201' title='bbox 891 2878 972 2940; x_wconf 88' lang='lat' dir='ltr'>circa</span> <span class='ocrx_word' id='word_1_202' title='bbox 1005 2879 1111 2960; x_wconf 91' lang='lat' dir='ltr'>ipsum</span> <span class='ocrx_word' id='word_1_203' title='bbox 1143 2878 1322 2941; x_wconf 89' lang='lat' dir='ltr'>Johannem</span> <span class='ocrx_word' id='word_1_204' title='bbox 1354 2877 1493 2960; x_wconf 91' lang='lat' dir='ltr'>judicem</span> <span class='ocrx_word' id='word_1_205' title='bbox 1517 2877 1558 2938; x_wconf 90' lang='lat' dir='ltr'>ad</span> <span class='ocrx_word' id='word_1_206' title='bbox 1592 2897 1667 2960; x_wconf 91' lang='lat' dir='ltr'>pre·</span> 
     </span>
     <span class='ocr_line' id='line_1_23' title="bbox 396 2982 1667 3066; baseline -0.002 -18"><span class='ocrx_word' id='word_1_207' title='bbox 396 2987 513 3048; x_wconf 89' lang='lat' dir='ltr'>dictam</span> <span class='ocrx_word' id='word_1_208' title='bbox 538 2985 673 3047; x_wconf 90' lang='lat' dir='ltr'>domum</span> <span class='ocrx_word' id='word_1_209' title='bbox 697 2985 797 3066; x_wconf 89' lang='lat' dir='ltr'>ipsius</span> <span class='ocrx_word' id='word_1_210' title='bbox 822 2983 970 3066; x_wconf 89' lang='lat' dir='ltr'>Gregorii</span> <span class='ocrx_word' id='word_1_211' title='bbox 995 2984 1088 3066; x_wconf 91' lang='lat' dir='ltr'>jurati</span> <span class='ocrx_word' id='word_1_212' title='bbox 1104 2985 1144 3046; x_wconf 92' lang='lat' dir='ltr'>ad</span> <span class='ocrx_word' id='word_1_213' title='bbox 1169 2982 1344 3066; x_wconf 87' lang='lat' dir='ltr'>quamdam</span> <span class='ocrx_word' id='word_1_214' title='bbox 1361 3003 1521 3046; x_wconf 90' lang='lat' dir='ltr'>cameram</span> <span class='ocrx_word' id='word_1_215' title='bbox 1547 2983 1667 3046; x_wconf 87' lang='lat' dir='ltr'>intras-</span> 
     </span>
     <span class='ocr_line' id='line_1_24' title="bbox 395 3089 1662 3171; baseline -0.003 -17"><span class='ocrx_word' id='word_1_216' title='bbox 395 3105 476 3171; x_wconf 90' lang='lat' dir='ltr'>sent,</span> <span class='ocrx_word' id='word_1_217' title='bbox 500 3105 576 3153; x_wconf 89' lang='lat' dir='ltr'>tunc</span> <span class='ocrx_word' id='word_1_218' title='bbox 609 3091 640 3151; x_wconf 94' lang='lat' dir='ltr'>in</span> <span class='ocrx_word' id='word_1_219' title='bbox 672 3091 785 3152; x_wconf 89' lang='lat' dir='ltr'>eadem</span> <span class='ocrx_word' id='word_1_220' title='bbox 817 3109 941 3152; x_wconf 91' lang='lat' dir='ltr'>camera</span> <span class='ocrx_word' id='word_1_221' title='bbox 974 3110 1074 3152; x_wconf 91' lang='lat' dir='ltr'>unum</span> <span class='ocrx_word' id='word_1_222' title='bbox 1106 3089 1214 3152; x_wconf 90' lang='lat' dir='ltr'>focum</span> <span class='ocrx_word' id='word_1_223' title='bbox 1244 3089 1404 3153; x_wconf 88' lang='lat' dir='ltr'>fervidum</span> <span class='ocrx_word' id='word_1_224' title='bbox 1433 3109 1490 3152; x_wconf 91' lang='lat' dir='ltr'>seu</span> <span class='ocrx_word' id='word_1_225' title='bbox 1514 3089 1662 3151; x_wconf 89' lang='lat' dir='ltr'>calidum</span> 
     </span>
     <span class='ocr_line' id='line_1_25' title="bbox 396 3195 1666 3279; baseline -0.002 -19"><span class='ocrx_word' id='word_1_226' title='bbox 396 3199 524 3260; x_wconf 89' lang='lat' dir='ltr'>nivibus</span> <span class='ocrx_word' id='word_1_227' title='bbox 557 3210 744 3279; x_wconf 89' lang='lat' dir='ltr'>coopertum</span> <span class='ocrx_word' id='word_1_228' title='bbox 776 3217 813 3258; x_wconf 85' lang='lat' dir='ltr'>ex</span> <span class='ocrx_word' id='word_1_229' title='bbox 844 3197 994 3279; x_wconf 88' lang='lat' dir='ltr'>opposito</span> <span class='ocrx_word' id='word_1_230' title='bbox 1026 3197 1193 3258; x_wconf 89' lang='lat' dir='ltr'>cuiusdam</span> <span class='ocrx_word' id='word_1_231' title='bbox 1224 3195 1316 3259; x_wconf 90' lang='lat' dir='ltr'>fovee</span> <span class='ocrx_word' id='word_1_232' title='bbox 1349 3197 1380 3258; x_wconf 92' lang='lat' dir='ltr'>in</span> <span class='ocrx_word' id='word_1_233' title='bbox 1415 3214 1508 3258; x_wconf 91' lang='lat' dir='ltr'>mnro</span> <span class='ocrx_word' id='word_1_234' title='bbox 1541 3197 1666 3258; x_wconf 89' lang='lat' dir='ltr'>domus</span> 
     </span>
     <span class='ocr_line' id='line_1_26' title="bbox 396 3302 1664 3386; baseline -0.002 -20"><span class='ocrx_word' id='word_1_235' title='bbox 396 3305 496 3386; x_wconf 93' lang='lat' dir='ltr'>ipsius</span> <span class='ocrx_word' id='word_1_236' title='bbox 528 3302 676 3384; x_wconf 85' lang='lat' dir='ltr'>Gregorii</span> <span class='ocrx_word' id='word_1_237' title='bbox 708 3303 803 3382; x_wconf 90' lang='lat' dir='ltr'>jurati</span> <span class='ocrx_word' id='word_1_238' title='bbox 835 3302 942 3364; x_wconf 91' lang='lat' dir='ltr'>habite</span> <span class='ocrx_word' id='word_1_239' title='bbox 966 3316 997 3365; x_wconf 93' lang='lat' dir='ltr'>et</span> <span class='ocrx_word' id='word_1_240' title='bbox 1028 3303 1110 3365; x_wconf 92' lang='lat' dir='ltr'>ultra</span> <span class='ocrx_word' id='word_1_241' title='bbox 1141 3323 1198 3365; x_wconf 92' lang='lat' dir='ltr'>seu</span> <span class='ocrx_word' id='word_1_242' title='bbox 1230 3323 1285 3386; x_wconf 90' lang='lat' dir='ltr'>per</span> <span class='ocrx_word' id='word_1_243' title='bbox 1317 3323 1445 3365; x_wconf 90' lang='lat' dir='ltr'>murum</span> <span class='ocrx_word' id='word_1_244' title='bbox 1476 3302 1664 3384; x_wconf 88' lang='lat' dir='ltr'>predictum</span> 
     </span>
     <span class='ocr_line' id='line_1_27' title="bbox 395 3407 1665 3493; baseline -0.003 -21"><span class='ocrx_word' id='word_1_245' title='bbox 395 3411 494 3493; x_wconf 89' lang='lat' dir='ltr'>ipsius</span> <span class='ocrx_word' id='word_1_246' title='bbox 519 3409 634 3470; x_wconf 89' lang='lat' dir='ltr'>domus</span> <span class='ocrx_word' id='word_1_247' title='bbox 657 3429 694 3470; x_wconf 85' lang='lat' dir='ltr'>ex</span> <span class='ocrx_word' id='word_1_248' title='bbox 719 3409 868 3491; x_wconf 92' lang='lat' dir='ltr'>opposito</span> <span class='ocrx_word' id='word_1_249' title='bbox 893 3409 1058 3470; x_wconf 87' lang='lat' dir='ltr'>cuiusdam</span> <span class='ocrx_word' id='word_1_250' title='bbox 1083 3423 1185 3471; x_wconf 89' lang='lat' dir='ltr'>statue</span> <span class='ocrx_word' id='word_1_251' title='bbox 1209 3410 1241 3471; x_wconf 91' lang='lat' dir='ltr'>in</span> <span class='ocrx_word' id='word_1_252' title='bbox 1267 3408 1366 3472; x_wconf 89' lang='lat' dir='ltr'>domo</span> <span class='ocrx_word' id='word_1_253' title='bbox 1390 3408 1533 3491; x_wconf 89' lang='lat' dir='ltr'>predicta</span> <span class='ocrx_word' id='word_1_254' title='bbox 1561 3407 1665 3490; x_wconf 89' lang='lat' dir='ltr'>ipsius</span> 
     </span>
     <span class='ocr_line' id='line_1_28' title="bbox 396 3512 1661 3597; baseline -0.002 -20"><span class='ocrx_word' id='word_1_255' title='bbox 396 3515 535 3577; x_wconf 90' lang='lat' dir='ltr'>Emerici</span> <span class='ocrx_word' id='word_1_256' title='bbox 559 3515 688 3576; x_wconf 90' lang='lat' dir='ltr'>sartoris</span> <span class='ocrx_word' id='word_1_257' title='bbox 712 3514 781 3594; x_wconf 88' lang='lat' dir='ltr'>site,</span> <span class='ocrx_word' id='word_1_258' title='bbox 806 3513 916 3576; x_wconf 89' lang='lat' dir='ltr'>fuisset</span> <span class='ocrx_word' id='word_1_259' title='bbox 940 3535 958 3575; x_wconf 89' lang='lat' dir='ltr'>a</span> <span class='ocrx_word' id='word_1_260' title='bbox 982 3514 1087 3576; x_wconf 87' lang='lat' dir='ltr'>calore</span> <span class='ocrx_word' id='word_1_261' title='bbox 1111 3535 1168 3577; x_wconf 91' lang='lat' dir='ltr'>seu</span> <span class='ocrx_word' id='word_1_262' title='bbox 1200 3513 1324 3577; x_wconf 86' lang='lat' dir='ltr'>fervore</span> <span class='ocrx_word' id='word_1_263' title='bbox 1349 3515 1431 3597; x_wconf 89' lang='lat' dir='ltr'>ignia</span> <span class='ocrx_word' id='word_1_264' title='bbox 1454 3512 1661 3594; x_wconf 89' lang='lat' dir='ltr'>calefactum,</span> 
     </span>
     <span class='ocr_line' id='line_1_29' title="bbox 395 3620 1661 3704; baseline -0.001 -21"><span class='ocrx_word' id='word_1_265' title='bbox 395 3623 450 3684; x_wconf 94' lang='lat' dir='ltr'>sed</span> <span class='ocrx_word' id='word_1_266' title='bbox 475 3623 583 3704; x_wconf 91' lang='lat' dir='ltr'>ignem</span> <span class='ocrx_word' id='word_1_267' title='bbox 607 3641 640 3683; x_wconf 90' lang='lat' dir='ltr'>se</span> <span class='ocrx_word' id='word_1_268' title='bbox 665 3641 729 3683; x_wconf 89' lang='lat' dir='ltr'>aon</span> <span class='ocrx_word' id='word_1_269' title='bbox 751 3620 860 3684; x_wconf 87' lang='lat' dir='ltr'>videre</span> <span class='ocrx_word' id='word_1_270' title='bbox 884 3621 1049 3698; x_wconf 90' lang='lat' dir='ltr'>dicebant;</span> <span class='ocrx_word' id='word_1_271' title='bbox 1074 3620 1215 3704; x_wconf 90' lang='lat' dir='ltr'>prefatus</span> <span class='ocrx_word' id='word_1_272' title='bbox 1247 3623 1348 3685; x_wconf 89' lang='lat' dir='ltr'>eciam</span> <span class='ocrx_word' id='word_1_273' title='bbox 1373 3621 1536 3684; x_wconf 85' lang='lat' dir='ltr'>lohannes</span> <span class='ocrx_word' id='word_1_274' title='bbox 1560 3621 1661 3701; x_wconf 79' lang='lat' dir='ltr'>judex</span> 
     </span>
     <span class='ocr_line' id='line_1_30' title="bbox 396 3727 1663 3811; baseline -0.002 -21"><span class='ocrx_word' id='word_1_275' title='bbox 396 3729 536 3808; x_wconf 86' lang='lat' dir='ltr'>dixisset,</span> <span class='ocrx_word' id='word_1_276' title='bbox 560 3727 648 3808; x_wconf 90' lang='lat' dir='ltr'>quod</span> <span class='ocrx_word' id='word_1_277' title='bbox 672 3727 750 3790; x_wconf 90' lang='lat' dir='ltr'>dum</span> <span class='ocrx_word' id='word_1_278' title='bbox 774 3727 862 3789; x_wconf 90' lang='lat' dir='ltr'>solus</span> <span class='ocrx_word' id='word_1_279' title='bbox 884 3727 1014 3790; x_wconf 91' lang='lat' dir='ltr'>tandem</span> <span class='ocrx_word' id='word_1_280' title='bbox 1031 3747 1088 3810; x_wconf 93' lang='lat' dir='ltr'>per</span> <span class='ocrx_word' id='word_1_281' title='bbox 1110 3728 1305 3811; x_wconf 90' lang='lat' dir='ltr'>peticionem</span> <span class='ocrx_word' id='word_1_282' title='bbox 1322 3727 1421 3811; x_wconf 88' lang='lat' dir='ltr'>ipsius</span> <span class='ocrx_word' id='word_1_283' title='bbox 1438 3727 1578 3790; x_wconf 87' lang='lat' dir='ltr'>Emerici</span> <span class='ocrx_word' id='word_1_284' title='bbox 1596 3747 1663 3789; x_wconf 90' lang='lat' dir='ltr'>sar·</span> 
     </span>
     <span class='ocr_line' id='line_1_31' title="bbox 395 3832 1663 3917; baseline -0.001 -21"><span class='ocrx_word' id='word_1_285' title='bbox 395 3835 472 3897; x_wconf 89' lang='lat' dir='ltr'>toris</span> <span class='ocrx_word' id='word_1_286' title='bbox 496 3835 536 3895; x_wconf 93' lang='lat' dir='ltr'>ad</span> <span class='ocrx_word' id='word_1_287' title='bbox 562 3834 738 3917; x_wconf 87' lang='lat' dir='ltr'>predictam</span> <span class='ocrx_word' id='word_1_288' title='bbox 767 3835 901 3896; x_wconf 87' lang='lat' dir='ltr'>domurn</span> <span class='ocrx_word' id='word_1_289' title='bbox 932 3833 1008 3895; x_wconf 91' lang='lat' dir='ltr'>dicti</span> <span class='ocrx_word' id='word_1_290' title='bbox 1041 3832 1191 3916; x_wconf 92' lang='lat' dir='ltr'>Gregorii</span> <span class='ocrx_word' id='word_1_291' title='bbox 1214 3833 1308 3916; x_wconf 86' lang='lat' dir='ltr'>jurati</span> <span class='ocrx_word' id='word_1_292' title='bbox 1341 3835 1372 3896; x_wconf 94' lang='lat' dir='ltr'>in</span> <span class='ocrx_word' id='word_1_293' title='bbox 1397 3833 1576 3916; x_wconf 88' lang='lat' dir='ltr'>predictam</span> <span class='ocrx_word' id='word_1_294' title='bbox 1609 3853 1663 3895; x_wconf 90' lang='lat' dir='ltr'>ca-</span> 
     </span>
     <span class='ocr_line' id='line_1_32' title="bbox 395 3938 1662 4023; baseline 0 -21"><span class='ocrx_word' id='word_1_295' title='bbox 395 3961 516 4003; x_wconf 88' lang='lat' dir='ltr'>meram</span> <span class='ocrx_word' id='word_1_296' title='bbox 540 3941 696 4020; x_wconf 87' lang='lat' dir='ltr'>intrasset,</span> <span class='ocrx_word' id='word_1_297' title='bbox 720 3953 796 4002; x_wconf 93' lang='lat' dir='ltr'>tunc</span> <span class='ocrx_word' id='word_1_298' title='bbox 819 3941 923 4022; x_wconf 91' lang='lat' dir='ltr'>ipsum</span> <span class='ocrx_word' id='word_1_299' title='bbox 948 3938 1056 4002; x_wconf 89' lang='lat' dir='ltr'>focum</span> <span class='ocrx_word' id='word_1_300' title='bbox 1080 3938 1173 4002; x_wconf 92' lang='lat' dir='ltr'>dictis</span> <span class='ocrx_word' id='word_1_301' title='bbox 1204 3941 1332 4002; x_wconf 82' lang='lat' dir='ltr'>nivibus</span> <span class='ocrx_word' id='word_1_302' title='bbox 1355 3953 1543 4023; x_wconf 90' lang='lat' dir='ltr'>coopertum</span> <span class='ocrx_word' id='word_1_303' title='bbox 1569 3940 1662 4002; x_wconf 80' lang='lat' dir='ltr'>inve·</span> 
     </span>
     <span class='ocr_line' id='line_1_33' title="bbox 395 4045 1656 4129; baseline -0.002 -20"><span class='ocrx_word' id='word_1_304' title='bbox 395 4048 492 4110; x_wconf 90' lang='lat' dir='ltr'>nisset</span> <span class='ocrx_word' id='word_1_305' title='bbox 523 4060 555 4110; x_wconf 92' lang='lat' dir='ltr'>et</span> <span class='ocrx_word' id='word_1_306' title='bbox 585 4047 661 4108; x_wconf 92' lang='lat' dir='ltr'>dum</span> <span class='ocrx_word' id='word_1_307' title='bbox 693 4047 832 4108; x_wconf 90' lang='lat' dir='ltr'>eundem</span> <span class='ocrx_word' id='word_1_308' title='bbox 857 4045 964 4108; x_wconf 90' lang='lat' dir='ltr'>focum</span> <span class='ocrx_word' id='word_1_309' title='bbox 994 4066 1091 4108; x_wconf 90' lang='lat' dir='ltr'>manu</span> <span class='ocrx_word' id='word_1_310' title='bbox 1123 4065 1180 4108; x_wconf 89' lang='lat' dir='ltr'>sua</span> <span class='ocrx_word' id='word_1_311' title='bbox 1203 4045 1373 4129; x_wconf 89' lang='lat' dir='ltr'>palpasset,</span> <span class='ocrx_word' id='word_1_312' title='bbox 1404 4060 1480 4108; x_wconf 89' lang='lat' dir='ltr'>tunc</span> <span class='ocrx_word' id='word_1_313' title='bbox 1512 4046 1656 4108; x_wconf 89' lang='lat' dir='ltr'>enodem</span> 
     </span>
     <span class='ocr_line' id='line_1_34' title="bbox 396 4152 1662 4235; baseline -0.001 -20"><span class='ocrx_word' id='word_1_314' title='bbox 396 4153 503 4216; x_wconf 90' lang='lat' dir='ltr'>focum</span> <span class='ocrx_word' id='word_1_315' title='bbox 528 4154 602 4235; x_wconf 90' lang='lat' dir='ltr'>igne</span> <span class='ocrx_word' id='word_1_316' title='bbox 626 4152 815 4214; x_wconf 88' lang='lat' dir='ltr'>calefactum</span> <span class='ocrx_word' id='word_1_317' title='bbox 832 4153 1044 4234; x_wconf 88' lang='lat' dir='ltr'>cognovisset,</span> <span class='ocrx_word' id='word_1_318' title='bbox 1061 4153 1116 4214; x_wconf 92' lang='lat' dir='ltr'>sed</span> <span class='ocrx_word' id='word_1_319' title='bbox 1135 4154 1243 4234; x_wconf 90' lang='lat' dir='ltr'>ignem</span> <span class='ocrx_word' id='word_1_320' title='bbox 1264 4153 1410 4216; x_wconf 87' lang='lat' dir='ltr'>similiter</span> <span class='ocrx_word' id='word_1_321' title='bbox 1426 4173 1492 4215; x_wconf 92' lang='lat' dir='ltr'>non</span> <span class='ocrx_word' id='word_1_322' title='bbox 1510 4152 1662 4230; x_wconf 88' lang='lat' dir='ltr'>vidisset;</span> 
     </span>
     <span class='ocr_line' id='line_1_35' title="bbox 395 4257 1661 4342; baseline -0.003 -19"><span class='ocrx_word' id='word_1_323' title='bbox 395 4260 561 4323; x_wconf 90' lang='lat' dir='ltr'>Ladislaus</span> <span class='ocrx_word' id='word_1_324' title='bbox 585 4275 691 4322; x_wconf 90' lang='lat' dir='ltr'>autem</span> <span class='ocrx_word' id='word_1_325' title='bbox 716 4259 876 4321; x_wconf 84' lang='lat' dir='ltr'>aurifaber</span> <span class='ocrx_word' id='word_1_326' title='bbox 899 4259 1019 4340; x_wconf 90' lang='lat' dir='ltr'>juratus</span> <span class='ocrx_word' id='word_1_327' title='bbox 1041 4259 1188 4322; x_wconf 90' lang='lat' dir='ltr'>similiter</span> <span class='ocrx_word' id='word_1_328' title='bbox 1212 4271 1290 4322; x_wconf 91' lang='lat' dir='ltr'>tunc</span> <span class='ocrx_word' id='word_1_329' title='bbox 1313 4259 1467 4342; x_wconf 89' lang='lat' dir='ltr'>temporis</span> <span class='ocrx_word' id='word_1_330' title='bbox 1490 4257 1661 4340; x_wconf 82' lang='lat' dir='ltr'>adjuratus</span> 
     </span>
     <span class='ocr_line' id='line_1_36' title="bbox 394 4364 1658 4448; baseline -0.002 -20"><span class='ocrx_word' id='word_1_331' title='bbox 394 4367 502 4429; x_wconf 91' lang='lat' dir='ltr'>retulit</span> <span class='ocrx_word' id='word_1_332' title='bbox 526 4387 564 4428; x_wconf 90' lang='lat' dir='ltr'>eo</span> <span class='ocrx_word' id='word_1_333' title='bbox 589 4366 698 4446; x_wconf 90' lang='lat' dir='ltr'>m0d0,</span> <span class='ocrx_word' id='word_1_334' title='bbox 723 4379 757 4428; x_wconf 90' lang='lat' dir='ltr'>ut</span> <span class='ocrx_word' id='word_1_335' title='bbox 781 4366 859 4428; x_wconf 89' lang='lat' dir='ltr'>dum</span> <span class='ocrx_word' id='word_1_336' title='bbox 876 4366 941 4447; x_wconf 89' lang='lat' dir='ltr'>ipse</span> <span class='ocrx_word' id='word_1_337' title='bbox 966 4365 1006 4427; x_wconf 92' lang='lat' dir='ltr'>ad</span> <span class='ocrx_word' id='word_1_338' title='bbox 1026 4365 1201 4448; x_wconf 87' lang='lat' dir='ltr'>predictam</span> <span class='ocrx_word' id='word_1_339' title='bbox 1219 4384 1377 4428; x_wconf 91' lang='lat' dir='ltr'>cameram</span> <span class='ocrx_word' id='word_1_340' title='bbox 1395 4365 1427 4426; x_wconf 91' lang='lat' dir='ltr'>in</span> <span class='ocrx_word' id='word_1_341' title='bbox 1452 4364 1537 4425; x_wconf 90' lang='lat' dir='ltr'>dicta</span> <span class='ocrx_word' id='word_1_342' title='bbox 1555 4364 1658 4426; x_wconf 92' lang='lat' dir='ltr'>domo</span> 
     </span>
     <span class='ocr_line' id='line_1_37' title="bbox 394 4469 1658 4555; baseline -0.002 -20"><span class='ocrx_word' id='word_1_343' title='bbox 394 4474 493 4555; x_wconf 91' lang='lat' dir='ltr'>ipsius</span> <span class='ocrx_word' id='word_1_344' title='bbox 518 4472 666 4553; x_wconf 88' lang='lat' dir='ltr'>Gregorii</span> <span class='ocrx_word' id='word_1_345' title='bbox 683 4471 776 4554; x_wconf 86' lang='lat' dir='ltr'>jurati</span> <span class='ocrx_word' id='word_1_346' title='bbox 801 4473 943 4534; x_wconf 88' lang='lat' dir='ltr'>habitam</span> <span class='ocrx_word' id='word_1_347' title='bbox 960 4473 1140 4534; x_wconf 89' lang='lat' dir='ltr'>accessisset</span> <span class='ocrx_word' id='word_1_348' title='bbox 1167 4487 1197 4534; x_wconf 90' lang='lat' dir='ltr'>et</span> <span class='ocrx_word' id='word_1_349' title='bbox 1213 4472 1416 4534; x_wconf 88' lang='lat' dir='ltr'>transmissus</span> <span class='ocrx_word' id='word_1_350' title='bbox 1440 4469 1562 4550; x_wconf 90' lang='lat' dir='ltr'>fuisset,</span> <span class='ocrx_word' id='word_1_351' title='bbox 1579 4485 1658 4533; x_wconf 91' lang='lat' dir='ltr'>tunc</span> 
     </span>
     <span class='ocr_line' id='line_1_38' title="bbox 394 4575 1659 4662; baseline -0.003 -21"><span class='ocrx_word' id='word_1_352' title='bbox 394 4581 460 4662; x_wconf 90' lang='lat' dir='ltr'>ipse</span> <span class='ocrx_word' id='word_1_353' title='bbox 485 4580 663 4662; x_wconf 91' lang='lat' dir='ltr'>predictum</span> <span class='ocrx_word' id='word_1_354' title='bbox 688 4577 795 4640; x_wconf 87' lang='lat' dir='ltr'>locum</span> <span class='ocrx_word' id='word_1_355' title='bbox 827 4579 974 4641; x_wconf 90' lang='lat' dir='ltr'>similiter</span> <span class='ocrx_word' id='word_1_356' title='bbox 1005 4578 1192 4640; x_wconf 88' lang='lat' dir='ltr'>calefactum</span> <span class='ocrx_word' id='word_1_357' title='bbox 1217 4597 1273 4660; x_wconf 89' lang='lat' dir='ltr'>per</span> <span class='ocrx_word' id='word_1_358' title='bbox 1304 4578 1413 4660; x_wconf 92' lang='lat' dir='ltr'>ignem</span> <span class='ocrx_word' id='word_1_359' title='bbox 1441 4591 1471 4638; x_wconf 92' lang='lat' dir='ltr'>et</span> <span class='ocrx_word' id='word_1_360' title='bbox 1495 4575 1659 4638; x_wconf 82' lang='lat' dir='ltr'>fervidum</span> 
     </span>
     <span class='ocr_line' id='line_1_39' title="bbox 396 4683 1659 4764; baseline -0.003 -17"><span class='ocrx_word' id='word_1_361' title='bbox 396 4687 580 4764; x_wconf 88' lang='lat' dir='ltr'>invenisset,</span> <span class='ocrx_word' id='word_1_362' title='bbox 605 4699 635 4746; x_wconf 90' lang='lat' dir='ltr'>et</span> <span class='ocrx_word' id='word_1_363' title='bbox 660 4685 690 4745; x_wconf 94' lang='lat' dir='ltr'>in</span> <span class='ocrx_word' id='word_1_364' title='bbox 716 4684 832 4745; x_wconf 90' lang='lat' dir='ltr'>eodem</span> <span class='ocrx_word' id='word_1_365' title='bbox 857 4683 929 4746; x_wconf 93' lang='lat' dir='ltr'>foco</span> <span class='ocrx_word' id='word_1_366' title='bbox 961 4684 1115 4746; x_wconf 88' lang='lat' dir='ltr'>scintillas</span> <span class='ocrx_word' id='word_1_367' title='bbox 1143 4684 1225 4764; x_wconf 88' lang='lat' dir='ltr'>ignis</span> <span class='ocrx_word' id='word_1_368' title='bbox 1256 4683 1429 4745; x_wconf 86' lang='lat' dir='ltr'>invenisset</span> <span class='ocrx_word' id='word_1_369' title='bbox 1452 4696 1484 4745; x_wconf 88' lang='lat' dir='ltr'>et</span> <span class='ocrx_word' id='word_1_370' title='bbox 1506 4683 1659 4758; x_wconf 80' lang='lat' dir='ltr'>vidisset3</span> 
     </span>
     <span class='ocr_line' id='line_1_40' title="bbox 395 4789 1658 4873; baseline -0.002 -20"><span class='ocrx_word' id='word_1_371' title='bbox 395 4793 533 4873; x_wconf 90' lang='lat' dir='ltr'>ideoque</span> <span class='ocrx_word' id='word_1_372' title='bbox 559 4792 670 4853; x_wconf 90' lang='lat' dir='ltr'>audito</span> <span class='ocrx_word' id='word_1_373' title='bbox 696 4791 764 4872; x_wconf 89' lang='lat' dir='ltr'>ipso</span> <span class='ocrx_word' id='word_1_374' title='bbox 790 4790 975 4852; x_wconf 90' lang='lat' dir='ltr'>testimonio</span> <span class='ocrx_word' id='word_1_375' title='bbox 998 4791 1041 4851; x_wconf 91' lang='lat' dir='ltr'>sic</span> <span class='ocrx_word' id='word_1_376' title='bbox 1074 4790 1339 4870; x_wconf 88' lang='lat' dir='ltr'>adjudicaverunt</span> <span class='ocrx_word' id='word_1_377' title='bbox 1370 4789 1462 4870; x_wconf 81' lang='lat' dir='ltr'>jurati</span> <span class='ocrx_word' id='word_1_378' title='bbox 1496 4789 1658 4868; x_wconf 88' lang='lat' dir='ltr'>moderni,</span> 
     </span>
     <span class='ocr_line' id='line_1_41' title="bbox 394 4896 1657 4979; baseline -0.001 -22"><span class='ocrx_word' id='word_1_379' title='bbox 394 4898 482 4979; x_wconf 93' lang='lat' dir='ltr'>quod</span> <span class='ocrx_word' id='word_1_380' title='bbox 515 4898 676 4958; x_wconf 87' lang='lat' dir='ltr'>lohannes</span> <span class='ocrx_word' id='word_1_381' title='bbox 708 4896 793 4958; x_wconf 90' lang='lat' dir='ltr'>filius</span> <span class='ocrx_word' id='word_1_382' title='bbox 825 4897 936 4959; x_wconf 88' lang='lat' dir='ltr'>Jacobi</span> <span class='ocrx_word' id='word_1_383' title='bbox 968 4897 1007 4956; x_wconf 91' lang='lat' dir='ltr'>de</span> <span class='ocrx_word' id='word_1_384' title='bbox 1040 4897 1231 4959; x_wconf 89' lang='lat' dir='ltr'>Jazenowch</span> <span class='ocrx_word' id='word_1_385' title='bbox 1265 4911 1300 4959; x_wconf 93' lang='lat' dir='ltr'>ut</span> <span class='ocrx_word' id='word_1_386' title='bbox 1330 4909 1428 4976; x_wconf 91' lang='lat' dir='ltr'>actor,</span> <span class='ocrx_word' id='word_1_387' title='bbox 1460 4896 1516 4978; x_wconf 92' lang='lat' dir='ltr'>qui</span> <span class='ocrx_word' id='word_1_388' title='bbox 1546 4910 1657 4957; x_wconf 92' lang='lat' dir='ltr'>contra</span> 
     </span>
     <span class='ocr_line' id='line_1_42' title="bbox 395 5001 1658 5086; baseline -0.001 -22"><span class='ocrx_word' id='word_1_389' title='bbox 395 5005 499 5086; x_wconf 90' lang='lat' dir='ltr'>ipsum</span> <span class='ocrx_word' id='word_1_390' title='bbox 525 5003 718 5084; x_wconf 86' lang='lat' dir='ltr'>Gregorium</span> <span class='ocrx_word' id='word_1_391' title='bbox 751 5003 889 5084; x_wconf 90' lang='lat' dir='ltr'>juratum</span> <span class='ocrx_word' id='word_1_392' title='bbox 922 5002 1023 5064; x_wconf 89' lang='lat' dir='ltr'>filium</span> <span class='ocrx_word' id='word_1_393' title='bbox 1048 5003 1214 5065; x_wconf 90' lang='lat' dir='ltr'>Benedicti</span> <span class='ocrx_word' id='word_1_394' title='bbox 1246 5022 1285 5065; x_wconf 93' lang='lat' dir='ltr'>eo</span> <span class='ocrx_word' id='word_1_395' title='bbox 1314 5001 1413 5065; x_wconf 90' lang='lat' dir='ltr'>modo</span> <span class='ocrx_word' id='word_1_396' title='bbox 1437 5017 1485 5064; x_wconf 86' lang='lat' dir='ltr'>ter</span> <span class='ocrx_word' id='word_1_397' title='bbox 1517 5021 1574 5085; x_wconf 94' lang='lat' dir='ltr'>per</span> <span class='ocrx_word' id='word_1_398' title='bbox 1597 5021 1658 5064; x_wconf 92' lang='lat' dir='ltr'>nos</span> 
     </span>
    </p>
   </div>
   <div class='ocr_carea' id='block_1_3' title="bbox 0 0 1844 5800">
    <p class='ocr_par' dir='ltr' id='par_1_3' title="bbox 0 0 1844 5800">
     <span class='ocr_line' id='line_1_43' title="bbox 0 0 1844 5800; baseline 0 1"><span class='ocrx_word' id='word_1_399' title='bbox 0 0 1844 5800; x_wconf 95' lang='lat' dir='ltr'> </span> 
     </span>
    </p>
   </div>
  </div>
 </body>
</html>
