3876 5798
799 574 997 652 Anno1445.
1021 609 1065 618 -
1091 572 1122 635 8.
1140 576 1295 652 januan'i.

414 801 562 863 pensum,
587 803 645 865 pro
674 785 801 866 singulo
833 786 979 866 quolibet
1010 807 1096 849 anno
1129 787 1271 870 ipsorum
1304 789 1399 850 trium
1424 809 1583 853 annorum
1619 813 1680 875 pro

414 889 558 970 quinque
583 889 651 952 flor.
676 889 743 950 auri
769 909 841 952 curn
867 891 1007 954 vestibus
1038 907 1070 956 et
1093 895 1244 956 omnibus
1275 895 1525 959 circumstanciis
1549 899 1677 960 servicii

414 995 513 1077 ipsius
538 995 673 1057 Emerici
700 997 946 1075 estimaverunt;
970 1000 1097 1081 etquis
1122 1001 1189 1082 ipse
1215 1001 1325 1064 Petrus
1340 1002 1483 1065 literatus
1507 1003 1547 1065 ad
1564 1006 1673 1087 plures

414 1114 444 1161 et
467 1099 660 1162 sufficientes
683 1103 837 1164 terminos
860 1102 1012 1184 juridicos
1035 1105 1141 1167 eidem
1167 1107 1260 1168 Petro
1286 1107 1412 1169 literato
1437 1128 1492 1190 per
1516 1109 1601 1192 ipsos
1625 1109 1675 1190 ju·

414 1221 498 1268 raros
521 1206 695 1268 modernos
718 1208 888 1290 deputatos
912 1210 1069 1290 legittime
1093 1225 1124 1272 et
1146 1213 1333 1294 assignatos,
1359 1214 1445 1276 idem
1471 1215 1582 1277 Petrus
1607 1216 1679 1278 lite·

413 1327 498 1374 rarus
523 1313 581 1396 ipsi
607 1313 756 1375 Emerico
773 1313 859 1376 fratri
877 1335 936 1377 suo
967 1315 1084 1396 juniori
1109 1318 1148 1379 de
1166 1319 1351 1400 quindecim
1376 1319 1446 1382 flor.
1471 1340 1553 1402 quos
1571 1321 1678 1383 eidem

414 1421 562 1482 Emerico
589 1419 674 1482 fratri
699 1439 757 1482 suo
782 1419 867 1501 juxta
892 1423 1153 1486 commissionem
1186 1426 1331 1506 ipsorum
1354 1425 1531 1506 juratorum
1557 1428 1679 1509 persol-

413 1546 487 1588 vere
511 1526 649 1588 debebat
684 1527 807 1588 nullam
831 1529 958 1609 penitus
992 1528 1065 1590 fecit
1096 1530 1366 1612 persolucionem,
1398 1531 1472 1592 ideo
1498 1531 1557 1614 ipsi
1583 1530 1678 1612 jurati

414 1632 454 1693 de
481 1634 575 1694 rebus
600 1648 630 1695 et
661 1634 754 1695 bonis
785 1634 929 1695 eiusdem
963 1635 1045 1696 Petri
1077 1635 1192 1698 literati
1224 1637 1256 1698 in
1290 1637 1373 1698 dicta
1405 1637 1533 1699 civitate
1556 1651 1587 1698 et
1611 1637 1680 1699 eius

413 1741 572 1802 territorio
605 1741 730 1818 habitis,
764 1739 887 1822 prefato
919 1741 1067 1804 Emerico
1098 1741 1185 1804 fratri
1217 1743 1315 1825 ipsius
1351 1744 1433 1804 Petri
1470 1744 1585 1805 literati
1618 1764 1678 1826 pro

413 1847 562 1928 predictis
586 1848 645 1908 XV
670 1847 739 1910 flor.
763 1848 831 1910 auri
860 1848 1038 1930 plenariam
1072 1849 1286 1932 inpenderunt
1318 1849 1576 1912 satisfaccionem
1602 1850 1680 1932 juris

412 1955 552 2035 equitate
575 1955 767 2035 requirente.

519 2061 594 2122 ltem
619 2062 731 2122 Petrus
748 2061 921 2142 Hungarus
943 2060 1039 2142 judex
1063 2061 1148 2123 lilius
1177 2063 1266 2124 Pauli
1288 2077 1319 2124 et
1338 2063 1529 2125 Valentinus
1553 2062 1676 2144 juratus

412 2166 496 2230 filius
513 2167 576 2228 lvvlr
594 2187 720 2229 causam
747 2167 876 2230 Thome
893 2167 1026 2230 Cheden
1044 2168 1132 2246 dicti,
1157 2169 1238 2230 inter
1255 2169 1359 2251 ipsum
1377 2183 1407 2231 et
1431 2170 1513 2232 inter
1538 2188 1671 2230 uxorem

413 2273 537 2335 Nicolai
563 2274 677 2336 literati
704 2273 911 2336 Karberinam
940 2275 1072 2336 nomine
1098 2287 1129 2336 et
1152 2275 1234 2336 inter
1257 2275 1396 2336 eundem
1415 2274 1586 2336 Nicolaum
1603 2273 1675 2335 lite·

412 2393 517 2441 ratum
542 2399 648 2441 coram
674 2379 784 2460 juratis
812 2395 944 2459 motam,
976 2380 1116 2442 habitam
1142 2395 1173 2442 et
1204 2395 1381 2442 vertentem
1405 2381 1449 2443 sic
1473 2380 1677 2443 concorditer

413 2487 581 2568 sopierunt
605 2500 635 2547 et
659 2487 885 2569 disposuerunt
909 2508 944 2548 ac
968 2487 1170 2566 sedaverunt,
1195 2501 1229 2549 ut
1264 2489 1331 2570 ipse
1356 2488 1510 2550 Nicolaus
1534 2489 1678 2550 literatus

415 2592 559 2674 predicto
584 2592 713 2655 Thome
739 2592 872 2655 Cheden
905 2613 963 2675 pro
995 2591 1094 2655 fixura
1126 2609 1157 2655 et
1181 2594 1421 2673 vulneratione,
1454 2614 1549 2675 quam
1582 2613 1678 2675 super

413 2699 516 2780 ipsum
550 2719 629 2761 uxor
663 2699 797 2782 predicti
829 2701 971 2781 magistri
1007 2701 1131 2762 Nicolai
1164 2699 1238 2762 tecit
1269 2715 1300 2763 et
1332 2702 1545 2783 perpetravit,
1578 2721 1676 2762 unam

412 2824 550 2866 marcam
576 2805 781 2868 denariorum
807 2825 909 2886 usque
933 2805 973 2867 ad
991 2806 1171 2888 quindenas
1187 2807 1311 2868 solvere
1328 2820 1474 2870 teneatur
1498 2821 1529 2870 et
1546 2807 1677 2886 debeat,

412 2925 538 2973 etcum
563 2913 689 2974 medico
714 2913 813 2994 ipsius
830 2912 885 2973 lesi
909 2912 1037 2974 Thome
1063 2913 1149 2974 idern
1178 2913 1328 2994 magister
1345 2914 1497 2976 Nicolaus
1522 2914 1672 2996 disponat

412 3031 443 3080 et
465 3020 638 3080 concordet
663 3039 720 3101 pro
745 3019 914 3080 medicinis
933 3020 992 3102 ipsi
1018 3017 1146 3080 'l'lrome
1163 3039 1219 3101 per
1243 3019 1383 3082 eundem
1401 3020 1563 3082 medicum
1582 3019 1673 3081 factis

411 3141 506 3208 prout
537 3126 652 3187 melius
685 3127 752 3206 scit,
784 3126 872 3208 quod
906 3127 992 3188 idem
1025 3126 1178 3187 Nicolaus
1213 3126 1357 3189 literatus
1390 3127 1539 3189 benivole
1572 3126 1676 3188 iacere

411 3233 590 3314 assumpsit.

519 3338 596 3399 ltem
621 3339 697 3420 quia
724 3339 834 3400 Petrus
857 3337 942 3400 filius
967 3338 1096 3422 Mathye
1122 3338 1301 3402 Corintiani
1334 3341 1421 3403 solus
1452 3339 1563 3419 fassus,
1587 3341 1676 3422 quod

412 3445 477 3527 ipse
503 3446 609 3527 plures
633 3467 681 3506 res
705 3459 736 3506 et
762 3447 845 3507 bona
878 3459 943 3507 tam
975 3446 1194 3507 intraneorum
1219 3466 1316 3528 quam
1348 3460 1583 3526 extraneorum,
1607 3461 1673 3508 tam

412 3553 443 3613 in
469 3553 594 3614 civitate
619 3551 762 3634 predicta
799 3566 829 3614 et
853 3552 921 3614 eius
945 3552 1104 3614 territorio
1130 3571 1226 3634 quam
1255 3553 1334 3614 alias
1358 3553 1389 3614 in
1415 3554 1508 3616 certis
1532 3553 1676 3615 ecclesiis

411 3673 442 3720 et
466 3659 616 3721 domibus
640 3679 675 3721 ac
701 3660 802 3721 eciam
827 3659 885 3720 viis
914 3659 1022 3720 liberis
1046 3672 1076 3720 et
1108 3659 1245 3740 publicis
1270 3679 1343 3721 cum
1376 3661 1470 3721 sociis
1494 3660 1560 3721 suis
1584 3679 1675 3722 more

411 3763 573 3828 furticinio
598 3779 628 3827 et
652 3765 828 3847 predonico
853 3766 971 3848 recepit
995 3779 1026 3827 et
1053 3765 1184 3826 abstulit
1208 3785 1244 3826 ac
1275 3764 1352 3828 illuc
1378 3786 1444 3848 quo
1470 3766 1531 3827 sibi
1556 3765 1677 3848 placuit

411 3871 572 3954 expendit,
604 3873 742 3954 ideoque
775 3871 915 3934 eundern
946 3873 1076 3934 Petrum
1108 3886 1273 3953 tamquam
1305 3871 1408 3934 furem
1441 3885 1472 3933 et
1494 3872 1673 3955 predonem

329 4003 334 4013 ·
411 3977 616 4040 manifestum
640 3978 733 4060 jurati
759 3979 894 4040 civitatis
918 3978 1059 4060 predicte
1080 3977 1225 4039 moderni
1251 3979 1444 4060 suspendere
1470 3979 1502 4040 in
1527 3977 1676 4059 patibulo

410 4087 650 4148 communitatis
674 4086 885 4146 decreverunt
909 4099 939 4147 et
971 4083 1113 4147 fecerunt
1137 4104 1173 4146 ac
1204 4085 1437 4147 commiserunt
1460 4105 1516 4168 per
1540 4105 1675 4167 suspen-

410 4211 513 4254 sorem
539 4193 652 4254 talium
677 4191 897 4254 maleficorum
922 4192 1046 4273 justicia
1077 4204 1108 4252 et
1132 4191 1276 4254 libertate
1309 4193 1445 4255 civitatis
1469 4205 1675 4276 exposcente.

516 4297 594 4360 ltem
620 4298 693 4359 licet
717 4299 828 4359 Petrus
853 4299 974 4381 juratus
1005 4299 1109 4360 dictus
1133 4298 1226 4360 Persa
1258 4298 1343 4361 filius
1367 4301 1506 4379 Martini,
1531 4299 1673 4362 concivis

410 4418 527 4484 noster,
552 4425 609 4486 pro
634 4404 778 4487 quodam
803 4425 861 4465 suo
885 4403 968 4466 facto
998 4404 1110 4466 illicito
1143 4418 1174 4467 et
1198 4405 1362 4488 nephario,
1396 4405 1484 4487 quod
1509 4405 1569 4467 sibi
1594 4417 1676 4466 tem-

410 4530 487 4593 pore
513 4511 670 4592 judicatus
686 4511 745 4572 viri
763 4512 889 4590 providi
907 4524 937 4573 et
954 4511 1079 4574 honesti
1098 4510 1262 4572 benedicti
1280 4511 1405 4593 pridem
1429 4511 1555 4594 judicis,
1572 4512 1673 4574 nostri

411 4617 562 4696 concivis,
587 4616 644 4678 lilii
675 4617 851 4696 Michaelis,
883 4638 919 4679 ex
953 4618 1163 4698 instigacione
1195 4618 1366 4699 dyabolica
1397 4619 1531 4700 contigit
1561 4637 1675 4701 perpe·

409 4736 502 4802 trare,
527 4725 558 4784 in
584 4738 727 4785 nostrum
747 4725 913 4785 laternum
932 4742 1136 4785 communem
1162 4737 1307 4804 tempore
1325 4725 1489 4806 prescripti
1516 4723 1675 4806 judicatus

413 4831 512 4911 ipsius
536 4830 702 4892 Benedicti
720 4829 834 4911 judicis
852 4830 891 4890 de
916 4850 1001 4891 anno
1018 4830 1142 4891 domini
1165 4830 1338 4892 millesimo
1355 4830 1675 4912 quadringentesimo

410 4937 661 5018 quadragesimo
686 4950 812 5019 quarto,
836 4935 913 4998 feria
930 4949 1016 4998 sexta
1040 4938 1184 5018 proxima
1210 4951 1283 4998 ante
1301 4935 1416 4998 festum
1442 4936 1675 4998 Conversionis

410 5044 493 5106 beati
525 5045 616 5107 Pauli
650 5043 786 5128 apostoli
819 5044 964 5126 proxime
998 5044 1170 5126 preteritis,
1203 5063 1260 5126 pro
1285 5043 1340 5104 llll
1374 5042 1513 5105 denariis
1536 5042 1577 5104 sit
1599 5061 1674 5126 pro-
