3876 5798
395 556 460 633 426
722 543 727 550 ⁵
760 558 960 635 Ann01445.
987 592 1026 602 -
1050 571 1079 634 7.
1102 559 1276 633 septembres.

397 766 543 850 Mathyas
567 767 707 830 decanus
738 783 848 830 contra
873 768 1031 851 prefatum
1056 770 1249 852 Dyonisium
1280 769 1478 834 aurifabrum
1502 772 1534 833 in
1559 772 1659 854 dupla

396 873 460 934 vivi
484 872 654 956 (b)omogii
671 874 821 936 videlicet
838 876 870 936 in
887 875 1122 958 quinquaginta
1146 877 1259 939 marcis
1276 877 1480 938 denariorum
1506 877 1660 939 remansit

395 977 587 1061 judicialiter
610 1000 666 1063 per
696 980 782 1062 ipsos
812 981 931 1064 juratos
963 985 1127 1046 convictus
1159 998 1190 1046 et
1220 999 1410 1065 aggravatus
1433 983 1547 1046 ordine
1580 983 1659 1065 juris

396 1101 597 1168 exposcente.

501 1211 578 1272 ltem
603 1213 678 1294 quia
702 1211 855 1274 Clemens
879 1211 1018 1274 carnifex
1042 1213 1182 1276 decanus
1199 1213 1361 1276 colendini
1386 1212 1658 1276 confraternitatis

396 1317 592 1396 carnificum,
621 1317 741 1399 juratus
772 1335 880 1382 noster
913 1320 1104 1400 modernus,
1136 1340 1195 1402 pro
1227 1321 1369 1402 quodam
1399 1322 1481 1382 bove
1505 1320 1660 1400 litigioso,

395 1443 491 1505 quern
517 1425 584 1506 ipse
609 1425 760 1487 Clemens
777 1425 916 1487 carnifex
940 1425 1060 1506 iuratus
1077 1445 1171 1488 suunt
1189 1425 1256 1488 fote
1281 1427 1450 1504 asserebat,
1476 1425 1655 1488 lohannem

397 1529 577 1592 carnificem
611 1530 712 1592 filiurn
746 1531 855 1594 Guralr
886 1553 960 1594 cum
991 1533 1093 1614 capite
1125 1552 1185 1594 suo
1214 1533 1345 1616 proprio
1377 1553 1434 1615 per
1464 1532 1603 1614 judicem
1629 1545 1661 1592 et

395 1637 514 1719 juratos
538 1637 712 1700 modernos
737 1638 879 1701 detinere
904 1652 935 1700 et
966 1639 1153 1701 incarcerari
1185 1638 1302 1701 fecerat
1334 1640 1364 1700 iu
1390 1658 1514 1701 carcere
1547 1652 1658 1699 nostro

399 1744 564 1804 communi
589 1757 734 1825 tempore
757 1757 941 1826 treugarum
959 1743 1019 1806 fori
1045 1746 1144 1807 nostri
1161 1745 1348 1806 nundinalis
1370 1743 1441 1807 festi
1466 1745 1557 1806 beate
1576 1744 1660 1804 Mat-

396 1848 527 1931 garcthe
551 1849 683 1930 virginis
707 1863 738 1912 et
761 1851 899 1912 martiris
916 1850 1045 1930 Christi,
1066 1865 1230 1932 tamquam
1248 1850 1351 1912 furem
1375 1865 1406 1911 et
1429 1852 1660 1912 subtractorem

395 1955 494 2037 ipsius
517 1956 608 2017 bovis
639 1955 864 2036 manifestum,
896 1969 927 2020 et
958 1958 1033 2038 quia
1065 1959 1194 2019 tandem
1220 1958 1288 2040 ipse
1321 1957 1484 2019 lohannes
1517 1956 1658 2018 carnifex

395 2063 536 2123 concivis
559 2076 676 2142 noster,
701 2063 733 2124 id
757 2083 829 2124 cum
847 2062 1016 2125 sufficienti
1034 2077 1065 2124 et
1088 2063 1252 2145 fidedigno
1269 2063 1456 2126 testimonio
1480 2065 1659 2144 proborum

395 2182 425 2231 et
449 2169 657 2230 honestorum
681 2169 822 2231 virorum
847 2169 943 2230 hodie
969 2169 1000 2230 in
1029 2169 1105 2230 sede
1130 2183 1235 2232 nostra
1268 2169 1432 2251 judiciaria
1457 2170 1542 2230 clare
1566 2187 1656 2230 corn·

395 2275 542 2356 probavit
565 2293 673 2336 coram
698 2277 801 2355 nobis,
825 2289 861 2337 ut
891 2277 958 2358 ipse
990 2275 1149 2358 prefatum
1174 2279 1291 2338 bovem
1323 2276 1500 2358 litigiosum
1525 2275 1657 2358 publice

395 2393 425 2442 et
448 2379 584 2444 honesto
607 2381 706 2442 modo
724 2383 931 2463 comparavit,
953 2382 1028 2442 ideo
1045 2383 1112 2464 ipse
1130 2381 1283 2445 Clemens
1300 2382 1440 2444 carnifex
1464 2381 1586 2462 juratus
1602 2401 1662 2464 per

395 2485 673 2566 adjudicacionem
698 2488 876 2568 juratorum
900 2503 1082 2550 nostrorum
1107 2489 1338 2550 modernorum
1370 2489 1498 2550 racione
1523 2489 1661 2549 detenti-

396 2593 497 2654 cionis
520 2607 551 2654 et
575 2594 839 2657 incarceracionis
863 2595 962 2677 ipsius
993 2595 1148 2656 lobannis
1172 2594 1337 2674 carnificis,
1370 2613 1466 2676 quam
1492 2594 1559 2674 ipse
1583 2593 1661 2654 Cle-

395 2719 485 2760 mens
508 2699 629 2780 juratus
644 2715 789 2782 ternpore
806 2701 963 2762 dictarum
984 2713 1167 2782 treugarum
1186 2701 1262 2763 dicti
1281 2699 1341 2763 foti
1360 2700 1546 2762 nundinalis
1561 2719 1660 2780 super

395 2807 497 2888 ipsum
524 2805 703 2868 iohannem
729 2805 908 2868 carnificem
934 2805 1009 2867 fecit
1032 2821 1063 2867 et
1083 2808 1286 2888 perpetravit,
1304 2821 1414 2869 contra
1436 2805 1576 2868 eundem
1603 2805 1658 2866 lo·

393 2914 532 2974 hannem
557 2911 736 2974 carnificem
762 2914 793 2973 in
811 2914 907 2994 dupla
930 2914 993 2974 vivi
1011 2913 1177 2994 (hlomagii
1203 2914 1353 2976 videlicet
1370 2914 1401 2975 in
1420 2913 1658 2994 quinquaginta

394 3021 509 3080 marcis
533 3019 751 3097 denariorum,
776 3035 807 3080 et
827 3020 954 3081 racione
979 3020 1169 3081 violationis
1185 3021 1381 3102 potenciarie
1406 3021 1545 3102 ipsarum
1570 3033 1662 3080 treu-

393 3145 506 3206 garum
533 3146 570 3186 ex
595 3145 645 3202 eo,
668 3125 743 3205 quia
768 3139 912 3206 tempore
934 3126 1118 3186 earumdem
1136 3139 1320 3206 treugarum
1346 3127 1450 3208 ipsum
1476 3125 1659 3186 lohannem

394 3230 575 3294 carnificem
601 3252 673 3292 cum
698 3233 799 3314 capite
817 3251 875 3292 suo
893 3232 1023 3314 proprio
1042 3232 1182 3292 indebite
1200 3246 1231 3293 et
1247 3233 1354 3294 minus
1378 3231 1458 3312 juste
1483 3251 1518 3291 ac
1535 3233 1661 3311 absque

395 3337 484 3398 omni
511 3338 603 3418 culpa
629 3357 684 3398 sua
711 3337 890 3398 detinuerat
914 3351 944 3398 et
965 3338 1226 3417 incarceraverat,
1250 3353 1359 3399 contra
1392 3337 1530 3418 judicem
1556 3349 1586 3398 et
1610 3336 1660 3415 ju·

395 3457 482 3504 ratos
506 3443 679 3504 modernos
703 3463 738 3504 ac
763 3459 872 3505 contra
897 3455 995 3504 totam
1029 3445 1293 3506 communitatem
1326 3445 1357 3505 in
1391 3457 1517 3505 centum
1544 3443 1663 3503 marcis

396 3551 600 3612 denariorum
626 3551 778 3612 remansit
802 3550 993 3630 judicialiter
1011 3552 1175 3611 convictus
1199 3564 1230 3612 et
1246 3563 1436 3632 aggravatus
1452 3550 1564 3612 ordine
1581 3550 1663 3628 juris

394 3671 583 3738 exposcente
608 3657 785 3719 secundum
803 3657 976 3738 birsagium
1000 3671 1031 3718 et
1047 3656 1202 3738 judicium
1226 3671 1411 3738 treugarum
1429 3657 1661 3739 predictarum.

502 3783 578 3844 ltem
604 3783 678 3863 quia
704 3780 844 3863 prefatus
869 3781 1021 3843 Clemens
1045 3780 1195 3860 carnifex,
1213 3781 1345 3861 juratus,
1370 3779 1493 3863 prefato
1517 3781 1661 3841 lohanni

393 3887 531 3950 carnifici
557 3887 623 3948 filio
656 3888 754 3968 ipsius
787 3887 896 3949 Guralt
928 3888 967 3948 de
999 3886 1129 3968 prefatis
1158 3889 1303 3968 birsagiis
1335 3888 1400 3949 suis
1432 3887 1580 3948 videlicet
1616 3889 1660 3950 de

392 3995 624 4075 quinquaginta
652 3994 764 4054 marcis
781 3993 987 4054 denariorum
1012 3994 1043 4054 in
1069 3993 1186 4075 quibus
1211 4009 1320 4055 contra
1344 3995 1449 4075 ipsum
1474 3993 1656 4054 iohannem

393 4100 574 4161 camificem
600 4100 683 4160 idem
710 4101 862 4161 Clemens
886 4098 1025 4160 carnifex
1042 4100 1162 4178 juratus
1188 4100 1286 4161 modo
1311 4101 1465 4182 premisso
1490 4099 1660 4160 convictus

393 4221 424 4268 et
448 4220 637 4287 aggravatus
669 4207 780 4283 extitit,
811 4206 988 4287 plenariam
1020 4221 1051 4268 et
1083 4206 1305 4267 omnimodam
1339 4207 1486 4288 inpendit
1518 4204 1661 4267 satisfac·

394 4315 531 4390 cionem,
556 4325 652 4393 prout
677 4313 760 4372 ident
779 4311 941 4372 lohannes
958 4311 1096 4374 carnifex
1120 4314 1212 4374 nobis
1237 4327 1386 4374 oretenus
1402 4313 1510 4374 retulit
1534 4327 1564 4373 et
1580 4332 1661 4372 con-

393 4419 493 4480 fessus
517 4432 573 4496 est,
598 4432 628 4479 et
653 4420 726 4499 quia
753 4419 852 4478 etiarn
879 4439 947 4496 nos,
972 4433 1047 4500 puta
1072 4417 1166 4498 judex
1194 4435 1223 4480 et
1245 4419 1338 4498 jurati
1357 4418 1503 4480 moderni
1529 4419 1561 4478 in
1585 4437 1660 4499 per·

393 4545 471 4586 sona
497 4526 599 4586 tocius
624 4525 863 4585 communitatis
884 4526 923 4585 ad
942 4526 1111 4586 instantem
1136 4526 1328 4607 peticionem
1348 4526 1559 4606 plurimorum
1585 4543 1660 4605 pro-

395 4634 507 4692 borum
542 4632 684 4692 virorum
719 4631 823 4690 eidem
857 4630 1018 4692 Clementi
1048 4630 1151 4710 jurato
1187 4631 1314 4692 racione
1346 4631 1501 4692 dictarum
1527 4643 1660 4692 centurn

393 4757 571 4799 marcarum
597 4737 804 4798 denariorum
829 4737 968 4816 graciam
994 4735 1137 4798 fecerunt
1169 4739 1354 4818 specialem,
1387 4737 1525 4817 ideoque
1551 4736 1659 4817 ipsum

394 4844 595 4906 Clementem
621 4842 801 4904 carnificem
828 4843 954 4903 racione
981 4844 1140 4904 dictorum
1174 4845 1320 4904 omniurn
1349 4843 1560 4925 birsagiorunt
1585 4844 1661 4904 red-

394 4952 534 5014 didimus
559 4949 626 5013 fore
651 4950 845 5036 expeditum.
