3734 5796
386 526 449 588 280
768 523 966 604 Ann01438.
990 561 1034 570 -
1056 540 1108 604 24.
1124 527 1276 602 junuarii.

385 759 493 802 coram
518 740 623 819 nobis,
661 753 696 802 ut
719 739 767 801 vir
799 739 936 802 condam
967 739 1121 822 providus
1149 739 1299 822 magister
1330 739 1475 800 Thomas
1505 739 1643 800 literatus

387 846 472 908 filius
496 847 569 928 lsipi
593 847 671 907 alias
695 847 838 908 notarius
861 860 892 908 et
915 845 1057 908 concivis
1085 859 1203 925 noster,
1234 860 1300 907 tam
1324 865 1419 906 sanus
1443 845 1475 906 in
1499 845 1557 906 hac
1579 846 1642 906 vita

388 953 558 1036 temporali
593 972 666 1015 cum
701 953 847 1035 pluribus
882 951 1052 1034 fidedignis
1087 952 1163 1014 viris
1197 952 1479 1014 conversacionem
1514 952 1643 1031 habens,

385 1080 485 1143 quam
510 1060 611 1122 eciam
636 1061 668 1120 in
693 1059 827 1122 articulo
851 1079 906 1122 sue
939 1059 1050 1122 mortis
1072 1079 1129 1120 seu
1152 1059 1186 1121 in
1211 1058 1359 1121 extremis
1389 1058 1454 1121 vite
1478 1078 1534 1120 sue
1558 1058 1647 1120 labo-

385 1188 468 1246 rans,
500 1167 665 1228 universas
697 1166 930 1248 possessiones,
962 1185 1012 1227 res
1041 1178 1072 1226 et
1101 1165 1186 1226 bona
1218 1184 1275 1226 sua
1305 1164 1450 1246 quelibet
1478 1165 1650 1228 inmobiles

386 1273 538 1338 videlicet
566 1287 598 1335 et
627 1273 762 1334 mobilia
790 1272 823 1334 in
855 1271 940 1334 dicta
971 1271 1098 1334 civitate
1130 1272 1253 1334 eteius
1284 1271 1446 1334 territorio
1471 1270 1595 1333 habitas
1617 1285 1650 1333 et

386 1380 569 1458 existenda,
594 1378 738 1462 predicto
769 1377 936 1440 Anthonio
968 1376 1107 1440 carnifici
1139 1391 1306 1460 tamquam
1338 1375 1427 1438 affini
1459 1391 1490 1439 et
1514 1397 1651 1440 consan-

385 1485 505 1568 guineo
529 1505 588 1547 suo
618 1484 736 1566 legavit
768 1498 799 1547 et
829 1484 952 1546 dimisit
974 1483 1043 1566 jure
1073 1483 1262 1567 perhennali
1293 1483 1486 1566 possidenda
1515 1497 1547 1546 et
1570 1503 1652 1565 quo-

387 1593 628 1674 modocumque
651 1591 791 1653 voluerit
814 1590 1026 1673 disponenda,
1051 1589 1192 1672 ideoque
1219 1609 1279 1651 nos
1303 1589 1463 1672 predictas
1486 1589 1655 1650 universas

386 1699 605 1782 possessiones
628 1711 659 1760 et
682 1717 732 1759 res
756 1717 792 1758 ac
808 1698 893 1759 bona
917 1696 1063 1778 quelibet
1085 1696 1186 1778 ipsius
1202 1695 1344 1776 magistri
1369 1693 1499 1756 'l'home
1524 1693 1595 1757 lsan
1621 1696 1656 1757 in

387 1805 472 1867 dicta
496 1805 624 1867 civitate
649 1817 680 1866 et
703 1803 773 1866 eius
796 1801 957 1866 territorio
989 1802 1113 1864 habitas
1145 1815 1175 1864 et
1199 1801 1372 1863 existancia
1403 1820 1476 1863 cum
1501 1802 1659 1864 omnibus

385 1911 451 1974 suis
475 1911 666 1972 utilitatibus
690 1921 721 1971 et
745 1909 951 1990 pertinenciis
985 1909 1141 1969 universis
1169 1906 1294 1990 prefato
1318 1907 1485 1968 Anthonio
1511 1906 1658 1970 carnifici

385 2039 423 2080 ex
447 2015 617 2080 sufficienti
644 2016 745 2098 ipsius
768 2015 1040 2096 comprobacione
1065 2035 1101 2076 ac
1125 2033 1182 2098 per
1207 2033 1281 2076 eum
1305 2015 1370 2076 suis
1393 2013 1569 2076 heredibus
1595 2028 1660 2076 sta-

385 2124 506 2186 tuimus
529 2136 561 2186 et
584 2122 805 2184 commisimus
828 2141 865 2182 ex
897 2121 1059 2202 premissis
1090 2133 1249 2204 perpetuo
1281 2120 1491 2203 possidendas
1516 2135 1548 2182 et
1573 2141 1660 2203 quo·

387 2231 628 2311 modocumque
652 2228 790 2290 voluerit
814 2227 1033 2309 disponendas
1055 2227 1141 2309 juxta
1169 2227 1394 2290 condicionem
1419 2227 1560 2290 civitatis
1586 2248 1660 2310 pre-

385 2350 492 2398 notate
517 2338 557 2398 ab
581 2335 715 2416 antiquo
740 2335 959 2416 approbatam.
