3740 5810
613 549 811 626 Ann01419.
839 583 877 592 -
903 561 952 625 27.
969 548 1123 624 junuarii.
1466 548 1501 611 61

243 775 350 822 nostra
376 773 459 824 terra
476 760 704 837 condicionali,
722 757 809 841 (que)
833 759 968 842 predicti
985 759 1116 844 Mathey
1132 760 1190 822 viri
1216 761 1263 822 sui
1281 758 1459 842 prefuisset,
1477 773 1508 822 et

244 869 313 950 ipso
338 883 467 932 mortuo
491 869 531 930 ad
556 869 658 951 ipsam
683 867 722 928 de
746 866 813 948 jure
850 867 1001 930 devoluta
1026 867 1205 944 baberetur,
1230 867 1304 928 ideo
1336 867 1437 950 ipsam
1461 868 1507 929 vi·

244 993 337 1036 neam
362 975 460 1038 simul
484 993 557 1036 cum
582 973 722 1056 virgulto
747 973 853 1035 eidem
879 975 1039 1056 pertinere
1058 994 1095 1036 ex
1112 975 1314 1054 condicione,
1338 976 1508 1038 statuimus

245 1080 351 1142 eidem
375 1080 614 1163 possidendam.

348 1187 427 1250 ltem
452 1186 615 1248 Johannes
646 1206 780 1270 arcupar
805 1201 836 1248 et
861 1187 997 1248 Michael
1021 1187 1212 1266 sacerdotes,
1237 1185 1269 1268 (ll
1295 1187 1507 1248 commissarii

245 1292 384 1354 condam
409 1293 564 1355 Demetrii
587 1293 681 1374 jurati
706 1293 738 1354 id
756 1313 863 1354 coram
881 1293 975 1354 nobis
998 1295 1259 1376 comprobarunt,
1278 1293 1366 1376 quod
1388 1291 1508 1355 fundus

245 1397 344 1480 ipsius
368 1399 506 1461 condam
539 1399 695 1460 Demetrii
726 1411 791 1460 tam
828 1399 867 1460 ab
901 1379 971 1480 ipso
996 1399 1160 1462 Demetrio
1193 1413 1223 1460 et
1247 1399 1347 1460 eciam
1374 1399 1507 1461 domina

246 1504 363 1566 Demea
389 1505 561 1567 devolutus
584 1503 766 1584 baberetur,
796 1505 869 1568 ideo
901 1503 1041 1567 eundem
1064 1503 1201 1568 fundum
1232 1505 1325 1567 dictis
1359 1506 1507 1567 commis-

247 1610 338 1672 sariis
361 1611 501 1673 vendere
525 1611 756 1674 commisimus.

348 1717 426 1780 Item
444 1717 574 1800 Mathey
590 1716 675 1779 filius
692 1717 794 1797 Pauli,
812 1731 919 1780 noster
942 1718 1093 1797 concivis,
1111 1719 1350 1780 commissarius
1367 1718 1505 1780 condam

246 1823 333 1886 Luce
357 1823 501 1886 Barberii
526 1843 633 1885 coram
658 1823 752 1886 nobis
776 1823 809 1884 id
833 1825 1065 1906 comprobavit,
1083 1823 1170 1906 quod
1197 1825 1274 1886 dum
1300 1824 1386 1886 idem
1405 1825 1509 1886 Lucas

245 1927 277 1989 in
310 1927 461 1990 humanis
489 1929 675 2010 laborasset,
706 1943 781 1992 tunc
813 1927 950 1992 fundum
981 1949 1074 1992 suum
1103 1930 1135 1992 in
1167 1930 1239 1992 vico
1270 1929 1509 2012 lucifigulorum

247 2035 448 2116 Margarethe
473 2033 538 2098 filie
562 2037 673 2098 Jacobi
697 2035 878 2099 dimisisset.

350 2141 508 2204 Martinus
531 2155 633 2206 sartor
656 2155 766 2205 contra
790 2143 962 2206 Nicolaum
986 2143 1089 2206 filium
1114 2143 1241 2204 Andree
1266 2143 1371 2224 primo
1395 2142 1509 2205 citatus

245 2267 309 2310 non
334 2249 526 2332 comparuit.

350 2355 430 2418 ltem
455 2355 566 2417 Petrus
592 2355 771 2418 Petriarcha
796 2371 906 2418 contro
929 2357 1104 2418 Martinum
1128 2355 1240 2418 Verter
1264 2355 1369 2438 primo
1394 2357 1509 2418 citatus

245 2480 309 2522 non
334 2462 525 2544 comparuit.

352 2568 430 2629 ltem
456 2567 616 2650 Georgius
637 2567 721 2630 filius
738 2568 882 2630 Francha
904 2587 976 2630 cum
994 2567 1158 2650 fidedigno
1179 2569 1364 2630 testimonio
1386 2582 1509 2631 nostro-

246 2693 315 2734 rum
341 2674 523 2736 concivium
549 2675 581 2736 id
607 2675 838 2756 comprobavit,
863 2675 950 2757 quod
976 2675 1109 2756 quidem
1133 2673 1251 2736 fundus
1276 2675 1357 2736 inter
1383 2674 1509 2753 fundos,

248 2781 472 2862 comprobavit
496 2799 604 2842 coram
629 2781 723 2842 nobis
740 2801 876 2842 unacum
902 2781 1017 2842 Vrsula
1035 2779 1168 2863 (sorore)
1192 2800 1247 2842 sua
1266 2800 1343 2863 pure
1368 2781 1408 2842 ad
1425 2781 1511 2862 ipsos

250 2886 428 2968 Georgium
454 2885 556 2948 filium
588 2900 619 2948 et
649 2887 799 2949 Vrsulam
833 2887 931 2948 filiam
965 2887 1062 2969 ipsius
1094 2887 1230 2950 condam
1256 2885 1399 2948 Francha
1430 2885 1510 2948 labri

250 2994 421 3055 devolutus
451 2992 639 3072 haberetur,
671 3006 702 3054 et
731 2993 797 3076 ipsa
829 2993 1024 3076 probacione
1053 2993 1157 3076 ipsum
1192 2993 1328 3055 fundum
1362 2993 1511 3054 videlicet

247 3099 382 3162 domum
407 3112 437 3161 et
468 3097 633 3181 (h)ortum,
668 3098 808 3160 mediam
840 3099 961 3160 curiam
994 3099 1027 3160 in
1051 3119 1083 3160 se
1116 3099 1345 3177 continentem,
1370 3099 1510 3161 eundem

246 3204 383 3268 fundum
409 3205 528 3267 eisdem
555 3203 697 3286 Georgio
721 3217 752 3266 et
774 3205 888 3266 Vrsule
911 3203 1133 3267 commisimus
1156 3205 1401 3287 possidendum.

352 3311 431 3373 ltem
456 3310 549 3392 iurati
582 3311 805 3392 adjudicarunt
837 3330 964 3372 causam
997 3311 1078 3372 inter
1109 3311 1278 3373 mulierem
1304 3311 1436 3372 Luciam
1463 3329 1509 3371 re·

247 3417 355 3480 lictam
381 3417 518 3479 condam
543 3417 699 3478 Anthonii
725 3417 872 3479 actricem
896 3431 927 3478 et
950 3419 1082 3478 alteram
1101 3418 1231 3478 Luciam
1257 3417 1400 3478 relictam
1418 3416 1509 3478 Pauli

248 3523 369 3586 Zudicb
402 3524 530 3586 racione
566 3523 781 3606 quorumdam
814 3525 1079 3586 vestimentorum
1103 3525 1185 3586 inter
1214 3524 1343 3586 easdem
1375 3537 1508 3602 motam,

248 3644 282 3692 ut
305 3631 373 3714 ipsa
398 3631 497 3692 Lucia
521 3631 620 3692 actrix
643 3649 738 3712 super
762 3649 800 3692 eo
826 3629 1039 3709 juramentum
1063 3631 1223 3692 tenebitur
1248 3643 1398 3711 prestare,
1423 3629 1510 3711 quod

247 3737 345 3799 altera
371 3737 469 3798 Lucia
495 3736 525 3797 in
551 3755 680 3798 causam
704 3749 833 3798 attracta
859 3736 891 3797 in
912 3737 1014 3798 tribus
1030 3735 1160 3798 florenis
1184 3737 1253 3797 auri
1271 3735 1401 3818 dampni
1428 3735 1511 3796 intu-

248 3843 344 3922 lisset,
370 3857 401 3904 et
425 3843 494 3924 ipso
519 3841 699 3923 juramento
723 3841 835 3903 feriam
859 3843 990 3903 terciam
1015 3861 1100 3904 nunc
1125 3841 1305 3904 affuturam.

355 3949 433 4010 ltem
456 3967 587 4010 consors
615 3947 763 4030 Gregorii
788 3948 931 4010 Darberii
960 3946 1037 4010 feria
1066 3949 1163 4010 tercia
1188 3949 1332 4030 proxima
1349 3947 1511 4008 tenebitur

250 4069 388 4137 prestare
414 4053 627 4136 juramentum
652 4073 748 4137 super
771 4073 822 4134 eo,
850 4054 936 4135 quod
971 4054 1037 4136 ipsa
1062 4074 1126 4116 non
1152 4054 1254 4132 scivit,
1286 4054 1374 4135 quod
1399 4073 1511 4115 manu-

248 4161 347 4243 tergia
372 4181 389 4222 a
416 4160 538 4222 Mariua
563 4161 671 4222 relicta
703 4160 829 4222 Nicolai
863 4159 965 4222 Strich
1003 4174 1196 4242 comparata,
1229 4161 1328 4222 Elene
1353 4160 1511 4222 consortis

249 4266 317 4328 lsan
343 4279 374 4328 et
398 4266 554 4329 consortis
579 4265 664 4328 Galli
695 4286 731 4328 ac
755 4265 911 4328 consortis
943 4266 1057 4328 Briccii
1082 4266 1175 4348 jurati
1200 4264 1344 4345 luissent,
1369 4279 1400 4326 et
1423 4265 1511 4346 quod

248 4392 305 4455 pro
330 4373 456 4434 duabus
479 4373 585 4454 pensis
609 4387 831 4455 comparasset.

354 4479 433 4541 Item
466 4477 559 4560 jurati
595 4478 830 4560 adjudicarunt,
866 4479 952 4560 quod
990 4479 1064 4560 quia
1101 4479 1220 4540 Paulus
1256 4476 1375 4560 Gyrich
1408 4478 1512 4540 dictus

249 4599 357 4648 contra
382 4584 545 4646 Andream
570 4585 695 4666 pridem
720 4583 859 4666 judicem
884 4585 1049 4666 legittimis
1075 4584 1219 4646 terminis
1243 4585 1418 4645 observatis
1442 4583 1512 4666 plu-

250 4694 309 4754 ries
333 4693 448 4754 citatus
472 4710 537 4752 non
563 4691 744 4773 comparuit
768 4691 800 4751 in
825 4690 935 4773 aliquo
952 4691 1164 4753 terminorum
1189 4689 1346 4771 legittime
1371 4690 1511 4770 assigna-

249 4813 366 4875 torum,
387 4797 466 4876 ideo
498 4812 608 4859 contra
641 4797 746 4879 ipsum
778 4796 941 4857 Andream
977 4796 1115 4876 judicem
1152 4797 1183 4858 in
1214 4795 1324 4857 decem
1352 4797 1458 4878 pensis
1482 4809 1513 4858 et

250 4919 357 4966 contra
383 4903 523 4983 judicem
547 4918 578 4965 et
601 4903 721 4984 juratos
745 4903 905 4985 predictos
930 4903 962 4963 in
988 4903 1099 4964 decem
1117 4903 1231 4964 marcis
1256 4915 1287 4963 et
1310 4915 1437 4964 centum
1457 4903 1511 4964 de·

251 5011 345 5072 uariis
367 5010 467 5093 judici
491 5009 655 5072 convictus
679 5009 822 5072 hebetur.

775 5129 985 5148 W·-
