3734 5796
567 578 769 660 Ann01438.
796 617 836 628 -
861 595 890 659 7.
915 585 1084 646 novembris.
1398 606 1459 668 293

192 792 331 854 eundem
369 792 539 854 Nicolaum
574 793 712 874 juratum
745 794 945 857 reddidimus
979 797 1164 878 expeditum
1196 799 1235 860 ab
1261 798 1456 882 inpeticione

191 899 291 980 ipsius
314 899 422 960 uxoris
445 899 522 960 dicti
547 900 677 962 Thome
701 901 792 962 Zima
817 922 853 962 ex
879 901 1122 983 adjudicacione
1147 903 1335 986 juratorum.

297 1005 376 1066 Item
411 1005 505 1086 jurati
541 1005 818 1088 adjudicaverunt,
849 1022 884 1069 ut
917 1023 1215 1092 quantumcumque
1249 1011 1458 1073 Sebastianus

191 1110 345 1172 Zoldmar
367 1113 512 1195 percepit
527 1111 567 1175 de
592 1129 698 1175 musto
723 1114 877 1176 debitoris
901 1115 949 1176 sui
972 1116 1137 1178 Benedicti
1163 1117 1277 1178 Hwala
1302 1117 1341 1178 de
1364 1119 1459 1180 vinea

191 1235 247 1277 sua
271 1236 330 1298 pro
361 1217 470 1280 debito
501 1238 572 1299 suo,
603 1220 635 1281 id
659 1219 700 1281 ad
732 1221 895 1282 racionem
924 1223 1071 1284 omnium
1103 1221 1328 1285 fideiussorum
1359 1223 1459 1305 ipsius

191 1323 357 1385 Benedicti
383 1325 414 1386 in
448 1325 588 1406 quadam
621 1326 711 1388 litera
745 1327 937 1407 obligatoria
969 1329 1161 1391 nominatim
1193 1343 1458 1411 expressatorum‚

190 1429 341 1511 percepit,
367 1443 398 1492 et
421 1431 550 1492 racione
574 1429 656 1494 facta
679 1432 718 1493 de
743 1447 893 1515 percepto
918 1448 1035 1513 musto,
1064 1435 1228 1497 residuum
1253 1435 1352 1498 iidem
1377 1434 1457 1498 fide-

190 1535 327 1596 iussores
351 1535 410 1618 ipsi
436 1537 624 1599 Sebastiano
648 1539 831 1621 persolvere
855 1542 1049 1602 tenebuntur
1074 1543 1182 1622 quoad
1206 1542 1349 1624 plenum.

214 1769 311 1844 Faria
339 1781 438 1846 serta
468 1777 623 1864 proxima
661 1784 738 1865 post
774 1778 898 1849 festum
927 1779 1014 1850 beati
1045 1778 1205 1851 leonardi
1235 1779 1368 1850 abbatis
1397 1787 1431 1851 et

713 1901 926 1973 confessoris.

692 2071 733 2150 (7.
765 2073 946 2140 novembris).

296 2227 374 2290 ltem
399 2230 547 2292 Vrbanus
572 2231 692 2312 juratus
723 2229 808 2293 lilius
840 2230 969 2314 Mathye
994 2232 1118 2314 Zupani
1151 2245 1260 2294 contra
1287 2232 1453 2294 dominam

191 2333 398 2396 Katherinam
424 2356 555 2398 uxorem
591 2336 720 2420 Mathye
744 2337 863 2398 Farkas
894 2338 999 2420 primo
1032 2337 1145 2400 citatus
1174 2357 1239 2398 non
1264 2337 1453 2419 comparuit.

297 2441 376 2504 ltem
400 2462 528 2506 causam
551 2463 649 2524 quam
674 2444 824 2505 dominus
856 2445 994 2505 lacobus
1026 2443 1065 2506 de
1090 2443 1246 2505 Zerdahel
1282 2444 1455 2506 canonicus

188 2548 322 2609 ecclesie
338 2549 553 2630 zagrabiensis
570 2563 678 2611 contra
694 2549 802 2610 Vitum
824 2549 926 2610 filium
944 2549 1099 2612 Demetrii
1126 2548 1274 2612 Ladisich
1297 2569 1452 2631 generum

187 2654 325 2715 condam
350 2654 473 2716 domini
505 2655 629 2717 Nowalr
661 2656 789 2737 plebani
822 2655 861 2717 de
891 2655 1049 2734 Klolroch,
1085 2669 1116 2717 et
1147 2669 1256 2716 contra
1282 2655 1448 2715 dominam

187 2761 347 2842 Agatham
373 2781 505 2823 uxorem
539 2763 682 2844 magistri
713 2762 832 2823 Vrbani
864 2762 1021 2824 scolastici
1051 2761 1160 2840 nostri,
1192 2759 1321 2821 affinem
1354 2760 1453 2842 ipsius

188 2867 313 2928 domini
339 2867 473 2946 Nomai,
498 2867 529 2928 in
556 2866 640 2930 lacto
664 2868 890 2950 produccionis
918 2868 1046 2930 testium
1071 2881 1103 2930 et
1126 2867 1244 2950 jurium
1269 2866 1452 2944 meliorum,

188 2992 270 3054 quos
295 2993 438 3054 seuque
463 2974 614 3035 meliores
638 2994 694 3034 seu
719 2974 853 3035 meliora
871 2973 988 3035 habere
1012 2974 1152 3056 potuerit
1169 2973 1200 3033 in
1226 2991 1319 3034 causa
1337 2971 1453 3032 domus

187 3093 311 3140 murare
338 3093 368 3140 et
393 3079 484 3140 lundi
509 3079 621 3161 prelati
653 3080 776 3140 domini
801 3081 925 3140 Nowak
957 3081 989 3140 in
1019 3079 1145 3140 civitate
1178 3078 1320 3160 predicta
1343 3078 1452 3140 habite

184 3199 215 3247 et
238 3186 411 3266 existentis,
435 3205 543 3248 coram
568 3187 661 3248 nobis
685 3206 815 3248 movere
840 3199 871 3247 et
894 3185 996 3248 lacere
1019 3206 1054 3248 ac
1078 3186 1165 3268 ipsos
1189 3185 1366 3268 producere
1392 3185 1447 3246 de·

185 3293 292 3370 bebat,
330 3293 368 3354 de
394 3293 536 3374 parcium
570 3293 716 3354 omniurn
750 3293 914 3354 voluntate
946 3305 1028 3353 statu
1065 3292 1096 3352 in
1128 3291 1243 3352 eodem
1268 3305 1299 3352 et
1330 3293 1451 3372 absque

186 3399 369 3460 variacione
394 3420 431 3460 ac
447 3399 587 3481 birsagio
604 3399 735 3480 aliquali
762 3399 801 3460 ad
826 3399 962 3483 primam
981 3396 1090 3460 feriam
1109 3411 1228 3460 sextam
1247 3411 1318 3479 post
1335 3395 1450 3458 festum

186 3505 269 3566 beati
295 3504 424 3567 Andree
442 3506 578 3588 apostoli
594 3525 678 3567 nunc
695 3505 839 3587 proxime
858 3518 1025 3566 venturam
1043 3504 1193 3565 duximus
1209 3502 1448 3585 prorogandam

183 3610 238 3672 tali
257 3610 367 3689 modo,
380 3625 417 3672 ut
430 3612 496 3693 ipse
513 3612 664 3674 dominus
677 3613 815 3674 lacobus
831 3612 1003 3673 canonicus
1018 3611 1238 3673 testimonium
1252 3629 1285 3670 se
1301 3609 1370 3692 jura
1387 3629 1450 3691 que

185 3717 319 3777 meliora
354 3716 500 3779 babuerit
524 3718 556 3778 in
589 3716 673 3779 facto
709 3717 791 3779 dicte
824 3719 940 3779 domus
972 3717 1070 3800 ipsius
1098 3717 1221 3779 domini
1254 3717 1378 3778 Nowalr
1409 3714 1449 3776 ad

186 3823 322 3884 eandem
349 3821 460 3884 feriam
484 3839 604 3886 sextam
630 3843 738 3886 coram
763 3825 856 3886 nobis
879 3823 1057 3906 producere
1080 3825 1138 3884 sub
1167 3842 1248 3904 pena
1274 3836 1304 3883 et
1326 3821 1449 3902 obliga·

185 3929 273 3990 mine
298 3929 480 3991 amissionis
505 3931 604 4012 ipsius
627 3951 731 4010 cause,
756 3930 881 4012 ipsique
913 3929 1045 3991 domina
1070 3929 1195 4010 Agatha
1220 3942 1250 3989 et
1273 3928 1365 3989 Vitus
1389 3928 1447 3989 sub

185 4035 298 4096 eadem
324 4055 405 4117 pena
430 4050 461 4097 et
481 4037 678 4118 obligamine
696 4049 812 4098 eotunc
830 4055 1014 4118 comparere
1040 4036 1203 4097 debebunt
1227 4035 1296 4116 ipso
1314 4033 1447 4094 domino

184 4141 305 4202 Jacobo
329 4143 475 4204 similiter
499 4162 684 4224 comparere
709 4143 856 4204 debente.

290 4263 366 4326 ltem
394 4265 576 4328 anthonius
600 4265 685 4327 lilius
717 4265 836 4328 Cosme
866 4265 1000 4346 aucupis
1032 4277 1142 4325 contra
1175 4263 1345 4325 Nicolaum
1377 4261 1446 4323 lite·

183 4384 285 4432 ratum
310 4372 415 4454 primo
440 4372 553 4433 citatus
577 4391 642 4433 non
667 4372 856 4454 comparuit.

288 4495 365 4556 ltem
397 4495 545 4557 Vrbanus
575 4516 675 4576 gener
710 4495 852 4576 magistri
886 4495 1038 4577 Stephani
1072 4495 1217 4556 Pundich
1250 4509 1359 4557 contra
1393 4497 1446 4558 Jo-

184 4599 323 4661 hannem
348 4600 487 4682 judicem
512 4602 617 4684 primo
642 4603 755 4664 citatus
779 4622 844 4664 non
869 4602 1059 4683 comparuit.

289 4705 368 4768 Item
393 4707 539 4790 Mathyas
564 4707 682 4769 Farkas
705 4722 814 4769 contra
832 4708 974 4769 Blasium
999 4707 1137 4788 juratum
1155 4706 1255 4769 filium
1282 4707 1373 4769 Pauli
1397 4728 1445 4769 se·

183 4813 289 4874 cundo
313 4813 426 4874 citatus
449 4833 515 4874 non
541 4815 730 4895 comparuit.

289 4935 352 4997 lem
379 4936 489 4997 Petrus
513 4936 634 5018 Pogled
659 4951 748 4998 sutor
772 4948 880 4999 contra
900 4937 1113 5000 Laurencium
1138 4951 1277 4999 sutorem
1303 4936 1444 5000 secundo

183 5042 296 5106 citatus
320 5061 385 5104 non
410 5043 600 5127 comparuit.
