3734 5796
562 527 762 604 Ann01439.
789 560 829 571 —-
848 541 904 605 30.
929 527 1060 589 octobris.

192 737 291 819 ipsius
316 737 417 815 Banlr,
442 756 527 799 nunc
552 756 684 800 consors
708 737 863 820 legittima
889 739 1027 801 Emerici
1052 738 1110 801 filii
1125 738 1283 802 Anthonii
1307 739 1348 802 de
1372 741 1456 804 Mar·

191 863 335 905 cusewcz
361 845 394 906 in
426 863 482 904 sua
515 844 741 906 tantummodo
774 863 926 926 persona;
957 846 1034 908 item
1066 845 1166 908 eciam
1201 845 1347 930 Mathyas
1370 845 1456 923 filius

192 948 289 1010 Blasii
315 948 371 1011 lilii
396 949 530 1031 predicti
556 949 646 1011 Bank
678 949 711 1012 in
741 970 798 1012 sua
822 951 968 1013 similiter
1002 964 1033 1012 et
1055 950 1219 1014 Valentini
1243 971 1279 1013 ac
1305 950 1453 1038 Gregorii

191 1053 332 1116 filiorum
357 1055 471 1138 prelati
505 1055 602 1118 Blasii
634 1055 692 1118 filii
724 1057 823 1139 ipsius
847 1057 937 1118 Bank
967 1057 1123 1139 personis,
1148 1077 1205 1119 nec
1239 1076 1304 1120 non
1329 1057 1361 1119 in
1386 1078 1456 1140 per·

191 1163 278 1224 sonis
301 1162 508 1225 honestarum
533 1161 706 1225 mulierum
730 1163 874 1244 Agnetis,
893 1162 1016 1244 Agathe
1042 1176 1073 1226 et
1097 1163 1198 1225 Blene
1222 1162 1360 1226 filiarum
1384 1183 1454 1246 pre-

192 1267 247 1330 lati
284 1269 380 1330 Blasii
417 1267 474 1330 filii
509 1269 643 1351 predicti
675 1269 783 1346 Bank;
824 1270 900 1332 item
932 1269 1142 1332 consimiliter
1172 1270 1306 1352 provida
1338 1271 1454 1334 mulier

194 1375 319 1456 Agatha
343 1375 453 1438 relicta
478 1391 509 1436 et
532 1375 686 1437 Nicolaus
709 1373 794 1436 filius
814 1375 952 1438 condam
978 1374 1109 1458 Georgii
1135 1375 1191 1437 filii
1216 1374 1330 1458 prefati
1354 1377 1455 1456 Banlc,

196 1501 231 1543 ac
256 1481 389 1544 honeste
416 1481 523 1563 puelle
547 1480 725 1564 Elyzabeth
757 1501 821 1543 una
853 1495 885 1543 et
916 1481 1014 1543 altera
1047 1481 1223 1564 Elyzabeth
1256 1481 1320 1543 filie
1343 1481 1458 1565 prelati

196 1586 330 1668 Georgii
354 1586 411 1648 filii
443 1587 543 1670 ipsius
566 1587 658 1650 Banlr
691 1587 723 1648 in
755 1588 899 1669 ipsorum
929 1587 1156 1650 tantummodo
1188 1588 1343 1669 personis,
1369 1588 1402 1648 id
1426 1589 1458 1650 in

194 1693 269 1755 sede
293 1709 401 1755 nostra
425 1693 591 1774 judiciaria
615 1713 722 1755 coram
754 1693 848 1755 nobis
879 1693 963 1756 clare
994 1696 1257 1776 comprobarunt,
1289 1695 1456 1776 quomodo

195 1799 328 1880 quidam
354 1797 473 1861 fundus
495 1799 592 1862 simul
609 1819 682 1862 cum
710 1799 906 1862 stacionibus
930 1812 960 1862 et
976 1799 1128 1862 domibus
1151 1800 1284 1863 muratis
1307 1820 1366 1863 nec
1390 1821 1455 1864 non

193 1903 363 1984 hedificiis,
386 1905 522 1988 aliisque
547 1907 669 1968 cunctis
693 1907 758 1969 suis
792 1906 983 1968 utilitatibus
1007 1920 1038 1968 et
1069 1907 1274 1988 pertinenciis
1298 1907 1455 1970 universis

192 2011 224 2072 in
248 2011 377 2074 civitate
401 2012 544 2094 predicta
570 2012 651 2074 inter
675 2013 790 2074 domos
811 2025 951 2075 muratas
975 2025 1006 2074 et
1022 2011 1140 2074 fundos
1164 2033 1200 2075 ac
1224 2013 1372 2076 hedificia
1397 2015 1456 2076 viri

191 2117 319 2199 providi
345 2117 460 2180 Briccii
485 2117 609 2200 judicis,
626 2117 751 2200 pridem
768 2117 893 2199 judicis,
911 2117 968 2179 filii
986 2118 1151 2180 Benedicti
1176 2121 1216 2180 ab
1234 2139 1297 2182 una
1321 2135 1352 2182 et
1367 2134 1456 2203 parte

192 2225 232 2285 ab
267 2223 365 2286 altera
397 2224 574 2286 liberorum
606 2224 744 2286 condam
775 2224 899 2286 Nicolai
932 2224 1008 2286 dicti
1040 2224 1150 2287 Thoth
1183 2225 1223 2287 de
1248 2227 1458 2288 Zomzedwar

193 2329 324 2391 habitus
349 2343 380 2392 et
404 2329 553 2408 existens,
577 2344 640 2392 tres
664 2343 792 2412 quartas
816 2330 903 2392 curie
927 2331 967 2392 ad
984 2350 1078 2392 usum
1102 2331 1186 2393 dicte
1210 2332 1346 2394 civitatis
1369 2333 1402 2394 in
1424 2352 1457 2394 se

191 2437 372 2517 continens,
396 2457 452 2520 per
473 2437 633 2519 predictos
657 2437 848 2516 Barnabam,
880 2437 1035 2516 Blasium,
1065 2439 1275 2500 Benedictutn
1300 2451 1332 2503 et
1355 2439 1457 2503 Geor·

189 2543 281 2624 glum
305 2542 389 2606 filios
412 2543 547 2626 predicti
574 2545 662 2605 Banlc
687 2565 704 2605 a
727 2544 796 2605 viro
827 2543 965 2606 condam
996 2544 1132 2627 provido
1157 2545 1286 2608 Matheo
1311 2546 1457 2609 institore

191 2649 281 2732 olym
307 2650 438 2712 concive
463 2664 573 2713 nostro
602 2649 669 2712 filio
693 2651 819 2712 Nicolai
850 2670 909 2733 pro
935 2651 1110 2713 LXXXXll
1143 2651 1212 2715 flor.
1237 2653 1306 2715 auri
1331 2665 1458 2737 emptus

190 2753 303 2817 luisset
326 2769 357 2818 et
381 2771 594 2840 comparatus,
619 2769 650 2818 et
673 2770 745 2839 post
769 2772 906 2820 mortem
929 2758 1147 2840 predictorum
1165 2759 1321 2840 Barnabe,
1346 2760 1455 2841 Blasii,

192 2863 360 2925 Benedicti
385 2877 416 2926 et
442 2862 574 2944 Georgii
599 2862 739 2926 liliorum
766 2863 864 2946 ipsius
888 2864 989 2943 Bank,
1020 2884 1114 2946 super
1138 2865 1299 2947 predictos
1323 2865 1457 2929 heredes

190 2983 220 3032 et
243 2982 388 3052 posteros
412 2969 554 3052 ipsorum
579 2970 675 3030 trium
694 2968 827 3031 fratrum
851 2970 919 3051 jure
937 2969 1130 3032 hereditario
1148 2971 1234 3052 juxta
1259 2970 1359 3053 ipsius
1375 2972 1452 3034 civi·

188 3076 262 3136 tatis
293 3075 457 3157 antiquam
492 3076 756 3138 consvetudinem
789 3089 819 3136 et
853 3075 1087 3158 privilegiatam
1121 3076 1300 3139 libertatem
1333 3077 1391 3139 rite
1425 3091 1456 3140 et

190 3182 348 3264 legittime
383 3181 553 3244 devolutus
585 3181 687 3244 extitit
710 3195 741 3244 et
774 3181 986 3259 redundatus;
1012 3195 1043 3244 et
1074 3183 1148 3264 quia
1177 3184 1237 3264 ipsi
1261 3183 1393 3245 heredes
1424 3198 1456 3246 et

190 3291 311 3373 posteri
336 3289 479 3373 ipsorum
504 3289 600 3351 trium
634 3287 767 3351 fratrum
792 3289 949 3368 Barnabe,
981 3289 1078 3351 Blasii
1103 3302 1134 3350 et
1158 3288 1292 3371 Georgii
1315 3289 1456 3352 filiorum

190 3395 267 3457 dicti
294 3394 427 3477 Georgii
459 3394 549 3458 Bank
575 3415 592 3456 a
625 3407 769 3477 tempore
800 3395 907 3457 obitus
938 3395 1081 3477 ipsorum
1114 3409 1145 3456 et
1176 3415 1278 3476 usque
1306 3414 1391 3457 nunc
1423 3396 1456 3457 in

190 3501 324 3584 pacifica
350 3515 381 3564 et
406 3502 513 3584 quieta
539 3501 739 3583 possessione
771 3501 847 3562 dicti
872 3500 963 3563 fundi
988 3515 1019 3564 et
1043 3501 1183 3584 ipsarum
1216 3501 1395 3564 stacionum
1419 3521 1455 3564 ac

189 3607 364 3670 domorum
389 3627 537 3670 necnon
567 3606 790 3670 hedificiorum
819 3608 916 3669 trium
949 3621 1135 3689 quartarum
1167 3608 1264 3687 curie,
1287 3621 1454 3690 tamquam

189 3715 257 3776 veri
282 3727 314 3776 et
337 3713 488 3794 legittimi
512 3713 646 3776 heredes
662 3715 803 3796 ipsorum
828 3714 925 3776 trium
943 3711 1074 3776 fratrum
1100 3713 1170 3775 aliis
1187 3713 1358 3775 heredibus
1381 3713 1453 3796 plu·

189 3821 278 3883 ribus
304 3820 491 3884 eorumdem
521 3821 649 3903 penitus
666 3819 898 3898 deficientibus,
922 3835 1166 3903 permanserunt
1197 3821 1304 3903 quiete
1329 3833 1360 3882 et
1385 3841 1454 3904 per·

188 3939 322 3990 manent
353 3927 454 3989 eciam
488 3927 527 3988 de
559 3927 698 4009 presenti
729 3927 858 3988 nemine
902 3927 1029 4008 penitus
1061 3927 1143 3988 trina
1175 3925 1293 3988 lorensi
1326 3927 1455 4009 publica

187 4033 447 4116 proclamacione
472 4034 643 4115 superinde
669 4053 758 4094 more
783 4034 861 4096 alias
884 4033 979 4094 solito
1003 4032 1086 4095 lacta
1110 4033 1359 4113 contradicente,
1395 4051 1454 4094 nec

188 4139 301 4220 aliquo
315 4140 548 4201 contradictore
563 4139 689 4222 penitus
700 4151 882 4222 apparente,
897 4139 1036 4221 ideoque
1050 4159 1108 4200 nos
1120 4137 1301 4221 predictum
1315 4136 1453 4201 fundum

188 4246 287 4307 trium
312 4259 498 4326 quartarum
523 4246 609 4308 curie
627 4265 699 4307 cum
724 4245 854 4328 prefatis
870 4246 1066 4307 stacionibus
1090 4259 1121 4306 et
1139 4245 1290 4306 domibus
1314 4264 1454 4307 necnon

189 4351 357 4431 hedificiis,
381 4352 516 4434 aliisque
541 4353 663 4414 cunctis
687 4353 752 4414 suis
783 4352 974 4414 utilitatibus
999 4365 1029 4413 et
1057 4351 1263 4433 pertinenciis
1287 4351 1456 4431 universis,

189 4458 341 4540 predictis
365 4458 536 4520 heredibus
554 4471 585 4520 et
605 4459 739 4541 posteris
756 4459 900 4540 ipsorum
915 4459 1012 4520 trium
1031 4456 1163 4519 fratrum
1181 4457 1337 4535 Barnabe,
1355 4457 1451 4519 Blasii

189 4577 220 4626 et
245 4563 378 4646 Georgii
409 4563 496 4645 juxta
529 4565 717 4646 porcionem
743 4585 798 4626 eos
830 4564 1118 4647 proporcionaliter
1148 4577 1179 4626 et
1211 4578 1292 4626 recte
1325 4584 1454 4626 concer-

189 4684 320 4732 nentem
353 4669 439 4752 juxta
472 4685 617 4734 tenorem
650 4671 740 4733 litere
782 4685 888 4732 nostre
918 4689 1001 4732 nove
1032 4669 1241 4752 privilegialis
1277 4689 1334 4752 pro
1367 4683 1455 4754 parte

188 4777 332 4858 ipsorum
356 4777 527 4859 superinde
553 4775 697 4839 coniecte
725 4778 894 4839 statuimus
919 4797 955 4839 ex
980 4776 1142 4859 premissis
1173 4790 1329 4858 perpetuo
1353 4777 1455 4859 possi·

189 4882 332 4945 dendum
358 4897 388 4944 et
420 4884 728 4966 quomodocumque
760 4883 922 4945 voluerint
953 4883 1192 4964 disponendum
1225 4883 1310 4964 juxta
1344 4881 1455 4944 condi-

189 4990 315 5052 cionem
341 4989 477 5052 civitatis
500 5003 666 5073 prenotate
691 4992 730 5052 ab
755 4989 889 5072 antiquo
914 4991 1136 5072 approbatam.

1308 5097 1343 5138 21
