3740 5810
550 569 638 628 Anno
659 582 751 650 1423.
776 605 815 614 -
842 585 892 647 19.
915 573 1024 634 marlai.

271 781 350 842 Item
375 781 539 844 Johaunes
563 782 675 846 Prauz.

270 888 348 949 ltem
375 888 520 950 Andreas
544 889 668 970 pridem
692 888 822 970 juratus.

268 994 347 1056 Item
373 993 497 1076 Gaspar
520 993 646 1077 pridem
670 994 800 1076 juratus.
975 997 1100 1078 Lingua
1123 998 1359 1061 theutonicalis.

270 1101 349 1162 ltem
373 1099 560 1163 Anthonius
583 1100 811 1186 Herihowych.

269 1206 350 1269 Item
376 1206 538 1270 lohannes
561 1207 693 1270 Pehem.

269 1524 347 1586 Item
372 1525 557 1587 Anthonius
580 1525 709 1588 latinus.

269 1630 348 1692 ltem
374 1629 533 1712 Georgius
562 1632 686 1714 Maryn.
802 1661 811 1732 p
870 1631 995 1712 Lingua
1022 1631 1182 1695 italicalis.

269 1735 348 1798 Item
373 1737 492 1798 Paulus
516 1736 658 1820 Gyuani.
798 1735 809 1880 Ι

268 1841 347 1904 ltem
372 1841 511 1905 Michael
537 1842 680 1926 Caprini.

269 1419 348 1480 Item
374 1419 581 1482 Jacomellus.
798 1433 814 1660 l

269 2071 348 2133 ltem
375 2071 472 2133 iidem
497 2072 605 2154 Judex,
623 2073 716 2154 jurati
742 2085 772 2134 et
789 2073 963 2135 consiliarii
988 2073 1097 2136 omnia
1114 2085 1230 2134 statuta
1247 2086 1278 2135 et
1302 2074 1427 2136 decreta

162 2188 226 2237 tam
254 2177 288 2238 in
313 2178 463 2260 antiquis,
489 2198 587 2259 quam
611 2178 775 2240 modernis
793 2179 826 2240 in
851 2179 989 2262 presenti
1014 2177 1164 2240 videlicet
1189 2178 1361 2257 kathernis‚
1387 2179 1428 2240 ad

163 2303 277 2346 omnes
302 2305 413 2346 earum
438 2285 596 2348 clausulas
619 2285 850 2348 confirmarunt
873 2299 1029 2370 perpetuo
1053 2286 1200 2348 valitura.

286 2521 383 2595 Faria
412 2532 510 2595 sexta
539 2527 696 2613 proxima
724 2533 801 2614 post
827 2525 1034 2595 Dominicam
1063 2522 1296 2594 Reminiseere.

703 2679 747 2753 (5.
770 2677 891 2753 martit).

269 2815 349 2876 ltem
375 2815 468 2895 jurati
500 2816 776 2898 adjudicaverunt,
808 2817 896 2900 quod
931 2816 1062 2878 Barthol
1095 2816 1178 2878 filius
1202 2815 1287 2878 lwan
1320 2829 1427 2878 noster

164 2923 318 3002 concivis,
342 2920 420 2984 feria
444 2937 530 2985 serta
547 2924 692 3006 proxima
709 2938 781 3006 post
801 2923 917 2988 lestum
934 2923 1154 2986 concussionis
1177 2943 1312 2986 ovorum
1325 2922 1425 2986 tercio

162 3049 195 3090 se
220 3048 295 3090 cum
320 3029 444 3090 civibus
468 3030 564 3092 debet
583 3029 798 3111 juramentum
817 3044 955 3113 prestare
980 3049 1074 3112 super
1100 3049 1150 3108 eo,
1167 3029 1255 3110 quod
1281 3028 1348 3111 ipse
1364 3041 1426 3090 sta-

163 3135 276 3197 bulum
303 3136 388 3197 Petri
413 3135 665 3220 Plemenschyak
690 3151 721 3198 et
738 3137 866 3198 Martini
891 3135 948 3198 filii
966 3135 1110 3197 eiusdem
1135 3155 1198 3197 una
1225 3155 1298 3198 cum
1322 3135 1426 3196 doleis

163 3254 194 3303 et
217 3242 288 3303 aliis
312 3241 503 3305 utensilibus
527 3243 671 3305 eiusdem
696 3243 811 3305 stabuli
838 3244 971 3304 minime
1005 3243 1230 3304 combussisset
1254 3261 1313 3304 nec
1337 3261 1424 3304 corn·

164 3348 249 3410 burri
275 3347 412 3428 lecisset,
436 3349 492 3411 sed
515 3350 547 3411 in
573 3349 727 3432 premissa
751 3350 880 3412 accione
897 3349 1032 3410 omnino
1049 3349 1204 3410 innocens
1228 3360 1320 3410 esset.

349 3565 445 3640 aeria
469 3577 568 3641 sexta
596 3572 750 3659 proxima
777 3579 856 3641 ante
884 3570 1084 3641 dominicam
1112 3567 1243 3659 Judica.

694 3735 761 3818 (19.
784 3737 909 3820 martit).

270 3897 349 3959 ltem
381 3897 527 3960 Thomas
557 3911 646 3960 sutor
682 3897 822 3960 Bodesin
854 3911 965 3960 contra
998 3897 1144 3978 Dragech
1174 3898 1279 3980 primo
1315 3898 1429 3960 citatus

166 4023 231 4065 non
256 4023 329 4065 com
354 4017 447 4066 aruit.

271 4023 351 4154 ltenll
374 4091 520 4154 Andreas
544 4091 711 4154 Zuuechar
735 4105 843 4154 contra
863 4094 1017 4158 Jacobum
1047 4091 1167 4154 Zedina
1193 4092 1297 4175 primo
1315 4092 1429 4154 citatus

167 4216 233 4258 non
259 4198 449 4280 comparuit.

270 4303 348 4366 ltem
376 4303 521 4366 Andreas
545 4303 694 4367 Swechar
725 4318 756 4366 et
787 4305 926 4367 decanus
950 4317 1060 4366 contra
1085 4305 1297 4366 Mrsnlronem
1322 4302 1427 4386 primo

166 4409 278 4471 citatus
304 4429 369 4472 nou
394 4411 585 4493 comparuit.

273 4515 350 4577 ltem
384 4515 571 4598 Dragcbech
604 4529 714 4579 contra
746 4518 901 4579 iacobum
936 4517 1010 4577 Lilii
1042 4515 1145 4578 lilium
1177 4516 1282 4599 primo
1314 4515 1430 4578 citatus

167 4641 231 4683 non
256 4623 446 4704 comparuit.
1188 4611 1190 4618 ’

272 4729 351 4790 ltem
375 4728 468 4809 jurati
500 4727 775 4811 adjudicaverunt,
810 4729 897 4810 quod
930 4729 1100 4790 Farkasius
1133 4729 1248 4791 debeat
1270 4728 1432 4789 solitarius

169 4833 381 4912 juramentum
399 4834 560 4916 deponere
579 4833 657 4896 feria
674 4848 760 4896 sexta
777 4837 923 4918 proxima
940 4849 1012 4917 post
1029 4835 1273 4897 concussionem
1292 4854 1429 4896 ovorum

174 4943 222 5003 vel
246 4955 318 5024 post
341 4955 488 5004 octavam
513 4942 609 5004 Pasce
633 4961 793 5024 supereo,
818 4942 906 5024 quod
924 4962 988 5003 non
1014 4955 1095 5003 esset
1119 4942 1283 5004 dimensus
1308 4955 1428 5002 metam

171 5047 249 5110 iuter
273 5049 455 5110 Barnabam
480 5061 510 5110 et
534 5049 721 5130 magistrum
746 5047 938 5127 Fabianum,
962 5067 1021 5110 nec
1044 5047 1155 5130 palum
1181 5048 1374 5110 incussisset.
