3876 5798
639 581 907 660 Ann01446.-
931 579 982 644 26.
1006 583 1134 656 augusti.
1451 599 1512 660 441

251 800 350 877 laria
379 811 478 877 sexta
505 789 659 895 proxima
692 811 769 895 post
803 804 928 878 festum
966 805 1076 876 sancti
1104 801 1332 876 bartholomei
1362 801 1517 892 apostoli.

763 956 831 1039 (26.
855 957 998 1040 augusta).

360 1100 438 1162 ltem
464 1099 561 1162 Lucia
580 1099 687 1162 relicta
705 1098 843 1162 condam
864 1098 1019 1161 Anthonii
1037 1097 1194 1161 carnificis
1210 1111 1320 1160 contra
1338 1096 1515 1182 Elyzabeth

252 1226 387 1269 uxorem
412 1205 561 1268 Benchelr
583 1206 688 1288 primo
713 1206 806 1267 citata
831 1225 897 1267 non
921 1205 1111 1286 comparuit.

359 1312 437 1374 Item
474 1311 633 1394 Georgius
670 1332 832 1375 successor
875 1311 1012 1374 condam
1048 1310 1131 1372 Petri
1170 1308 1366 1392 Herwathyn
1408 1322 1517 1371 contra

253 1417 418 1502 Mathyam
459 1417 625 1500 Rakarych
661 1433 900 1500 procuratorem
945 1417 1069 1478 domini
1106 1416 1189 1478 Petri
1225 1414 1441 1477 archidiaconi
1477 1413 1517 1476 de

253 1524 393 1586 Kemlult
425 1523 615 1586 successoris
647 1523 771 1586 domini
804 1523 957 1605 Stephani
991 1523 1097 1606 Spiter
1129 1522 1272 1585 secundo
1306 1521 1419 1584 citatus
1451 1540 1517 1582 non

254 1630 444 1713 comparuit.

360 1735 437 1798 ltem
462 1736 610 1818 quamvis
627 1736 774 1799 Thomas
796 1735 881 1799 filius
899 1736 982 1799 Petri
1008 1735 1143 1819 Chykan
1162 1755 1248 1797 nunc
1266 1734 1426 1797 habitator
1442 1733 1518 1796 ville

255 1841 388 1925 Dedych
413 1857 534 1922 vocate,
560 1843 590 1904 in
616 1842 850 1925 depredacione
875 1857 905 1904 et
922 1843 1070 1924 potencia
1094 1861 1130 1905 ac
1147 1843 1179 1904 in
1203 1840 1314 1904 fraude
1340 1839 1516 1903 manifestis

254 1947 358 2009 taliter
374 1963 539 2031 reppertus
556 1963 612 2028 est,
636 1949 803 2031 quomodo
817 1950 883 2032 ipse
901 1969 1000 2012 unum
1019 1947 1088 2011 flor.
1106 1949 1204 2010 auria
1223 1947 1364 2030 quadam
1383 1947 1518 2009 muliere

254 2067 402 2116 extranea
426 2055 557 2116 nomine
582 2056 682 2118 Ztana
706 2055 746 2117 de
767 2055 931 2138 provincia
957 2054 1157 2134 Chasmensi,
1175 2054 1339 2117 dominico
1365 2053 1416 2115 die
1441 2073 1513 2135 pro·

253 2158 340 2221 ximo
365 2173 437 2221 ante
462 2159 578 2222 festum
603 2162 847 2244 Assumpcionis
864 2162 957 2224 beate
981 2180 1107 2244 semper
1130 2161 1263 2242 virginis
1280 2159 1380 2221 Marie
1405 2159 1517 2242 depre-

257 2265 362 2328 dative
387 2283 559 2350 receperat,
584 2267 722 2330 eundem
748 2267 816 2330 flor.
841 2268 910 2329 auri
932 2267 1152 2330 fraudulenter
1176 2280 1207 2330 et
1231 2265 1414 2348 deceptorie
1432 2264 1517 2349 apud

257 2393 291 2436 se
315 2374 450 2436 retinere
472 2374 585 2436 volens
608 2375 648 2436 ad
680 2374 824 2437 calceum
856 2393 950 2436 suurn
975 2374 1007 2435 in
1032 2373 1114 2456 pede
1149 2393 1209 2436 suo
1233 2372 1345 2435 dextro
1371 2372 1516 2435 habitum

258 2479 393 2562 proiecit
424 2495 455 2542 et
486 2481 671 2557 abscondit;
703 2493 734 2543 et
767 2481 841 2543 licet
872 2481 958 2542 idem
982 2481 1128 2542 Thomas
1159 2499 1217 2562 pro
1248 2478 1433 2541 huiusmodi
1458 2497 1517 2540 suo

258 2587 417 2650 maleficio
443 2588 527 2670 juxta
552 2601 703 2650 contenta
726 2588 886 2670 privilegii
912 2587 1011 2650 nostri
1036 2587 1217 2649 communis
1241 2584 1308 2648 dire
1333 2585 1439 2669 puniri
1464 2584 1518 2646 de·

259 2694 390 2773 buisset,
414 2694 542 2756 tandem
568 2713 627 2756 nos
651 2695 870 2756 misericordia
894 2695 946 2756 dei
971 2695 1049 2756 moti
1074 2713 1110 2756 ac
1133 2694 1282 2776 precibus
1306 2706 1337 2755 et
1359 2692 1517 2774 supplica-

257 2800 408 2862 cionibus
432 2799 645 2882 plurimorum
672 2801 847 2884 proborum
872 2815 903 2862 et
934 2801 1145 2862 honestorum
1177 2799 1318 2861 virorum
1343 2798 1437 2860 nobis
1461 2817 1519 2881 pro

257 2926 298 2970 eo
321 2907 429 2988 sepius
452 2920 483 2969 et
515 2907 741 2970 instantissime
773 2907 928 2990 porrectis
960 2906 1115 2986 inclinati,
1147 2907 1253 2969 eidem
1278 2905 1407 2967 Thonre
1432 2902 1518 2986 Chy-

256 3011 381 3096 kanych
404 3013 659 3076 misericordiam
677 3027 708 3074 et
722 3013 862 3093 graciam
880 3012 1017 3075 lecimus
1033 3013 1216 3095 specialem,
1237 3025 1272 3075 ut
1289 3012 1355 3092 ipse
1373 3007 1519 3072 Thomas

256 3118 455 3202 Chykanych
480 3118 622 3200 predicta
646 3139 701 3181 sua
718 3118 875 3182 maleficia
897 3119 1014 3183 defleat
1037 3135 1068 3182 et
1092 3120 1206 3182 eadem
1235 3137 1300 3180 non
1326 3132 1459 3181 renovet
1483 3137 1519 3179 ac

256 3225 317 3286 hiis
342 3225 459 3287 similia
483 3225 616 3286 ulterius
649 3245 714 3288 non
746 3226 935 3305 committat,
969 3225 1025 3288 sed
1050 3247 1083 3289 se
1112 3227 1216 3289 arcius
1246 3227 1286 3288 ab
1310 3225 1371 3288 hiis
1395 3239 1426 3288 et
1449 3225 1520 3286 aliis

256 3331 302 3392 eis
326 3330 485 3392 similibus
510 3346 565 3393 aut
588 3330 798 3394 dissimilibus
819 3347 1000 3415 compescat
1024 3346 1055 3395 et
1071 3333 1249 3414 restringat,
1274 3333 1329 3415 qui
1354 3332 1380 3394 si
1405 3330 1444 3392 de
1468 3349 1520 3393 ce·

257 3451 325 3499 tero
349 3437 381 3498 in
406 3436 570 3518 aliquibus
593 3437 779 3500 huiusmodi
807 3438 973 3501 maleficiis
1004 3439 1221 3522 deprehensus
1253 3438 1349 3501 fuerit
1372 3439 1404 3500 in
1429 3438 1518 3500 terri·

257 3544 340 3606 torio
365 3543 510 3621 civitatis,
534 3563 610 3605 mox
634 3543 719 3624 juxta
742 3543 896 3606 demerita
928 3545 1093 3628 suppliciis
1124 3545 1292 3628 condignis
1315 3565 1413 3630 penes
1444 3564 1519 3607 con·

255 3664 342 3713 tenta
369 3649 501 3732 predicti
535 3649 693 3732 privilegii
730 3651 829 3714 nostri
861 3653 1044 3714 communis
1075 3652 1335 3714 irremissibiliter
1368 3652 1518 3734 punietur

255 3758 324 3839 ipso
349 3755 443 3821 facto.

359 3862 437 3924 Item
461 3882 589 3925 causam
613 3881 710 3944 quam
735 3862 889 3925 Nicolaus
907 3864 1103 3947 Bogdanych
1129 3879 1239 3927 contra
1257 3863 1451 3946 Gregorium
1470 3863 1518 3943 ju·

254 3981 357 4030 ratum
381 3989 536 4050 generum
560 3969 699 4031 condam
725 3969 808 4031 Petri
833 3970 1050 4053 Wrecharych
1069 3971 1100 4032 in
1126 3969 1210 4033 facto
1235 3970 1425 4033 violacionis
1451 3989 1517 4032 me-

255 4087 358 4136 tarum
384 4077 466 4139 inter
488 4077 598 4139 vineas
629 4077 772 4158 ipsorum
809 4076 988 4139 habitarum
1014 4091 1045 4139 et
1076 4097 1132 4160 per
1163 4077 1301 4160 judicem
1327 4077 1519 4140 modernum

255 4181 391 4244 civitatis
415 4182 556 4265 predicte
581 4201 616 4244 ac
641 4183 722 4244 alios
749 4182 906 4265 plurimos
938 4187 1057 4267 probos
1080 4184 1166 4246 viros
1199 4198 1376 4247 erectarum
1400 4198 1432 4245 et
1454 4182 1518 4245 fac·

255 4301 371 4367 tarum,
396 4309 433 4350 ex
458 4289 602 4350 unanimi
632 4289 772 4370 ipsarum
797 4289 941 4371 parcium
964 4291 1139 4368 voluntate,
1172 4309 1279 4352 coram
1304 4292 1396 4353 nobis
1421 4305 1519 4369 mota,

255 4413 312 4476 per
335 4395 529 4476 peticionem
554 4395 769 4477 plurimorum
793 4399 969 4478 proborum
994 4397 1136 4460 virorum
1161 4417 1220 4480 pro
1248 4417 1325 4480 pace
1349 4395 1454 4460 fienda
1478 4397 1518 4460 ad

256 4501 396 4582 primum
420 4501 575 4583 judicium
601 4502 745 4583 proxime
770 4521 940 4564 occurrens
965 4503 1115 4566 duximus
1139 4503 1387 4586 prorogandam.

361 4606 440 4668 ltem
464 4606 626 4669 Johannea
650 4605 780 4691 pellifex
805 4608 884 4670 alias
908 4608 1002 4692 Gyan
1027 4623 1158 4672 vocatus
1182 4624 1292 4673 contra
1318 4609 1519 4694 Stephanum

255 4712 428 4796 pellificem
453 4714 558 4796 primo
582 4714 697 4777 citatus
721 4733 786 4776 non
812 4718 1000 4799 comparuit.

369 4837 446 4900 ltem
471 4837 563 4919 jurati
588 4838 746 4901 dederunt
769 4840 941 4902 terminum
967 4841 1065 4903 Lucia
1085 4841 1194 4904 relicte
1219 4841 1356 4904 condam
1382 4841 1520 4904 Emerici

256 4944 386 5006 sartoris
402 4943 519 5024 claudi,
537 4944 676 5026 primum
693 4945 849 5027 judicium
866 4947 1011 5029 proxime
1028 4967 1197 5010 occurrens
1214 4947 1254 5009 ad
1273 4948 1518 5031 producendum

256 5063 483 5113 testamentum
509 5063 539 5113 et
562 5051 669 5114 literas
694 5051 725 5113 in
751 5050 834 5114 facto
860 5053 954 5116 unius
977 5067 1089 5136 quarte
1114 5055 1200 5117 curie
1226 5055 1307 5118 inter
1331 5055 1432 5138 ipsam
1457 5056 1520 5118 Lu·
