3678 5800
540 545 627 604 Anno
649 559 739 624 1433.
765 580 805 589 -
824 559 882 623 30.
898 548 1049 622 januarii.
1374 547 1430 627 185

168 755 355 838 judicialem
380 758 488 820 sedem
515 757 643 820 suerunt
667 771 832 840 apportate
857 779 913 842 per
937 759 1174 842 querimoniam
1203 759 1358 821 Anthonii
1385 759 1431 838 ju-

169 865 250 928 dicis
274 885 347 928 curn
372 867 453 929 scitu
485 866 583 948 ipsius
607 865 699 928 Pater
723 879 830 927 noster
857 866 897 927 ad
930 866 1063 928 domum
1096 866 1240 928 eiusdem
1266 885 1331 928 non
1365 865 1431 928 iue-

167 986 243 1034 runt
266 985 401 1054 portate,
427 992 486 1035 nee
510 973 577 1055 ipse
600 971 759 1055 particeps
781 991 838 1034 seu
866 973 972 1034 socius
997 972 1096 1055 ipsius
1120 971 1194 1035 furti
1220 973 1382 1035 extitisset.

275 1079 354 1140 Item
377 1077 470 1158 jurati
494 1077 770 1158 adjudicaverunt,
795 1077 883 1160 quod
908 1079 997 1163 Lyeb
1021 1098 1120 1160 gener
1144 1078 1278 1160 predicti
1305 1077 1430 1140 Herrici

167 1183 261 1246 Pater
286 1197 394 1246 noster
416 1183 562 1246 similiter
578 1184 678 1247 tercio
701 1203 734 1246 se
751 1185 896 1267 personis
911 1185 1027 1247 eodem
1052 1185 1104 1245 die
1127 1185 1278 1248 videlicet
1301 1183 1433 1248 infesto

168 1290 268 1351 sancti
294 1289 389 1352 Blasii
413 1304 486 1352 ante
510 1289 785 1374 permutationem
807 1290 965 1372 judicatus
988 1305 1019 1352 et
1042 1305 1115 1352 ante
1139 1291 1433 1373 permactacionem

169 1397 268 1478 sigilli
292 1396 452 1479 judicatus
467 1397 602 1480 predicti
626 1396 741 1479 judicis
757 1397 867 1478 nostri,
891 1398 991 1461 tercio
1015 1418 1048 1460 se
1065 1397 1210 1481 personis
1233 1417 1329 1482 super
1346 1417 1432 1460 aram

169 1502 268 1564 debet
290 1503 393 1584 jurare
425 1523 521 1587 super
552 1523 602 1582 eo,
630 1517 665 1566 ut
696 1503 764 1586 ipse
794 1503 913 1566 dictum
946 1523 1090 1587 pannum
1122 1518 1153 1566 et
1176 1504 1273 1566 telatn
1300 1503 1433 1566 minime

168 1609 376 1671 subtraxisset
400 1629 504 1692 neque
521 1609 662 1672 scivisset
686 1609 773 1691 quod
792 1609 859 1692 ipse
883 1630 1008 1694 pannus
1030 1624 1061 1672 et
1084 1611 1167 1672 dicta
1192 1611 1255 1673 tela
1271 1613 1431 1673 subtracta

169 1715 333 1794 extitisset,
357 1717 412 1778 sed
437 1737 494 1799 per
510 1720 669 1798 Agnetem
693 1735 836 1778 sororem
854 1717 961 1779 uxoris
984 1737 1051 1796 sue,
1069 1715 1169 1779 filiam
1194 1717 1344 1778 videlicet
1362 1737 1432 1800 pre·

169 1821 248 1883 dicti
272 1823 364 1884 Pater
397 1837 512 1902 noster,
544 1822 651 1884 eidem
677 1823 766 1906 Lyeb
794 1823 834 1884 ad
855 1822 1061 1884 vendendum
1094 1822 1187 1886 datus
1211 1836 1242 1884 et
1273 1823 1432 1905 assignata

169 1925 290 2004 fuisset,
314 1941 345 1990 et
369 1928 505 1991 eandem
529 1933 689 2011 Agnetem
721 1929 837 1991 eodem
861 1928 914 1990 die
937 1948 1033 2012 super
1056 1948 1095 1990 eo
1124 1929 1217 1990 nobis
1249 1943 1431 2011 presentare

169 2033 275 2100 debet.
303 2049 337 2097 ut
360 2035 465 2118 ipsum
489 2054 632 2118 pennum
657 2035 769 2097 eadem
794 2035 855 2097 sibi
879 2035 1018 2096 vendere
1042 2035 1190 2098 dedisset.

275 2141 354 2203 item
377 2139 471 2223 jurati
495 2141 770 2224 adjudicaverunt,
795 2155 829 2204 ut
850 2141 1033 2204 Anthonius
1057 2141 1152 2222 juder
1176 2141 1261 2204 filius
1285 2141 1429 2224 Appardi

169 2248 237 2310 sola
261 2268 318 2310 sua
344 2247 376 2310 in
393 2267 529 2331 persons
546 2247 692 2331 predicto
709 2247 761 2310 die
779 2261 809 2309 et
833 2261 977 2330 tempore
995 2248 1090 2310 debet
1106 2247 1208 2328 jurare
1232 2268 1432 2330 superatam

170 2374 266 2436 super
290 2373 341 2432 eo,
365 2367 400 2416 ut
423 2354 491 2436 ipse
515 2373 640 2436 pannus
671 2373 768 2436 quern
795 2354 855 2416 sibi
886 2355 1083 2416 subtractum
1115 2352 1184 2416 fore
1208 2353 1345 2433 dicabat,
1371 2355 1431 2416 sibi

172 2461 354 2523 subtractus
385 2460 537 2522 extitisset
560 2473 592 2523 et
621 2459 761 2522 eundem
792 2459 872 2522 nulli
906 2480 964 2542 pro
995 2461 1130 2543 pecunia
1162 2460 1367 2540 vendidisset,
1403 2473 1433 2523 et

171 2567 249 2629 dum
274 2568 436 2650 juraverit,
467 2581 542 2630 tunc
574 2586 700 2650 pannus
729 2567 789 2628 sibi
820 2567 1020 2644 restituetur;
1053 2567 1093 2629 de
1122 2587 1187 2650 quo
1220 2567 1340 2650 judicio
1366 2569 1432 2651 ipse

172 2673 356 2736 Anthonius
380 2674 475 2756 judex
501 2693 565 2736 non
590 2686 760 2736 contentus
786 2673 961 2756 appellavit
983 2673 1024 2735 ad
1055 2673 1197 2735 seniores
1221 2672 1352 2754 judices,
1377 2694 1433 2756 per

170 2779 302 2842 eosdem
327 2781 428 2863 ipsam
458 2779 735 2861 adjudicacionem
767 2779 943 2861 juratorum
968 2801 1005 2842 ex
1037 2793 1125 2862 parte
1150 2779 1249 2862 ipsius
1273 2779 1321 2841 sui
1347 2779 1430 2860 jura·

170 2887 269 2951 menti
294 2887 583 2952 determinandam.
