3876 5798
408 523 475 604 364
826 525 912 582 Auno
937 538 1029 600 1442.
1055 558 1095 566 -
1121 539 1149 584 1.
1165 526 1258 600 junii.

406 743 503 817 Feria
532 753 630 817 sexta
659 747 814 836 proxima
842 751 919 834 post
946 745 1068 817 testum
1096 747 1323 818 sacratissimi
1353 744 1507 835 corporis
1535 744 1675 818 Christi.

948 895 992 977 (ι.
1008 895 1119 980 junii).

514 1039 592 1100 ltem
620 1038 713 1120 jurati
739 1037 1006 1120 adjudicaverunt
1037 1057 1165 1100 causam
1190 1039 1273 1102 inter
1305 1038 1497 1102 Michaelem
1528 1055 1672 1103 sutorem

406 1145 529 1207 dictum
554 1145 673 1228 Jezdyz
698 1159 729 1207 et
765 1145 847 1207 inter
879 1145 1043 1228 Matbyam
1075 1147 1320 1228 carpentarium,
1352 1147 1503 1210 concives
1534 1163 1672 1227 nostros,

406 1272 514 1314 corana
538 1251 659 1314 eisdem
684 1251 794 1333 juratis
818 1265 951 1330 motam,
975 1251 1020 1314 sic
1036 1251 1311 1334 adjudicaverunt,
1335 1267 1371 1316 ut
1394 1255 1470 1335 quia
1492 1256 1559 1336 ipse
1580 1254 1673 1316 solus

409 1359 547 1420 blicbael
571 1372 660 1420 sutor
684 1377 757 1420 cum
782 1358 884 1420 securi
904 1377 960 1419 sua
984 1357 1125 1420 bostium
1143 1359 1259 1421 domus
1282 1379 1338 1421 sue
1362 1359 1514 1438 desecuit,
1539 1375 1570 1422 et
1593 1362 1671 1442 quia

407 1465 559 1549 al(v)eum
584 1464 728 1526 eiusdem
761 1463 927 1526 Michaelis
957 1465 1057 1546 aliqui
1082 1485 1178 1527 canes
1208 1486 1265 1527 seu
1298 1466 1358 1528 cati
1388 1466 1611 1549 depresserunt
1635 1481 1669 1529 et

404 1573 654 1634 cornvoluerunt
683 1573 715 1632 in
740 1584 845 1650 nocte,
869 1585 965 1654 prout
988 1571 1055 1653 ipse
1080 1571 1226 1655 blatbyas
1249 1573 1465 1654 carpentarius
1489 1591 1561 1635 curn
1580 1574 1669 1634 testi-

404 1679 515 1740 monio
553 1677 718 1758 fidedigno
757 1695 865 1739 coram
898 1677 992 1738 nobis
1022 1675 1217 1740 sufficienter
1252 1679 1490 1761 comprobavit,
1530 1677 1671 1760 ideoque

407 1785 474 1867 ipse
500 1783 638 1848 Micbael
662 1797 751 1846 sutor
774 1784 807 1844 in
832 1781 916 1844 lacto
938 1803 994 1844 seu
1018 1783 1158 1864 birsagio
1189 1784 1337 1866 potencie
1368 1784 1457 1866 quod
1480 1804 1574 1867 super
1598 1783 1670 1866 ipso

409 1889 539 1973 Matbya
564 1890 765 1972 carpentario
790 1891 1051 1971 persequebatur,
1083 1890 1235 1952 remansit
1259 1891 1290 1952 in
1316 1891 1455 1972 birsagio
1479 1889 1671 1972 judicialiter

403 1998 569 2059 convictus
593 2009 624 2058 et
647 2008 837 2078 aggravatus
860 2015 916 2078 per
939 1995 1218 2076 adjudicaciouem
1246 1996 1424 2077 juratorum
1449 1996 1668 2079 predictorum

406 2103 520 2166 ordine
537 2103 614 2184 juris
627 2115 818 2184 exposcente
835 2115 944 2164 contra
962 2115 1083 2184 partem
1101 2101 1267 2164 adversam
1286 2116 1317 2164 et
1333 2102 1453 2183 juratos
1469 2116 1668 2185 prenotatos.

512 2227 589 2288 Item
622 2225 697 2308 quia
733 2225 887 2287 discretus
925 2225 972 2286 vir
1003 2226 1156 2288 dominus
1191 2227 1353 2290 lohannes
1388 2227 1553 2310 presbiter,
1583 2225 1670 2288 lilius

403 2334 541 2397 condam
568 2333 719 2416 Symonis
744 2332 932 2415 Chesthnyk
956 2333 1186 2414 cognominati,
1215 2349 1323 2397 noster
1345 2335 1493 2396 similiter
1516 2335 1669 2413 concivis,

402 2441 442 2501 ad
468 2453 607 2502 nostram
633 2440 845 2522 personaliter
861 2439 1022 2502 veniendo
1047 2441 1256 2522 presenciam,
1274 2441 1367 2502 nobis
1390 2461 1429 2502 eo
1453 2441 1553 2502 modo
1569 2441 1667 2522 signi-

402 2545 495 2608 ficare
520 2547 657 2626 curavit,
681 2561 716 2607 ut
739 2546 872 2628 provida
897 2546 1035 2608 condam
1068 2547 1197 2608 domina
1223 2547 1336 2608 Vrsula
1361 2560 1483 2627 vocata,
1507 2546 1573 2608 filia
1597 2567 1668 2629 pre·

357 2727 360 2734 ’
403 2651 457 2714 fati
487 2653 624 2714 condem
651 2652 803 2736 Symonis
827 2651 1006 2734 Cbeztnylr,
1026 2672 1116 2714 soror
1139 2673 1215 2714 vero
1233 2653 1331 2735 ipsius
1354 2653 1479 2714 domini
1511 2652 1667 2714 lobannis

403 2760 568 2843 presbiteri
603 2759 710 2840 junior
743 2759 886 2838 uterina,
919 2759 1059 2841 primum
1094 2771 1126 2821 et
1155 2759 1285 2820 tandem
1316 2773 1387 2841 post
1418 2779 1489 2820 earn
1521 2757 1585 2820 filia
1610 2779 1668 2820 sua

403 2867 497 2928 unica
524 2865 639 2928 Vrsuls
663 2865 810 2926 similiter
834 2879 957 2944 vocata,
981 2865 1013 2926 in
1031 2879 1140 2926 tenera
1163 2884 1219 2926 seu
1236 2865 1351 2946 puerili
1375 2878 1457 2928 etate
1482 2865 1667 2943 constituta,

402 2987 481 3034 nutu
513 2971 564 3034 dei
597 2974 637 3033 ab
669 2971 727 3033 bac
761 2972 832 3034 luce
864 2972 1010 3034 intestate
1046 2971 1268 3050 decesserunt,
1300 2985 1462 3052 postremo
1487 2971 1595 3052 itaque
1618 2971 1668 3032 vir

401 3078 538 3140 condam
563 3078 717 3160 providus
741 3077 925 3140 Anthonius
948 3097 1082 3160 arcupar
1105 3077 1195 3160 olym
1224 3078 1365 3138 concivis
1389 3091 1508 3156 noster,
1532 3077 1666 3139 maritus

401 3185 576 3266 legittimus
600 3185 699 3266 ipsius
723 3184 855 3246 domine
876 3184 1002 3262 Vrsule,
1027 3197 1116 3265 pater
1140 3203 1215 3245 vero
1232 3185 1368 3245 carnalis
1392 3183 1474 3245 dicte
1499 3182 1563 3245 filie
1582 3184 1666 3245 eius-

401 3290 475 3352 dem
499 3290 629 3354 domine
655 3291 779 3369 Vrsule,
804 3291 988 3370 nuperrime
1009 3309 1066 3372 per
1091 3289 1248 3372 quosdam
1267 3290 1497 3352 exercituantes
1521 3290 1665 3351 illustris-

400 3397 555 3459 simorum
578 3397 759 3478 principum
785 3409 816 3458 et
832 3396 1039 3458 dominorum
1065 3395 1218 3458 Friderici
1244 3409 1275 3458 ct
1297 3395 1395 3458 Vlrici
1420 3397 1485 3457 nati
1510 3397 1588 3474 eius,
1612 3396 1664 3457 dei

399 3504 505 3582 gracia
530 3501 624 3582 Cilic,
650 3503 865 3582 Ortenburge,
889 3502 1090 3584 Zagorieque
1107 3515 1166 3564 etc.
1190 3503 1357 3582 comitum,
1381 3501 1589 3564 dominorum
1606 3522 1664 3563 no-

400 3622 537 3670 strorum
562 3609 794 3690 graciosorum,
820 3609 981 3669 civitatem
1010 3622 1117 3669 nostre
1134 3609 1345 3670 habitacionis
1368 3609 1581 3692 supradictam
1606 3611 1664 3670 ob-

399 3715 539 3776 sidentes
563 3729 594 3777 et
618 3727 837 3796 expugnantes
853 3715 1024 3776 crudeliter
1048 3729 1079 3776 et
1102 3715 1209 3776 subito
1227 3713 1410 3777 interiectus
1434 3729 1481 3776 est
1505 3715 1557 3792 ita,
1574 3715 1663 3797 quod

402 3821 528 3882 nullum
560 3821 688 3903 penitus
719 3821 869 3902 scriptum
904 3835 959 3882 aut
989 3821 1118 3882 verbale
1148 3833 1375 3882 testamentum
1406 3820 1510 3882 facere
1540 3822 1663 3904 potuit;

400 3927 512 3988 volens
537 3929 643 4009 itaque
669 3925 809 4008 prelatus
832 3926 984 3987 dominus
1009 3926 1171 3988 lohannes
1193 3928 1347 4008 presbiter
1370 3940 1535 4008 tamquam
1560 3928 1662 3989 inme·

399 4035 503 4094 diatus
527 4033 617 4094 beres
643 4033 860 4115 predictorum
887 4033 1201 4113 consanguineorum
1228 4053 1360 4095 suorum
1384 4047 1415 4094 et
1438 4033 1584 4095 affinium
1608 4055 1660 4096 su-

399 4161 492 4202 orum
511 4141 550 4202 de
569 4140 712 4202 remedio
726 4139 854 4200 salutari
873 4140 1041 4200 animabus
1058 4139 1200 4220 ipsorum
1218 4161 1255 4201 ex
1273 4141 1527 4222 possessionibus
1550 4160 1661 4202 eorum

400 4248 430 4308 in
456 4248 616 4308 territorio
642 4261 751 4307 nostro
773 4246 890 4307 babitis
922 4247 1085 4308 sinceriter
1109 4259 1140 4308 et
1171 4246 1307 4308 fideliter
1335 4247 1516 4329 providere,
1538 4247 1607 4328 jure
1632 4263 1663 4309 et

398 4353 692 4434 consanguineitate
717 4353 777 4413 sibi
803 4353 835 4414 in
860 4353 918 4413 bac
935 4367 1023 4434 parte
1047 4353 1252 4416 incombente
1277 4369 1307 4414 et
1324 4354 1511 4435 pertinente,
1536 4373 1660 4435 nosque

399 4460 623 4522 instantissime
644 4479 791 4540 supereo
813 4459 986 4541 postulavit
1010 4471 1045 4520 ut
1062 4459 1237 4540 quamdam
1251 4459 1383 4521 domum
1401 4459 1543 4541 ligneam
1561 4461 1661 4542 ipsius

398 4567 536 4628 condam
561 4566 716 4626 Anthonii
742 4567 913 4646 arcuparis,
941 4565 1057 4626 sororii
1089 4549 1211 4627 scilicet
1234 4565 1333 4647 ipsius
1357 4565 1481 4626 domini
1506 4565 1662 4626 lobannis

398 4673 574 4755 presbiteri,
600 4671 844 4752 infrascriptam,
879 4671 983 4732 eidem
1016 4670 1151 4732 domino
1176 4671 1314 4732 lobanni
1338 4672 1505 4753 presbiteri
1529 4671 1660 4754 plenam

397 4779 558 4840 vendendi
583 4791 613 4839 et
638 4779 744 4838 debita
770 4778 913 4839 eiusdem
932 4777 1087 4838 Anthonii
1108 4777 1270 4859 arcupsris
1294 4777 1496 4859 persolvendi
1523 4797 1560 4838 ac
1584 4777 1659 4838 resi·

398 4886 498 4946 duum
516 4904 574 4966 pro
592 4885 762 4945 animabus
779 4884 967 4945 eorumdem
986 4883 1299 4964 consanguineorum
1317 4897 1348 4946 et
1364 4881 1509 4945 affinium
1526 4902 1658 4944 suorum

398 4991 600 5075 expendendi
625 4991 828 5055 attribuimus
853 4990 1055 5066 facultatem3
1080 4990 1202 5071 etquis
1232 4990 1333 5052 eciam
1357 4991 1448 5052 litere
1472 5004 1579 5052 nostre
1603 5011 1660 5052 seu
