3678 5800
816 483 902 542 Anao
924 498 1016 562 1434.
1045 517 1085 528 -
1107 497 1141 559 9.
1166 484 1282 558 aprilis.

434 715 507 758 cum
531 695 597 758 suis
620 695 825 778 pertinenciis
848 694 972 778 prefato
996 695 1132 756 Nicolao
1155 693 1356 776 carpentario
1380 713 1439 776 pro
1463 707 1540 756 tunc
1564 693 1697 754 domino

434 815 466 864 et
489 802 604 864 marito
627 821 687 863 suo
710 801 879 883 legavisset
903 801 971 884 jure
993 801 1180 884 perhennali
1208 800 1448 884 possidendam,
1473 799 1615 883 ideoque
1640 819 1695 860 nos

435 907 610 988 predictam
635 907 770 968 domum
795 919 826 969 et
842 905 979 970 fundum
1003 907 1100 969 trium
1126 919 1311 988 quartarum
1328 906 1415 968 curie
1439 925 1512 968 curn
1537 905 1699 988 premissis

434 1014 555 1074 cunctis
564 1013 630 1075 suis
643 1013 833 1075 utilitatibus
845 1011 969 1096 prefato
978 1011 1112 1076 Nicolao
1125 1033 1162 1075 ac
1170 1032 1227 1096 per
1238 1031 1312 1074 eum
1325 1013 1390 1074 suis
1403 1011 1576 1074 heredibus
1593 1011 1699 1073 statui·

434 1140 506 1183 mus
518 1135 674 1204 perpetuo
687 1120 915 1202 possidendam
932 1133 963 1182 et
979 1119 1288 1202 quomodocumque
1301 1119 1440 1181 voluerit
1452 1116 1699 1200 disponendam.

542 1227 619 1288 Item
643 1226 717 1308 quia
742 1226 857 1288 Vrsula
881 1225 944 1288 filia
974 1225 1130 1288 Anthonii
1161 1225 1293 1288 textoris
1317 1225 1349 1286 id
1373 1243 1446 1287 cum
1470 1223 1644 1286 sufficienti
1668 1238 1699 1285 et

403 1405 406 1411 ,
435 1332 600 1416 fidedigno
625 1347 809 1395 nostrorum
835 1333 1019 1396 concivium
1042 1332 1228 1395 testimonio
1246 1331 1278 1393 in
1303 1332 1378 1394 sede
1402 1345 1509 1394 nostra
1534 1329 1698 1412 judiciaria

436 1441 519 1500 clare
545 1453 576 1502 et
599 1439 717 1501 seriose
742 1458 849 1502 coram
874 1440 968 1501 nobis
992 1441 1023 1500 in
1049 1438 1169 1520 judicio
1198 1437 1282 1500 clare
1307 1437 1540 1521 comprobavit,
1565 1451 1601 1499 ut
1625 1455 1700 1518 que·

435 1545 508 1606 darn
535 1546 627 1607 vinea
653 1545 686 1607 in
710 1546 871 1608 territorio
895 1546 1031 1607 civitatis
1055 1545 1137 1608 inter
1160 1545 1270 1606 vineas
1288 1543 1453 1606 Benedicti
1476 1541 1534 1604 filii
1561 1541 1696 1626 Gywani

436 1665 468 1712 et
492 1655 620 1735 Agycze
644 1671 700 1714 sue
733 1652 891 1713 consortis
921 1653 961 1713 ab
986 1671 1048 1712 una
1079 1664 1180 1733 parte,
1210 1663 1300 1732 parte
1327 1669 1403 1711 vero
1435 1651 1475 1712 ab
1499 1648 1600 1711 altera
1624 1647 1697 1710 Cle·

437 1758 552 1818 mentis
578 1771 609 1820 et
633 1757 799 1820 Benedicti
823 1756 963 1819 filiorum
987 1757 1128 1835 Andree,
1151 1755 1304 1836 habitam,
1336 1755 1473 1838 desuper
1496 1776 1514 1816 a
1539 1755 1591 1817 via
1616 1774 1699 1817 eorn-

436 1863 526 1924 muni
555 1877 586 1926 et
611 1861 691 1924 infra
717 1883 818 1945 usque
851 1864 1021 1925 decursum
1052 1882 1136 1946 aque
1167 1861 1318 1945 pluvialis
1341 1861 1437 1923 simul
1462 1879 1535 1923 cum
1560 1861 1700 1942 virgulto

436 1969 541 2031 eidem
560 1968 735 2050 subjacenti
751 1989 784 2032 se
802 1970 986 2046 extendens,
1005 1989 1068 2052 que
1085 1969 1184 2052 ipsius
1197 1967 1333 2030 condam
1349 1967 1503 2029 Anthonii
1519 1967 1613 2028 Kone
1631 1986 1698 2048 pre·

437 2075 539 2138 iuerat
562 2089 593 2138 et
624 2089 696 2158 post
729 2076 963 2138 abduccionem
996 2073 1108 2158 prefati
1138 2074 1293 2136 Anthooii
1326 2074 1458 2136 textoris
1487 2093 1545 2156 per
1569 2074 1696 2135 Turlxos

434 2201 530 2264 super
554 2201 626 2242 eum
653 2180 780 2262 iactam,
814 2182 1005 2264 quiquidem
1036 2181 1220 2243 Anthonius
1243 2193 1346 2243 textor
1371 2200 1427 2264 per
1458 2181 1545 2264 ipsos
1570 2180 1695 2242 Turlxos

436 2288 605 2368 abductus,
632 2289 771 2350 nescitur
801 2303 910 2350 utrum
941 2289 1063 2350 viveret
1090 2288 1195 2350 adhuc
1226 2301 1281 2350 aut
1305 2301 1452 2349 mortuus
1483 2301 1577 2367 esset,
1601 2307 1639 2348 ex
1661 2307 1697 2349 eo

435 2394 509 2476 quia
535 2394 566 2455 in
592 2395 741 2456 absencia
766 2393 865 2456 modo
889 2395 1045 2477 premisso
1070 2413 1155 2456 nunc
1178 2394 1325 2456 existeret
1349 2393 1437 2456 idem
1461 2393 1646 2456 Anthonius
1669 2405 1697 2454 et

435 2501 501 2582 ipss
526 2501 622 2562 vinea
647 2501 679 2562 in
705 2501 944 2563 desolacionem
962 2500 1185 2563 omnimodam
1218 2501 1321 2563 extitit
1352 2519 1390 2562 ex
1413 2513 1532 2579 acerto,
1557 2515 1589 2562 et
1611 2499 1694 2582 quod

436 2606 503 2688 ipsa
537 2606 652 2668 Vrsula
677 2607 708 2668 in
742 2605 826 2669 facto
858 2607 941 2669 dicte
972 2607 1065 2670 vinee
1097 2608 1191 2670 unica
1223 2606 1315 2669 heres
1350 2619 1381 2670 et
1410 2621 1571 2689 superstes
1603 2606 1695 2688 ipsius

435 2711 590 2774 Anthonii
617 2713 714 2795 patris
737 2713 785 2774 sui
811 2714 913 2775 extitit
943 2714 1117 2791 veraciter,
1149 2713 1288 2794 ideoque
1320 2732 1379 2774 nos
1411 2712 1548 2774 eandem
1573 2712 1694 2773 vineam

435 2837 508 2880 cum
534 2819 695 2901 premissis
718 2819 784 2882 suis
808 2820 999 2882 utilitatibus
1015 2832 1047 2882 et
1068 2819 1274 2902 pertinenciis
1292 2817 1448 2880 universis
1465 2819 1571 2880 eidem
1588 2817 1694 2880 Vrsule

436 2923 500 2986 filie
525 2925 601 2987 dicti
621 2925 776 2988 Anthonii
801 2945 837 2987 ac
861 2945 918 3008 per
942 2945 1013 2987 eam
1038 2925 1104 2987 suis
1120 2924 1292 2988 heredibus
1307 2925 1417 3008 previa
1434 2924 1474 2986 de
1492 2925 1620 2986 racione
1637 2937 1693 2986 stae

434 3031 556 3092 ruimus
572 3045 603 3092 et
620 3031 840 3094 commisimus
853 3045 1008 3114 perpetuo
1025 3030 1252 3114 possidendam
1270 3043 1301 3094 et
1322 3031 1629 3112 quomodocumque
1643 3050 1693 3091 xo·

435 3136 529 3197 luerit
542 3136 788 3218 disponendam,
801 3137 892 3199 nullo
905 3149 1012 3200 tamen
1027 3137 1067 3198 ad
1080 3138 1196 3199 trinam
1206 3149 1348 3200 nostram
1360 3136 1522 3199 forensem
1535 3137 1690 3220 publicam

435 3242 608 3324 superinde
634 3243 926 3325 proclamacionem
955 3242 1071 3305 factam
1099 3243 1334 3306 contradictore
1358 3243 1485 3326 penitus
1513 3257 1688 3326 apparente.

543 3347 621 3410 ltern
646 3368 774 3412 causam
798 3349 880 3410 inter
905 3369 1037 3411 uxorem
1066 3349 1194 3412 Martini
1227 3349 1565 3412 Plemenschakowicb
1590 3363 1622 3411 ut
1643 3369 1689 3410 ac·

435 3455 561 3534 tricem,
585 3467 616 3518 et
648 3456 731 3518 inter
764 3456 893 3518 Petrum
924 3455 1050 3539 pridem
1085 3455 1236 3536 juratum,
1268 3469 1435 3536 sartorem,
1467 3476 1575 3519 coram
1603 3455 1690 3517 nobis

435 3574 570 3640 motam,
587 3581 644 3644 per
661 3563 832 3624 instantem
849 3563 1044 3646 peticionem
1068 3582 1180 3645 pacem
1201 3563 1341 3646 ipsarum
1359 3563 1504 3646 parcium
1522 3561 1689 3624 zelancium

434 3665 474 3728 ad
498 3667 638 3750 primurn
663 3667 818 3748 judicium
843 3687 901 3751 pro
926 3667 1032 3730 fienda
1056 3688 1132 3752 pace
1157 3669 1307 3730 duximus
1331 3669 1579 3752 prorogandam.

544 3773 623 3836 ltem
647 3775 722 3856 quia
736 3775 823 3837 Palis
841 3775 957 3837 mulier
981 3775 1090 3838 relicta
1107 3775 1246 3838 condam
1264 3775 1355 3838 Pauli
1373 3776 1540 3858 piscatoris
1552 3788 1580 3838 et
1597 3774 1688 3836 Elena

435 3877 501 3941 filia
526 3879 670 3942 eiusdem
702 3881 793 3942 Pauli
826 3881 992 3963 piscatoris
1023 3901 1060 3944 ex
1092 3881 1207 3944 eodem
1232 3896 1264 3944 et
1296 3880 1416 3965 prefata
1455 3883 1544 3944 Palis
1566 3881 1688 3944 muliere

437 3986 595 4068 legittime
619 3988 786 4068 progenita
804 3988 836 4048 id
861 4007 934 4049 cum
950 3987 1121 4049 sufficienti
1147 4002 1178 4050 et
1193 3986 1359 4070 fidedigno
1384 4001 1567 4052 nostrorum
1589 3985 1685 4050 conci·

436 4092 525 4154 vium
549 4093 735 4155 testimonio
760 4094 791 4154 in
808 4093 883 4155 sede
908 4107 1014 4156 nostra
1032 4093 1198 4176 judiciaria
1214 4093 1298 4156 clare
1321 4097 1573 4176 comprobarunt
1587 4111 1684 4156 coram

435 4199 540 4276 nobis,
565 4212 600 4260 ut
624 4199 690 4280 ipse
715 4218 788 4261 vere
812 4199 945 4262 heredes
969 4213 1001 4262 et
1023 4201 1208 4282 superstites
1236 4201 1329 4264 vinee
1353 4201 1455 4284 ipsius
1480 4201 1570 4263 Pauli
1592 4200 1682 4283 pisca·

433 4304 511 4364 toris
535 4302 640 4366 forent
664 4317 694 4365 et
718 4305 899 4384 existerent,
924 4319 955 4368 et
978 4305 1133 4368 medietas
1165 4306 1346 4370 medietatis
1377 4307 1544 4370 cuiusdam
1569 4306 1684 4380 domus,

434 4407 524 4470 fundi
549 4423 580 4472 et
603 4409 841 4490 hedificiorum,
866 4413 976 4493 porcio
1008 4412 1129 4474 scilicet
1152 4412 1251 4495 ipsius
1275 4412 1367 4476 Pauli
1399 4413 1575 4496 piscatoris,
1597 4427 1683 4473 unam

435 4515 589 4578 videlicet
620 4530 765 4578 octavam
799 4517 830 4578 in
855 4537 888 4579 se
919 4519 1097 4596 continens,
1130 4531 1160 4580 et
1191 4519 1280 4600 quod
1304 4519 1397 4582 vinea
1431 4521 1574 4583 eiusdem
1604 4514 1683 4577 Pauli

436 4620 602 4702 piscatoris
627 4622 659 4682 in
682 4623 842 4684 territorio
867 4623 1003 4685 civitatis
1026 4623 1133 4686 habita
1162 4624 1268 4706 ipsum
1292 4625 1413 4688 scilicet
1438 4626 1575 4688 Paulum
1596 4623 1683 4706 pisca·

436 4739 539 4788 torem
565 4727 738 4790 literatorie
756 4747 961 4808 concernens,
985 4749 1080 4811 super
1097 4729 1181 4812 ipsas
1205 4729 1356 4792 mulieres
1381 4731 1505 4794 Peliam
1528 4745 1559 4793 et
1574 4727 1681 4792 Jeltam

437 4850 493 4892 seu
519 4832 654 4894 Elenam
679 4846 832 4915 tanquam
861 4834 994 4898 heredes
1026 4835 1180 4917 sepedicti
1213 4836 1304 4898 Pauli
1336 4837 1514 4920 piscatoris,
1545 4851 1681 4915 tanquam

432 4936 565 4999 heredes
597 4959 686 5000 veras
718 4952 748 5001 et
779 4940 889 5002 unicas
919 4955 955 5002 ut
990 4940 1147 5025 prefertur
1179 4942 1236 5005 rite
1270 4942 1400 5006 devolvi
1433 4943 1556 5006 videtur
1584 4953 1611 5001 et
1640 4957 1680 4999 re·
