3740 5810
609 593 807 669 Anno1419.
835 625 874 635 -
900 605 947 652 12.
971 592 1050 652 maii.
1422 588 1463 670 67

307 801 407 864 lutati
431 799 666 884 adjudicarunt,
687 802 776 886 quod
793 803 868 885 quia
891 801 1083 865 Benedictus
1102 815 1133 864 et
1151 801 1270 864 Paulus
1287 801 1336 864 bis
1363 801 1462 864 boves

205 906 244 967 ad
268 906 426 988 justiciam
450 921 587 971 statuere
604 928 670 972 non
694 921 856 990 curarunt,
872 909 946 971 ideo
963 921 1076 972 octavo
1101 908 1154 971 die
1171 907 1302 970 eosdem
1326 919 1463 970 statuere

203 1014 410 1076 tenebuntur.

278 1250 425 1323 sabbato
452 1255 606 1342 proximo
635 1259 713 1342 post
739 1253 864 1326 testum
892 1253 1100 1328 lnvenclonis
1128 1259 1245 1326 sancte
1273 1255 1395 1326 crucis.

753 1404 797 1486 (6.
822 1409 915 1484 maia).

314 1545 464 1606 Seniores
487 1545 608 1628 judices
638 1545 863 1630 adjudicarunt
892 1547 992 1610 intem
1018 1546 1197 1610 lohannem
1222 1547 1334 1610 Plusar
1364 1561 1395 1610 et
1418 1548 1465 1630 ju-

206 1651 311 1714 dicem
337 1651 538 1714 Anthonium
562 1653 691 1715 racione
723 1654 889 1716 cuiusdam
914 1654 980 1716 vini
1006 1655 1065 1737 ipsi
1095 1653 1195 1736 judici
1219 1653 1385 1716 Anthonio
1410 1675 1466 1737 per

203 1757 343 1819 eundem
361 1758 541 1820 lohannem
566 1759 642 1838 deti,
659 1759 748 1842 quod
769 1759 855 1822 idem
873 1759 1035 1822 lohannes
1058 1773 1172 1822 octavo
1189 1759 1240 1822 die
1265 1759 1466 1842 presencium

201 1864 363 1927 secundus
387 1885 419 1926 se
444 1883 539 1948 super
563 1885 602 1928 eo
619 1865 835 1947 juramentum
857 1879 997 1948 prestare
1018 1866 1189 1946 tenebitur,
1213 1865 1302 1948 quod
1327 1867 1394 1948 ipse
1412 1866 1465 1928 lo·

202 1968 326 2032 hannes
349 1970 454 2032 eidem
479 1970 645 2034 Anthonio
672 1971 712 2033 de
736 1971 829 2034 vinea
853 1990 910 2034 sua
934 1973 1056 2034 bonum
1080 1984 1111 2034 et
1134 1990 1251 2054 purum
1276 1971 1387 2034 vinum
1411 1971 1466 2033 de-

205 2076 313 2154 disset,
338 2089 369 2138 et
393 2077 481 2158 quod
506 2096 564 2139 nec
588 2077 655 2159 ipse
680 2077 843 2141 lohannes
874 2097 935 2140 nec
956 2077 1105 2140 homines
1136 2077 1185 2140 sui
1209 2077 1351 2159 aliquam
1376 2076 1466 2139 mali-

203 2184 285 2245 ciam
311 2183 344 2245 in
370 2183 440 2267 ipso
461 2184 538 2246 vino
562 2183 718 2247 fecissent.

207 2419 305 2493 Feria
334 2430 433 2494 serta
460 2426 614 2512 proxima
645 2431 722 2513 post
750 2423 872 2495 iestnrn
900 2421 1136 2512 Appartctonts
1164 2423 1254 2494 beati
1283 2422 1466 2496 Michaelis.

742 2578 804 2652 (12.
826 2577 920 2653 maii).

313 2715 392 2777 ltem
417 2713 592 2797 Gregorius
622 2715 700 2778 alias
733 2715 874 2778 decanus
905 2715 1196 2778 Prebendariorum
1230 2727 1260 2776 et
1285 2713 1468 2798 Stephanus

203 2820 436 2902 prebendarius
460 2821 492 2882 in
517 2821 660 2904 ipsorum
684 2842 720 2885 ac
752 2821 975 2884 universorum
1007 2820 1297 2884 Prebendariorum
1320 2821 1467 2903 personis

204 2942 345 2989 nostram
371 2927 532 2990 veniendo
557 2929 589 2989 in
607 2929 806 3012 presenciam
830 2929 989 3008 dixerunt,
1007 2927 1094 3010 quod
1113 2927 1172 3010 ipsi
1197 2947 1259 2989 una
1284 2946 1358 2988 cum
1375 2927 1468 2990 dictis

206 3033 431 3094 Prebendariis
455 3031 605 3096 fratribus
640 3035 782 3117 ipsorum
808 3033 915 3096 habita
940 3033 1179 3116 composicione
1204 3052 1276 3094 cum
1302 3031 1467 3094 Demetrio

206 3137 311 3218 jurato
336 3139 467 3201 concive
492 3153 612 3219 nostro,
637 3141 740 3223 ipsum
766 3140 967 3202 Demetrium
995 3159 1092 3222 super
1114 3139 1271 3201 universis
1295 3139 1411 3201 debitis
1435 3139 1467 3200 in

205 3245 325 3326 quibus
356 3246 462 3328 ipsum
494 3245 621 3308 racione
654 3247 834 3309 testamenti
866 3245 1003 3308 condam
1041 3245 1138 3308 Blasii
1171 3233 1297 3328 nepotis
1330 3244 1468 3307 condam

206 3351 355 3434 Gregorii
381 3353 499 3415 Vsuras
522 3352 702 3415 debitorem
727 3351 794 3416 lore
819 3353 1012 3434 allegabant,
1037 3351 1245 3414 reddiderunt
1270 3351 1467 3434 expeditum.

311 3459 391 3520 ltem
415 3459 531 3522 mulier
555 3459 656 3522 Cussa
688 3473 797 3522 contra
822 3459 989 3522 Simonem
1013 3458 1053 3520 de
1082 3457 1250 3520 Eidrassch
1274 3457 1308 3520 in
1332 3477 1371 3520 eo
1397 3478 1468 3540 pre·

207 3565 286 3629 stitit
309 3563 538 3646 juramentum,
563 3567 650 3649 quod
675 3565 761 3628 idem
779 3566 904 3628 Simoni
929 3564 1034 3628 nullas
1057 3585 1107 3627 res
1123 3584 1183 3627 nee
1206 3564 1317 3628 cistam
1342 3584 1468 3627 servare

206 3669 356 3735 dedisset.

312 3777 391 3839 ltem
409 3777 554 3840 Thomas
570 3797 658 3841 rasor
673 3799 853 3862 pannorum
871 3792 902 3840 et
918 3776 1110 3856 Patriarcha,
1127 3789 1273 3856 sartores,
1291 3796 1364 3838 cum
1381 3775 1468 3838 testi-

208 3884 321 3946 monio
353 3885 622 3965 comprobarunt,
654 3886 742 3966 quod
773 3885 851 3947 dum
884 3885 1008 3946 Franch
1041 3883 1073 3946 in
1105 3883 1254 3946 extremis
1281 3883 1468 3964 laborasset,

207 4005 282 4053 tunc
296 3991 444 4052 universa
462 3992 619 4053 bonasus
637 4005 668 4054 et
684 3992 811 4054 vineam
829 3991 860 4052 in
881 3991 1041 4054 territorio
1059 4003 1168 4052 nostro
1185 3989 1328 4052 habitam
1345 3989 1466 4052 eisdem

207 4097 346 4158 vendere
379 4097 591 4159 commisisset
623 4111 653 4160 et
676 4097 846 4180 disponere
875 4097 914 4159 de
946 4097 1085 4170 eisdem;
1112 4109 1143 4158 et
1174 4095 1232 4178 ipsi
1257 4095 1467 4158 commissarii

209 4202 332 4265 ibidem
358 4202 516 4282 dixerunt,
545 4203 633 4285 quod
666 4203 801 4266 eandem
833 4204 966 4266 Hernko
998 4201 1217 4265 vendidissent
1248 4203 1375 4265 vineam
1399 4222 1469 4286 pre·

209 4307 327 4370 dictam
352 4328 389 4370 ex
414 4322 502 4371 sexto
527 4309 646 4371 cubulo
670 4309 938 4372 condicionalem.

312 4415 391 4476 ltem
417 4415 582 4477 Emericus
605 4435 722 4498 parvus
745 4429 855 4478 contra
881 4416 1054 4477 Martinam
1079 4427 1232 4476 sartorem
1257 4413 1398 4476 secundo
1426 4414 1468 4475 ci·

208 4533 291 4583 tatus
315 4540 381 4582 non
406 4521 596 4603 comparuit.

313 4627 393 4689 Item
418 4627 519 4689 Cussa
543 4627 660 4689 mulier
683 4645 756 4688 cum
780 4624 951 4689 sufficienti
975 4627 1161 4688 testimonio
1185 4639 1368 4688 nostrorum
1393 4645 1470 4688 con-

208 4734 326 4796 civium
360 4733 594 4815 comprobavit,
625 4733 712 4815 quod
744 4732 883 4814 quedam
915 4733 1069 4794 medietas
1101 4733 1217 4794 domus
1241 4745 1272 4794 et
1295 4731 1415 4793 cellarii
1440 4743 1471 4793 et

207 4839 296 4902 fundi
322 4841 405 4902 inter
430 4837 547 4901 lundos
563 4839 739 4901 liberorum
764 4839 901 4900 condam
920 4839 1048 4900 Martini
1073 4837 1179 4899 claudi
1197 4851 1229 4900 et
1253 4837 1377 4898 Nicolai
1397 4835 1468 4898 ruffi

208 4945 325 5024 habita,
349 4945 389 5007 ad
414 4945 516 5028 ipsam
541 4967 557 5007 a
584 4945 684 5006 Paulo
709 4945 824 5006 marito
848 4964 907 5005 suo
931 4945 1090 5026 adipeam
1115 4943 1265 5004 devoluta
1290 4943 1471 5022 haberetur,

209 5051 281 5114 ideo
306 5053 444 5114 eandem
469 5052 575 5114 eidem
600 5052 770 5114 statuimus
794 5051 1032 5133 possidendam.
1364 5133 1377 5164 *
