<?xml version="1.0" encoding="UTF-8"?>
<!DOCTYPE html PUBLIC "-//W3C//DTD XHTML 1.0 Transitional//EN"
    "http://www.w3.org/TR/xhtml1/DTD/xhtml1-transitional.dtd">
<html xmlns="http://www.w3.org/1999/xhtml" xml:lang="en" lang="en">
 <head>
  <title>
</title>
<meta http-equiv="Content-Type" content="text/html;charset=utf-8" />
  <meta name='ocr-system' content='tesseract 3.04.00' />
  <meta name='ocr-capabilities' content='ocr_page ocr_carea ocr_par ocr_line ocrx_word'/>
</head>
<body>
  <div class='ocr_page' id='page_1' title='image "./monumentahistor14laszgoog_0188.png"; bbox 0 0 3740 5810; ppageno 0'>
   <div class='ocr_carea' id='block_1_1' title="bbox 438 544 1286 620">
    <p class='ocr_par' dir='ltr' id='par_1_1' title="bbox 438 544 1286 620">
     <span class='ocr_line' id='line_1_1' title="bbox 438 544 1286 620; baseline 0.007 -21"><span class='ocrx_word' id='word_1_1' title='bbox 438 558 497 618; x_wconf 90' lang='lat'>¹40</span> <span class='ocrx_word' id='word_1_2' title='bbox 860 544 946 600; x_wconf 82' lang='lat' dir='ltr'>Anno</span> <span class='ocrx_word' id='word_1_3' title='bbox 970 557 1058 620; x_wconf 75' lang='lat'><em>1431.</em></span> <span class='ocrx_word' id='word_1_4' title='bbox 1085 577 1125 588; x_wconf 91' lang='lat'>-</span> <span class='ocrx_word' id='word_1_5' title='bbox 1150 558 1177 606; x_wconf 87' lang='lat'>1.</span> <span class='ocrx_word' id='word_1_6' title='bbox 1192 547 1286 620; x_wconf 64' lang='lat' dir='ltr'>junii.</span> 
     </span>
    </p>
   </div>
   <div class='ocr_carea' id='block_1_2' title="bbox 435 758 1689 995">
    <p class='ocr_par' dir='ltr' id='par_1_2' title="bbox 435 758 1689 995">
     <span class='ocr_line' id='line_1_2' title="bbox 435 758 1689 856; baseline 0.004 -25"><span class='ocrx_word' id='word_1_7' title='bbox 435 758 530 832; x_wconf 87' lang='lat' dir='ltr'>Feria</span> <span class='ocrx_word' id='word_1_8' title='bbox 557 770 657 835; x_wconf 82' lang='lat' dir='ltr'>sexta</span> <span class='ocrx_word' id='word_1_9' title='bbox 684 767 838 852; x_wconf 82' lang='lat' dir='ltr'>proxima</span> <span class='ocrx_word' id='word_1_10' title='bbox 867 772 943 853; x_wconf 91' lang='lat' dir='ltr'>post</span> <span class='ocrx_word' id='word_1_11' title='bbox 971 765 1093 836; x_wconf 88' lang='lat' dir='ltr'>lestum</span> <span class='ocrx_word' id='word_1_12' title='bbox 1121 765 1350 836; x_wconf 78' lang='lat' dir='ltr'>sacratissimi</span> <span class='ocrx_word' id='word_1_13' title='bbox 1379 764 1536 856; x_wconf 82' lang='lat' dir='ltr'>Corporis</span> <span class='ocrx_word' id='word_1_14' title='bbox 1561 764 1689 838; x_wconf 80' lang='lat' dir='ltr'>Christi.</span> 
     </span>
     <span class='ocr_line' id='line_1_3' title="bbox 978 919 1150 995; baseline 0.023 -19"><span class='ocrx_word' id='word_1_15' title='bbox 978 919 1019 994; x_wconf 84' lang='lat'>(1.</span> <span class='ocrx_word' id='word_1_16' title='bbox 1044 919 1150 995; x_wconf 84' lang='lat' dir='ltr'>junii).</span> 
     </span>
    </p>
   </div>
   <div class='ocr_carea' id='block_1_3' title="bbox 424 1057 1692 5083">
    <p class='ocr_par' dir='ltr' id='par_1_3' title="bbox 432 1057 1692 1674">
     <span class='ocr_line' id='line_1_4' title="bbox 538 1057 1690 1143; baseline 0.002 -25"><span class='ocrx_word' id='word_1_17' title='bbox 538 1057 616 1118; x_wconf 91' lang='lat' dir='ltr'>ltem</span> <span class='ocrx_word' id='word_1_18' title='bbox 641 1059 716 1138; x_wconf 88' lang='lat' dir='ltr'>quia</span> <span class='ocrx_word' id='word_1_19' title='bbox 731 1063 838 1139; x_wconf 80' lang='lat' dir='ltr'><strong>Agnes</strong></span> <span class='ocrx_word' id='word_1_20' title='bbox 861 1058 926 1120; x_wconf 87' lang='lat' dir='ltr'>filia</span> <span class='ocrx_word' id='word_1_21' title='bbox 948 1059 1086 1121; x_wconf 87' lang='lat' dir='ltr'>condam</span> <span class='ocrx_word' id='word_1_22' title='bbox 1111 1059 1240 1143; x_wconf 87' lang='lat' dir='ltr'>Mathey</span> <span class='ocrx_word' id='word_1_23' title='bbox 1264 1060 1304 1123; x_wconf 91' lang='lat' dir='ltr'>de</span> <span class='ocrx_word' id='word_1_24' title='bbox 1323 1059 1494 1139; x_wconf 89' lang='lat' dir='ltr'>Kraleuch,</span> <span class='ocrx_word' id='word_1_25' title='bbox 1518 1080 1603 1123; x_wconf 89' lang='lat' dir='ltr'>nunc</span> <span class='ocrx_word' id='word_1_26' title='bbox 1620 1080 1690 1121; x_wconf 91' lang='lat' dir='ltr'>con-</span> 
     </span>
     <span class='ocr_line' id='line_1_5' title="bbox 433 1161 1689 1250; baseline 0.002 -26"><span class='ocrx_word' id='word_1_27' title='bbox 433 1183 500 1225; x_wconf 89' lang='lat' dir='ltr'>sors</span> <span class='ocrx_word' id='word_1_28' title='bbox 524 1164 679 1226; x_wconf 79' lang='lat' dir='ltr'>iohannis</span> <span class='ocrx_word' id='word_1_29' title='bbox 704 1161 869 1248; x_wconf 89' lang='lat' dir='ltr'>Kunsycb,</span> <span class='ocrx_word' id='word_1_30' title='bbox 894 1165 1109 1246; x_wconf 72' lang='lat' dir='ltr'>juramentum</span> <span class='ocrx_word' id='word_1_31' title='bbox 1133 1166 1192 1228; x_wconf 87' lang='lat' dir='ltr'>sibi</span> <span class='ocrx_word' id='word_1_32' title='bbox 1211 1167 1313 1249; x_wconf 89' lang='lat' dir='ltr'>pridie</span> <span class='ocrx_word' id='word_1_33' title='bbox 1345 1187 1401 1250; x_wconf 89' lang='lat' dir='ltr'>per</span> <span class='ocrx_word' id='word_1_34' title='bbox 1426 1167 1545 1248; x_wconf 89' lang='lat' dir='ltr'>juratos</span> <span class='ocrx_word' id='word_1_35' title='bbox 1569 1166 1689 1247; x_wconf 90' lang='lat' dir='ltr'>adjudi-</span> 
     </span>
     <span class='ocr_line' id='line_1_6' title="bbox 433 1273 1689 1356; baseline 0 -24"><span class='ocrx_word' id='word_1_36' title='bbox 433 1285 538 1333; x_wconf 90' lang='lat' dir='ltr'>catum</span> <span class='ocrx_word' id='word_1_37' title='bbox 561 1291 657 1354; x_wconf 88' lang='lat' dir='ltr'>super</span> <span class='ocrx_word' id='word_1_38' title='bbox 680 1289 730 1350; x_wconf 86' lang='lat' dir='ltr'>eu,</span> <span class='ocrx_word' id='word_1_39' title='bbox 762 1286 797 1334; x_wconf 93' lang='lat' dir='ltr'>ut</span> <span class='ocrx_word' id='word_1_40' title='bbox 821 1273 888 1354; x_wconf 89' lang='lat' dir='ltr'>ipsa</span> <span class='ocrx_word' id='word_1_41' title='bbox 920 1273 1107 1354; x_wconf 86' lang='lat' dir='ltr'>porcionem</span> <span class='ocrx_word' id='word_1_42' title='bbox 1132 1293 1223 1334; x_wconf 86' lang='lat' dir='ltr'>suam</span> <span class='ocrx_word' id='word_1_43' title='bbox 1253 1273 1355 1356; x_wconf 82' lang='lat' dir='ltr'>ipsam</span> <span class='ocrx_word' id='word_1_44' title='bbox 1379 1273 1412 1334; x_wconf 92' lang='lat' dir='ltr'>in</span> <span class='ocrx_word' id='word_1_45' title='bbox 1437 1273 1689 1355; x_wconf 81' lang='lat' dir='ltr'>possessionibus</span> 
     </span>
     <span class='ocr_line' id='line_1_7' title="bbox 433 1376 1692 1459; baseline 0.002 -21"><span class='ocrx_word' id='word_1_46' title='bbox 433 1376 566 1459; x_wconf 85' lang='lat' dir='ltr'>predicti</span> <span class='ocrx_word' id='word_1_47' title='bbox 598 1378 695 1459; x_wconf 87' lang='lat' dir='ltr'>patris</span> <span class='ocrx_word' id='word_1_48' title='bbox 726 1378 773 1439; x_wconf 90' lang='lat' dir='ltr'>sui</span> <span class='ocrx_word' id='word_1_49' title='bbox 808 1391 1067 1457; x_wconf 90' lang='lat' dir='ltr'>concernentem,</span> <span class='ocrx_word' id='word_1_50' title='bbox 1089 1380 1199 1441; x_wconf 84' lang='lat' dir='ltr'>Marco</span> <span class='ocrx_word' id='word_1_51' title='bbox 1231 1378 1319 1442; x_wconf 83' lang='lat' dir='ltr'>fratri</span> <span class='ocrx_word' id='word_1_52' title='bbox 1349 1400 1498 1442; x_wconf 86' lang='lat' dir='ltr'>sunnon</span> <span class='ocrx_word' id='word_1_53' title='bbox 1524 1380 1692 1442; x_wconf 84' lang='lat' dir='ltr'>remisisset</span> 
     </span>
     <span class='ocr_line' id='line_1_8' title="bbox 433 1483 1688 1568; baseline 0.002 -24"><span class='ocrx_word' id='word_1_54' title='bbox 433 1503 492 1546; x_wconf 89' lang='lat' dir='ltr'>nec</span> <span class='ocrx_word' id='word_1_55' title='bbox 522 1483 730 1567; x_wconf 86' lang='lat' dir='ltr'>propinasset,</span> <span class='ocrx_word' id='word_1_56' title='bbox 756 1485 891 1566; x_wconf 90' lang='lat' dir='ltr'>prestitit</span> <span class='ocrx_word' id='word_1_57' title='bbox 921 1505 1128 1567; x_wconf 86' lang='lat' dir='ltr'>superatam</span> <span class='ocrx_word' id='word_1_58' title='bbox 1161 1500 1196 1547; x_wconf 91' lang='lat' dir='ltr'>ut</span> <span class='ocrx_word' id='word_1_59' title='bbox 1220 1485 1341 1565; x_wconf 86' lang='lat' dir='ltr'>debuit,</span> <span class='ocrx_word' id='word_1_60' title='bbox 1375 1485 1449 1548; x_wconf 90' lang='lat' dir='ltr'>ideo</span> <span class='ocrx_word' id='word_1_61' title='bbox 1473 1486 1540 1568; x_wconf 89' lang='lat' dir='ltr'>ipse</span> <span class='ocrx_word' id='word_1_62' title='bbox 1567 1485 1688 1547; x_wconf 88' lang='lat' dir='ltr'>Marcus</span> 
     </span>
     <span class='ocr_line' id='line_1_9' title="bbox 432 1590 1533 1674; baseline 0.003 -23"><span class='ocrx_word' id='word_1_63' title='bbox 432 1591 550 1653; x_wconf 90' lang='lat' dir='ltr'>dictam</span> <span class='ocrx_word' id='word_1_64' title='bbox 574 1595 734 1672; x_wconf 86' lang='lat' dir='ltr'>Agnetem</span> <span class='ocrx_word' id='word_1_65' title='bbox 758 1590 930 1673; x_wconf 86' lang='lat' dir='ltr'>superinde</span> <span class='ocrx_word' id='word_1_66' title='bbox 955 1591 1095 1652; x_wconf 89' lang='lat' dir='ltr'>reddidit</span> <span class='ocrx_word' id='word_1_67' title='bbox 1119 1590 1300 1674; x_wconf 83' lang='lat' dir='ltr'>expeditam</span> <span class='ocrx_word' id='word_1_68' title='bbox 1326 1605 1356 1654; x_wconf 93' lang='lat' dir='ltr'>et</span> <span class='ocrx_word' id='word_1_69' title='bbox 1380 1592 1533 1672; x_wconf 86' lang='lat' dir='ltr'>quietam.</span> 
     </span>
    </p>

    <p class='ocr_par' dir='ltr' id='par_1_4' title="bbox 429 1696 1691 3487">
     <span class='ocr_line' id='line_1_10' title="bbox 537 1696 1690 1778; baseline 0.001 -21"><span class='ocrx_word' id='word_1_70' title='bbox 537 1697 615 1758; x_wconf 89' lang='lat' dir='ltr'>ltem</span> <span class='ocrx_word' id='word_1_71' title='bbox 642 1697 717 1777; x_wconf 87' lang='lat' dir='ltr'>quia</span> <span class='ocrx_word' id='word_1_72' title='bbox 744 1696 943 1778; x_wconf 82' lang='lat' dir='ltr'>Margaretha</span> <span class='ocrx_word' id='word_1_73' title='bbox 961 1697 1069 1759; x_wconf 87' lang='lat' dir='ltr'>relicta</span> <span class='ocrx_word' id='word_1_74' title='bbox 1089 1711 1121 1760; x_wconf 89' lang='lat' dir='ltr'>et</span> <span class='ocrx_word' id='word_1_75' title='bbox 1144 1697 1237 1759; x_wconf 84' lang='lat' dir='ltr'>Vltus</span> <span class='ocrx_word' id='word_1_76' title='bbox 1261 1718 1296 1760; x_wconf 88' lang='lat' dir='ltr'>ac</span> <span class='ocrx_word' id='word_1_77' title='bbox 1314 1697 1467 1760; x_wconf 87' lang='lat' dir='ltr'>Nicolaus</span> <span class='ocrx_word' id='word_1_78' title='bbox 1491 1697 1548 1760; x_wconf 89' lang='lat' dir='ltr'>filii</span> <span class='ocrx_word' id='word_1_79' title='bbox 1568 1698 1690 1759; x_wconf 87' lang='lat' dir='ltr'>Lucasii</span> 
     </span>
     <span class='ocr_line' id='line_1_11' title="bbox 432 1802 1690 1884; baseline 0.005 -22"><span class='ocrx_word' id='word_1_80' title='bbox 432 1802 559 1884; x_wconf 87' lang='lat' dir='ltr'>pistoris</span> <span class='ocrx_word' id='word_1_81' title='bbox 583 1802 639 1864; x_wconf 91' lang='lat' dir='ltr'>filii</span> <span class='ocrx_word' id='word_1_82' title='bbox 666 1803 816 1884; x_wconf 89' lang='lat' dir='ltr'>Munech,</span> <span class='ocrx_word' id='word_1_83' title='bbox 833 1803 1028 1866; x_wconf 82' lang='lat' dir='ltr'>habitatores</span> <span class='ocrx_word' id='word_1_84' title='bbox 1052 1804 1188 1866; x_wconf 85' lang='lat' dir='ltr'>civitatis</span> <span class='ocrx_word' id='word_1_85' title='bbox 1205 1805 1237 1866; x_wconf 93' lang='lat' dir='ltr'>id</span> <span class='ocrx_word' id='word_1_86' title='bbox 1255 1803 1450 1868; x_wconf 86' lang='lat' dir='ltr'>sufficienter</span> <span class='ocrx_word' id='word_1_87' title='bbox 1474 1825 1582 1869; x_wconf 88' lang='lat' dir='ltr'>coram</span> <span class='ocrx_word' id='word_1_88' title='bbox 1599 1806 1690 1868; x_wconf 86' lang='lat' dir='ltr'>nobis</span> 
     </span>
     <span class='ocr_line' id='line_1_12' title="bbox 433 1909 1689 1993; baseline 0.002 -24"><span class='ocrx_word' id='word_1_89' title='bbox 433 1911 685 1992; x_wconf 88' lang='lat' dir='ltr'>comprobarunt</span> <span class='ocrx_word' id='word_1_90' title='bbox 710 1910 741 1970; x_wconf 95' lang='lat' dir='ltr'>in</span> <span class='ocrx_word' id='word_1_91' title='bbox 767 1910 888 1992; x_wconf 89' lang='lat' dir='ltr'>judicio</span> <span class='ocrx_word' id='word_1_92' title='bbox 921 1924 951 1972; x_wconf 90' lang='lat' dir='ltr'>et</span> <span class='ocrx_word' id='word_1_93' title='bbox 984 1909 1163 1991; x_wconf 87' lang='lat' dir='ltr'>manifeste,</span> <span class='ocrx_word' id='word_1_94' title='bbox 1196 1925 1230 1972; x_wconf 93' lang='lat' dir='ltr'>ut</span> <span class='ocrx_word' id='word_1_95' title='bbox 1258 1911 1397 1993; x_wconf 83' lang='lat' dir='ltr'>quedam</span> <span class='ocrx_word' id='word_1_96' title='bbox 1430 1912 1523 1973; x_wconf 88' lang='lat' dir='ltr'>vinea</span> <span class='ocrx_word' id='word_1_97' title='bbox 1548 1912 1580 1974; x_wconf 91' lang='lat' dir='ltr'>in</span> <span class='ocrx_word' id='word_1_98' title='bbox 1606 1912 1689 1973; x_wconf 90' lang='lat' dir='ltr'>terri-</span> 
     </span>
     <span class='ocr_line' id='line_1_13' title="bbox 431 2009 1691 2100; baseline 0.002 -24"><span class='ocrx_word' id='word_1_99' title='bbox 431 2015 514 2077; x_wconf 90' lang='lat' dir='ltr'>torio</span> <span class='ocrx_word' id='word_1_100' title='bbox 534 2017 680 2095; x_wconf 89' lang='lat' dir='ltr'>civitatis,</span> <span class='ocrx_word' id='word_1_101' title='bbox 703 2016 787 2098; x_wconf 85' lang='lat' dir='ltr'>juxta</span> <span class='ocrx_word' id='word_1_102' title='bbox 811 2031 959 2078; x_wconf 91' lang='lat' dir='ltr'>contenta</span> <span class='ocrx_word' id='word_1_103' title='bbox 985 2009 1150 2079; x_wconf 76' lang='lat' dir='ltr'>literarur‘n</span> <span class='ocrx_word' id='word_1_104' title='bbox 1174 2017 1424 2099; x_wconf 80' lang='lat' dir='ltr'>privilegialium</span> <span class='ocrx_word' id='word_1_105' title='bbox 1438 2019 1537 2100; x_wconf 90' lang='lat' dir='ltr'>ipsius</span> <span class='ocrx_word' id='word_1_106' title='bbox 1560 2017 1691 2080; x_wconf 89' lang='lat' dir='ltr'>civitatis</span> 
     </span>
     <span class='ocr_line' id='line_1_14' title="bbox 431 2123 1689 2207; baseline 0.003 -25"><span class='ocrx_word' id='word_1_107' title='bbox 431 2141 490 2203; x_wconf 90' lang='lat' dir='ltr'>pro</span> <span class='ocrx_word' id='word_1_108' title='bbox 514 2137 603 2204; x_wconf 90' lang='lat' dir='ltr'>parte</span> <span class='ocrx_word' id='word_1_109' title='bbox 628 2123 772 2185; x_wconf 87' lang='lat' dir='ltr'>eiusdem</span> <span class='ocrx_word' id='word_1_110' title='bbox 800 2123 923 2184; x_wconf 90' lang='lat' dir='ltr'>Lucasii</span> <span class='ocrx_word' id='word_1_111' title='bbox 949 2124 1077 2207; x_wconf 87' lang='lat' dir='ltr'>pistoris</span> <span class='ocrx_word' id='word_1_112' title='bbox 1100 2143 1197 2207; x_wconf 91' lang='lat' dir='ltr'>super</span> <span class='ocrx_word' id='word_1_113' title='bbox 1225 2125 1338 2187; x_wconf 88' lang='lat' dir='ltr'>eadem</span> <span class='ocrx_word' id='word_1_114' title='bbox 1362 2125 1455 2186; x_wconf 89' lang='lat' dir='ltr'>vinea</span> <span class='ocrx_word' id='word_1_115' title='bbox 1477 2123 1689 2187; x_wconf 87' lang='lat' dir='ltr'>confectarum</span> 
     </span>
     <span class='ocr_line' id='line_1_15' title="bbox 433 2228 1690 2313; baseline 0.002 -24"><span class='ocrx_word' id='word_1_116' title='bbox 433 2229 533 2311; x_wconf 90' lang='lat' dir='ltr'>ipsius</span> <span class='ocrx_word' id='word_1_117' title='bbox 558 2229 684 2290; x_wconf 90' lang='lat' dir='ltr'>Lucasii</span> <span class='ocrx_word' id='word_1_118' title='bbox 710 2228 896 2308; x_wconf 77' lang='lat' dir='ltr'>literatorie,</span> <span class='ocrx_word' id='word_1_119' title='bbox 920 2229 1021 2293; x_wconf 89' lang='lat' dir='ltr'>libera</span> <span class='ocrx_word' id='word_1_120' title='bbox 1050 2229 1176 2308; x_wconf 72' lang='lat' dir='ltr'>luisset,</span> <span class='ocrx_word' id='word_1_121' title='bbox 1196 2231 1363 2313; x_wconf 87' lang='lat' dir='ltr'>ipsamque</span> <span class='ocrx_word' id='word_1_122' title='bbox 1387 2231 1623 2313; x_wconf 81' lang='lat' dir='ltr'>Margaretham</span> <span class='ocrx_word' id='word_1_123' title='bbox 1646 2250 1690 2292; x_wconf 91' lang='lat' dir='ltr'>re-</span> 
     </span>
     <span class='ocr_line' id='line_1_16' title="bbox 433 2335 1689 2420; baseline 0.002 -24"><span class='ocrx_word' id='word_1_124' title='bbox 433 2335 540 2398; x_wconf 90' lang='lat' dir='ltr'>lictam</span> <span class='ocrx_word' id='word_1_125' title='bbox 565 2349 596 2398; x_wconf 92' lang='lat' dir='ltr'>et</span> <span class='ocrx_word' id='word_1_126' title='bbox 620 2335 723 2397; x_wconf 90' lang='lat' dir='ltr'>dictos</span> <span class='ocrx_word' id='word_1_127' title='bbox 739 2336 850 2398; x_wconf 84' lang='lat' dir='ltr'>Virum</span> <span class='ocrx_word' id='word_1_128' title='bbox 868 2349 899 2398; x_wconf 89' lang='lat' dir='ltr'>et</span> <span class='ocrx_word' id='word_1_129' title='bbox 922 2337 1093 2400; x_wconf 92' lang='lat' dir='ltr'>Nicolaum</span> <span class='ocrx_word' id='word_1_130' title='bbox 1111 2336 1195 2400; x_wconf 88' lang='lat' dir='ltr'>filios</span> <span class='ocrx_word' id='word_1_131' title='bbox 1212 2337 1312 2420; x_wconf 90' lang='lat' dir='ltr'>ipsius</span> <span class='ocrx_word' id='word_1_132' title='bbox 1329 2338 1456 2401; x_wconf 85' lang='lat' dir='ltr'>Lucasii</span> <span class='ocrx_word' id='word_1_133' title='bbox 1480 2352 1553 2420; x_wconf 89' lang='lat' dir='ltr'>post</span> <span class='ocrx_word' id='word_1_134' title='bbox 1569 2339 1689 2400; x_wconf 92' lang='lat' dir='ltr'>obitum</span> 
     </span>
     <span class='ocr_line' id='line_1_17' title="bbox 432 2442 1686 2527; baseline 0.001 -23"><span class='ocrx_word' id='word_1_135' title='bbox 432 2442 576 2504; x_wconf 91' lang='lat' dir='ltr'>eiusdem</span> <span class='ocrx_word' id='word_1_136' title='bbox 602 2442 670 2523; x_wconf 88' lang='lat' dir='ltr'>jure</span> <span class='ocrx_word' id='word_1_137' title='bbox 694 2443 899 2522; x_wconf 90' lang='lat' dir='ltr'>hereditario,</span> <span class='ocrx_word' id='word_1_138' title='bbox 935 2444 1063 2505; x_wconf 89' lang='lat' dir='ltr'>nemine</span> <span class='ocrx_word' id='word_1_139' title='bbox 1093 2444 1220 2526; x_wconf 90' lang='lat' dir='ltr'>penitus</span> <span class='ocrx_word' id='word_1_140' title='bbox 1250 2444 1333 2506; x_wconf 88' lang='lat' dir='ltr'>trina</span> <span class='ocrx_word' id='word_1_141' title='bbox 1365 2444 1467 2506; x_wconf 87' lang='lat' dir='ltr'>eciam</span> <span class='ocrx_word' id='word_1_142' title='bbox 1492 2444 1609 2507; x_wconf 85' lang='lat' dir='ltr'>forensi</span> <span class='ocrx_word' id='word_1_143' title='bbox 1633 2463 1686 2527; x_wconf 90' lang='lat' dir='ltr'>pu-</span> 
     </span>
     <span class='ocr_line' id='line_1_18' title="bbox 431 2549 1687 2634; baseline 0.002 -25"><span class='ocrx_word' id='word_1_144' title='bbox 431 2549 513 2610; x_wconf 91' lang='lat' dir='ltr'>blica</span> <span class='ocrx_word' id='word_1_145' title='bbox 538 2551 795 2632; x_wconf 90' lang='lat' dir='ltr'>proclamacione</span> <span class='ocrx_word' id='word_1_146' title='bbox 819 2550 991 2632; x_wconf 88' lang='lat' dir='ltr'>superinde</span> <span class='ocrx_word' id='word_1_147' title='bbox 1016 2549 1097 2612; x_wconf 86' lang='lat' dir='ltr'>facta</span> <span class='ocrx_word' id='word_1_148' title='bbox 1121 2570 1313 2612; x_wconf 88' lang='lat' dir='ltr'>concernere</span> <span class='ocrx_word' id='word_1_149' title='bbox 1341 2551 1519 2631; x_wconf 88' lang='lat' dir='ltr'>videbatur,</span> <span class='ocrx_word' id='word_1_150' title='bbox 1543 2567 1573 2614; x_wconf 93' lang='lat' dir='ltr'>et</span> <span class='ocrx_word' id='word_1_151' title='bbox 1596 2572 1687 2634; x_wconf 91' lang='lat' dir='ltr'>super</span> 
     </span>
     <span class='ocr_line' id='line_1_19' title="bbox 430 2656 1684 2740; baseline 0.002 -24"><span class='ocrx_word' id='word_1_152' title='bbox 430 2656 560 2718; x_wconf 89' lang='lat' dir='ltr'>eosdem</span> <span class='ocrx_word' id='word_1_153' title='bbox 586 2657 656 2738; x_wconf 90' lang='lat' dir='ltr'>ipso</span> <span class='ocrx_word' id='word_1_154' title='bbox 679 2657 748 2738; x_wconf 87' lang='lat' dir='ltr'>jure</span> <span class='ocrx_word' id='word_1_155' title='bbox 765 2657 958 2719; x_wconf 87' lang='lat' dir='ltr'>hereditario</span> <span class='ocrx_word' id='word_1_156' title='bbox 978 2657 1129 2719; x_wconf 89' lang='lat' dir='ltr'>devoluta</span> <span class='ocrx_word' id='word_1_157' title='bbox 1147 2657 1281 2720; x_wconf 90' lang='lat' dir='ltr'>habetur</span> <span class='ocrx_word' id='word_1_158' title='bbox 1297 2671 1393 2740; x_wconf 89' lang='lat' dir='ltr'>atque</span> <span class='ocrx_word' id='word_1_159' title='bbox 1410 2659 1586 2721; x_wconf 87' lang='lat' dir='ltr'>redundata</span> <span class='ocrx_word' id='word_1_160' title='bbox 1604 2659 1684 2720; x_wconf 82' lang='lat' dir='ltr'>iuxta</span> 
     </span>
     <span class='ocr_line' id='line_1_20' title="bbox 430 2763 1685 2847; baseline 0.002 -24"><span class='ocrx_word' id='word_1_161' title='bbox 430 2763 529 2843; x_wconf 89' lang='lat' dir='ltr'>ipsius</span> <span class='ocrx_word' id='word_1_162' title='bbox 554 2764 689 2826; x_wconf 88' lang='lat' dir='ltr'>civitatis</span> <span class='ocrx_word' id='word_1_163' title='bbox 713 2765 878 2846; x_wconf 89' lang='lat' dir='ltr'>antiquam</span> <span class='ocrx_word' id='word_1_164' title='bbox 895 2765 1161 2826; x_wconf 88' lang='lat' dir='ltr'>consvetudinem</span> <span class='ocrx_word' id='word_1_165' title='bbox 1186 2779 1217 2826; x_wconf 92' lang='lat' dir='ltr'>et</span> <span class='ocrx_word' id='word_1_166' title='bbox 1241 2765 1476 2847; x_wconf 87' lang='lat' dir='ltr'>privilegiatam</span> <span class='ocrx_word' id='word_1_167' title='bbox 1500 2766 1685 2843; x_wconf 88' lang='lat' dir='ltr'>libertatem,</span> 
     </span>
     <span class='ocr_line' id='line_1_21' title="bbox 430 2869 1686 2954; baseline 0.004 -25"><span class='ocrx_word' id='word_1_168' title='bbox 430 2869 504 2930; x_wconf 90' lang='lat' dir='ltr'>ideo</span> <span class='ocrx_word' id='word_1_169' title='bbox 522 2889 580 2930; x_wconf 92' lang='lat' dir='ltr'>nos</span> <span class='ocrx_word' id='word_1_170' title='bbox 597 2870 733 2934; x_wconf 86' lang='lat' dir='ltr'>eandem</span> <span class='ocrx_word' id='word_1_171' title='bbox 752 2872 878 2932; x_wconf 86' lang='lat' dir='ltr'>vineam</span> <span class='ocrx_word' id='word_1_172' title='bbox 897 2871 1031 2953; x_wconf 89' lang='lat' dir='ltr'>predicti</span> <span class='ocrx_word' id='word_1_173' title='bbox 1049 2871 1175 2933; x_wconf 90' lang='lat' dir='ltr'>Lucasii</span> <span class='ocrx_word' id='word_1_174' title='bbox 1193 2871 1321 2954; x_wconf 90' lang='lat' dir='ltr'>pistoris</span> <span class='ocrx_word' id='word_1_175' title='bbox 1337 2870 1468 2953; x_wconf 85' lang='lat' dir='ltr'>prelatis</span> <span class='ocrx_word' id='word_1_176' title='bbox 1492 2871 1686 2954; x_wconf 86' lang='lat' dir='ltr'>Margarethe</span> 
     </span>
     <span class='ocr_line' id='line_1_22' title="bbox 429 2976 1686 3060; baseline 0.002 -24"><span class='ocrx_word' id='word_1_177' title='bbox 429 2976 537 3037; x_wconf 90' lang='lat' dir='ltr'>relicte</span> <span class='ocrx_word' id='word_1_178' title='bbox 563 2992 593 3038; x_wconf 90' lang='lat' dir='ltr'>et</span> <span class='ocrx_word' id='word_1_179' title='bbox 618 2977 691 3038; x_wconf 91' lang='lat' dir='ltr'>Vito</span> <span class='ocrx_word' id='word_1_180' title='bbox 715 2997 751 3038; x_wconf 94' lang='lat' dir='ltr'>ac</span> <span class='ocrx_word' id='word_1_181' title='bbox 776 2977 911 3039; x_wconf 91' lang='lat' dir='ltr'>Nicolao</span> <span class='ocrx_word' id='word_1_182' title='bbox 934 2976 1009 3038; x_wconf 88' lang='lat' dir='ltr'>filiis</span> <span class='ocrx_word' id='word_1_183' title='bbox 1040 2979 1194 3060; x_wconf 91' lang='lat' dir='ltr'>sepedicti</span> <span class='ocrx_word' id='word_1_184' title='bbox 1220 2978 1346 3040; x_wconf 86' lang='lat' dir='ltr'>Lucasii</span> <span class='ocrx_word' id='word_1_185' title='bbox 1371 2978 1515 3060; x_wconf 88' lang='lat' dir='ltr'>predicto</span> <span class='ocrx_word' id='word_1_186' title='bbox 1545 2978 1613 3058; x_wconf 89' lang='lat' dir='ltr'>jure</span> <span class='ocrx_word' id='word_1_187' title='bbox 1636 2979 1686 3039; x_wconf 84' lang='lat' dir='ltr'>bc·</span> 
     </span>
     <span class='ocr_line' id='line_1_23' title="bbox 429 3083 1685 3170; baseline 0.003 -28"><span class='ocrx_word' id='word_1_188' title='bbox 429 3083 579 3144; x_wconf 88' lang='lat' dir='ltr'>reditario</span> <span class='ocrx_word' id='word_1_189' title='bbox 604 3084 681 3166; x_wconf 90' lang='lat' dir='ltr'>ipsis</span> <span class='ocrx_word' id='word_1_190' title='bbox 706 3085 904 3146; x_wconf 89' lang='lat' dir='ltr'>incumbenti</span> <span class='ocrx_word' id='word_1_191' title='bbox 929 3104 965 3146; x_wconf 89' lang='lat' dir='ltr'>ac</span> <span class='ocrx_word' id='word_1_192' title='bbox 989 3105 1045 3167; x_wconf 91' lang='lat' dir='ltr'>per</span> <span class='ocrx_word' id='word_1_193' title='bbox 1069 3106 1123 3146; x_wconf 91' lang='lat' dir='ltr'>eos</span> <span class='ocrx_word' id='word_1_194' title='bbox 1147 3086 1290 3167; x_wconf 92' lang='lat' dir='ltr'>ipsorum</span> <span class='ocrx_word' id='word_1_195' title='bbox 1322 3085 1495 3148; x_wconf 93' lang='lat' dir='ltr'>heredibus</span> <span class='ocrx_word' id='word_1_196' title='bbox 1518 3087 1626 3170; x_wconf 88' lang='lat' dir='ltr'>previa</span> <span class='ocrx_word' id='word_1_197' title='bbox 1650 3086 1685 3147; x_wconf 89' lang='lat' dir='ltr'>de</span> 
     </span>
     <span class='ocr_line' id='line_1_24' title="bbox 429 3190 1685 3276; baseline 0.004 -27"><span class='ocrx_word' id='word_1_198' title='bbox 429 3190 557 3252; x_wconf 89' lang='lat' dir='ltr'>racione</span> <span class='ocrx_word' id='word_1_199' title='bbox 581 3191 749 3254; x_wconf 74' lang='lat' dir='ltr'>statuImus</span> <span class='ocrx_word' id='word_1_200' title='bbox 765 3191 993 3273; x_wconf 88' lang='lat' dir='ltr'>possidendam</span> <span class='ocrx_word' id='word_1_201' title='bbox 1010 3205 1165 3274; x_wconf 90' lang='lat' dir='ltr'>perpetuo</span> <span class='ocrx_word' id='word_1_202' title='bbox 1190 3205 1221 3254; x_wconf 91' lang='lat' dir='ltr'>et</span> <span class='ocrx_word' id='word_1_203' title='bbox 1244 3192 1417 3255; x_wconf 89' lang='lat' dir='ltr'>tenendam</span> <span class='ocrx_word' id='word_1_204' title='bbox 1438 3194 1556 3276; x_wconf 85' lang='lat' dir='ltr'>pariter</span> <span class='ocrx_word' id='word_1_205' title='bbox 1579 3208 1609 3256; x_wconf 88' lang='lat' dir='ltr'>et</span> <span class='ocrx_word' id='word_1_206' title='bbox 1634 3193 1685 3254; x_wconf 88' lang='lat' dir='ltr'>ha·</span> 
     </span>
     <span class='ocr_line' id='line_1_25' title="bbox 429 3297 1683 3380; baseline 0.001 -23"><span class='ocrx_word' id='word_1_207' title='bbox 429 3297 567 3358; x_wconf 85' lang='lat' dir='ltr'>bendam</span> <span class='ocrx_word' id='word_1_208' title='bbox 600 3310 631 3358; x_wconf 91' lang='lat' dir='ltr'>et</span> <span class='ocrx_word' id='word_1_209' title='bbox 662 3297 971 3379; x_wconf 90' lang='lat' dir='ltr'>quomodocumque</span> <span class='ocrx_word' id='word_1_210' title='bbox 1003 3299 1165 3361; x_wconf 87' lang='lat' dir='ltr'>voluerint</span> <span class='ocrx_word' id='word_1_211' title='bbox 1201 3298 1436 3380; x_wconf 89' lang='lat' dir='ltr'>disponendam</span> <span class='ocrx_word' id='word_1_212' title='bbox 1467 3298 1553 3380; x_wconf 83' lang='lat' dir='ltr'>juxta</span> <span class='ocrx_word' id='word_1_213' title='bbox 1578 3299 1683 3361; x_wconf 91' lang='lat' dir='ltr'>condi-</span> 
     </span>
     <span class='ocr_line' id='line_1_26' title="bbox 429 3403 1329 3487; baseline 0.002 -22"><span class='ocrx_word' id='word_1_214' title='bbox 429 3404 554 3465; x_wconf 89' lang='lat' dir='ltr'>cionem</span> <span class='ocrx_word' id='word_1_215' title='bbox 580 3403 700 3486; x_wconf 87' lang='lat' dir='ltr'>prelate</span> <span class='ocrx_word' id='word_1_216' title='bbox 724 3405 860 3466; x_wconf 88' lang='lat' dir='ltr'>civitatis</span> <span class='ocrx_word' id='word_1_217' title='bbox 884 3406 923 3466; x_wconf 91' lang='lat' dir='ltr'>ab</span> <span class='ocrx_word' id='word_1_218' title='bbox 948 3405 1082 3486; x_wconf 88' lang='lat' dir='ltr'>antiquo</span> <span class='ocrx_word' id='word_1_219' title='bbox 1110 3407 1329 3487; x_wconf 89' lang='lat' dir='ltr'>approbatam.</span> 
     </span>
    </p>

    <p class='ocr_par' dir='ltr' id='par_1_5' title="bbox 428 3509 1683 3697">
     <span class='ocr_line' id='line_1_27' title="bbox 533 3509 1683 3594; baseline 0.002 -24"><span class='ocrx_word' id='word_1_220' title='bbox 533 3509 610 3572; x_wconf 92' lang='lat' dir='ltr'>ltem</span> <span class='ocrx_word' id='word_1_221' title='bbox 635 3510 780 3573; x_wconf 85' lang='lat' dir='ltr'>Andreas</span> <span class='ocrx_word' id='word_1_222' title='bbox 804 3510 892 3572; x_wconf 86' lang='lat' dir='ltr'>labet</span> <span class='ocrx_word' id='word_1_223' title='bbox 923 3524 1033 3572; x_wconf 90' lang='lat' dir='ltr'>contra</span> <span class='ocrx_word' id='word_1_224' title='bbox 1067 3509 1244 3592; x_wconf 81' lang='lat' dir='ltr'>Georgium</span> <span class='ocrx_word' id='word_1_225' title='bbox 1276 3511 1403 3573; x_wconf 83' lang='lat' dir='ltr'>fabrum</span> <span class='ocrx_word' id='word_1_226' title='bbox 1436 3513 1540 3594; x_wconf 90' lang='lat' dir='ltr'>primo</span> <span class='ocrx_word' id='word_1_227' title='bbox 1574 3513 1683 3574; x_wconf 86' lang='lat' dir='ltr'>citatus</span> 
     </span>
     <span class='ocr_line' id='line_1_28' title="bbox 428 3617 708 3697; baseline 0.007 -21"><span class='ocrx_word' id='word_1_228' title='bbox 428 3634 493 3676; x_wconf 92' lang='lat' dir='ltr'>non</span> <span class='ocrx_word' id='word_1_229' title='bbox 518 3617 708 3697; x_wconf 90' lang='lat' dir='ltr'>comparuit.</span> 
     </span>
    </p>

    <p class='ocr_par' dir='ltr' id='par_1_6' title="bbox 427 3721 1683 3911">
     <span class='ocr_line' id='line_1_29' title="bbox 533 3721 1683 3809; baseline 0.001 -26"><span class='ocrx_word' id='word_1_230' title='bbox 533 3722 613 3784; x_wconf 90' lang='lat' dir='ltr'>Item</span> <span class='ocrx_word' id='word_1_231' title='bbox 637 3723 749 3784; x_wconf 88' lang='lat' dir='ltr'>Petrus</span> <span class='ocrx_word' id='word_1_232' title='bbox 772 3721 893 3802; x_wconf 87' lang='lat' dir='ltr'>juratus</span> <span class='ocrx_word' id='word_1_233' title='bbox 919 3723 1036 3805; x_wconf 88' lang='lat' dir='ltr'>Sablya</span> <span class='ocrx_word' id='word_1_234' title='bbox 1061 3737 1171 3786; x_wconf 90' lang='lat' dir='ltr'>contra</span> <span class='ocrx_word' id='word_1_235' title='bbox 1199 3724 1314 3807; x_wconf 87' lang='lat' dir='ltr'>Elyam</span> <span class='ocrx_word' id='word_1_236' title='bbox 1339 3740 1494 3787; x_wconf 88' lang='lat' dir='ltr'>sartorem</span> <span class='ocrx_word' id='word_1_237' title='bbox 1518 3727 1622 3809; x_wconf 90' lang='lat' dir='ltr'>primo</span> <span class='ocrx_word' id='word_1_238' title='bbox 1646 3724 1683 3785; x_wconf 92' lang='lat' dir='ltr'>ci-</span> 
     </span>
     <span class='ocr_line' id='line_1_30' title="bbox 427 3829 830 3911; baseline 0.005 -23"><span class='ocrx_word' id='word_1_239' title='bbox 427 3841 511 3890; x_wconf 88' lang='lat' dir='ltr'>tatus</span> <span class='ocrx_word' id='word_1_240' title='bbox 539 3848 604 3890; x_wconf 92' lang='lat' dir='ltr'>non</span> <span class='ocrx_word' id='word_1_241' title='bbox 641 3829 830 3911; x_wconf 87' lang='lat' dir='ltr'>comparuit.</span> 
     </span>
    </p>

    <p class='ocr_par' dir='ltr' id='par_1_7' title="bbox 425 3934 1682 4424">
     <span class='ocr_line' id='line_1_31' title="bbox 534 3934 1681 4018; baseline 0.002 -24"><span class='ocrx_word' id='word_1_242' title='bbox 534 3935 612 3996; x_wconf 90' lang='lat' dir='ltr'>ltem</span> <span class='ocrx_word' id='word_1_243' title='bbox 636 3935 749 3997; x_wconf 86' lang='lat' dir='ltr'>Petrus</span> <span class='ocrx_word' id='word_1_244' title='bbox 772 3935 893 4016; x_wconf 89' lang='lat' dir='ltr'>juratus</span> <span class='ocrx_word' id='word_1_245' title='bbox 914 3934 998 3996; x_wconf 90' lang='lat' dir='ltr'>filius</span> <span class='ocrx_word' id='word_1_246' title='bbox 1015 3935 1097 3997; x_wconf 87' lang='lat' dir='ltr'>Petri</span> <span class='ocrx_word' id='word_1_247' title='bbox 1117 3936 1239 4018; x_wconf 89' lang='lat' dir='ltr'>Saphar</span> <span class='ocrx_word' id='word_1_248' title='bbox 1263 3950 1372 3999; x_wconf 91' lang='lat' dir='ltr'>contra</span> <span class='ocrx_word' id='word_1_249' title='bbox 1389 3938 1534 4000; x_wconf 85' lang='lat' dir='ltr'>relictam</span> <span class='ocrx_word' id='word_1_250' title='bbox 1560 3938 1681 4000; x_wconf 89' lang='lat' dir='ltr'>Thome</span> 
     </span>
     <span class='ocr_line' id='line_1_32' title="bbox 427 4042 1681 4126; baseline 0.002 -24"><span class='ocrx_word' id='word_1_251' title='bbox 427 4042 543 4122; x_wconf 88' lang='lat' dir='ltr'>jurabit</span> <span class='ocrx_word' id='word_1_252' title='bbox 567 4055 681 4104; x_wconf 88' lang='lat' dir='ltr'>octavo</span> <span class='ocrx_word' id='word_1_253' title='bbox 706 4042 757 4103; x_wconf 89' lang='lat' dir='ltr'>die</span> <span class='ocrx_word' id='word_1_254' title='bbox 781 4061 875 4123; x_wconf 91' lang='lat' dir='ltr'>super</span> <span class='ocrx_word' id='word_1_255' title='bbox 899 4062 949 4120; x_wconf 88' lang='lat' dir='ltr'>eo,</span> <span class='ocrx_word' id='word_1_256' title='bbox 974 4055 1008 4103; x_wconf 93' lang='lat' dir='ltr'>ut</span> <span class='ocrx_word' id='word_1_257' title='bbox 1032 4063 1090 4104; x_wconf 89' lang='lat' dir='ltr'>nec</span> <span class='ocrx_word' id='word_1_258' title='bbox 1119 4042 1215 4104; x_wconf 86' lang='lat' dir='ltr'>frater</span> <span class='ocrx_word' id='word_1_259' title='bbox 1238 4064 1314 4105; x_wconf 92' lang='lat' dir='ltr'>suus</span> <span class='ocrx_word' id='word_1_260' title='bbox 1338 4045 1485 4107; x_wconf 90' lang='lat' dir='ltr'>Andreas</span> <span class='ocrx_word' id='word_1_261' title='bbox 1509 4045 1602 4126; x_wconf 84' lang='lat' dir='ltr'>judex</span> <span class='ocrx_word' id='word_1_262' title='bbox 1627 4063 1681 4107; x_wconf 89' lang='lat' dir='ltr'>nec</span> 
     </span>
     <span class='ocr_line' id='line_1_33' title="bbox 427 4148 1682 4234; baseline 0.001 -24"><span class='ocrx_word' id='word_1_263' title='bbox 427 4150 493 4231; x_wconf 88' lang='lat' dir='ltr'>ipse</span> <span class='ocrx_word' id='word_1_264' title='bbox 518 4150 604 4210; x_wconf 92' lang='lat' dir='ltr'>solus</span> <span class='ocrx_word' id='word_1_265' title='bbox 637 4150 747 4211; x_wconf 89' lang='lat' dir='ltr'>Petrus</span> <span class='ocrx_word' id='word_1_266' title='bbox 771 4169 829 4230; x_wconf 92' lang='lat' dir='ltr'>pro</span> <span class='ocrx_word' id='word_1_267' title='bbox 861 4148 956 4228; x_wconf 85' lang='lat' dir='ltr'>lerrn,</span> <span class='ocrx_word' id='word_1_268' title='bbox 990 4151 1078 4231; x_wconf 92' lang='lat' dir='ltr'>quod</span> <span class='ocrx_word' id='word_1_269' title='bbox 1111 4150 1257 4213; x_wconf 88' lang='lat' dir='ltr'>Thomas</span> <span class='ocrx_word' id='word_1_270' title='bbox 1289 4150 1378 4213; x_wconf 85' lang='lat' dir='ltr'>faber</span> <span class='ocrx_word' id='word_1_271' title='bbox 1401 4153 1441 4213; x_wconf 90' lang='lat' dir='ltr'>ab</span> <span class='ocrx_word' id='word_1_272' title='bbox 1466 4151 1535 4234; x_wconf 88' lang='lat' dir='ltr'>ipso</span> <span class='ocrx_word' id='word_1_273' title='bbox 1560 4155 1682 4214; x_wconf 81' lang='lat' dir='ltr'>Andrea</span> 
     </span>
     <span class='ocr_line' id='line_1_34' title="bbox 426 4255 1682 4342; baseline 0.001 -26"><span class='ocrx_word' id='word_1_274' title='bbox 426 4255 531 4334; x_wconf 89' lang='lat' dir='ltr'>judice</span> <span class='ocrx_word' id='word_1_275' title='bbox 563 4255 743 4337; x_wconf 87' lang='lat' dir='ltr'>recepisset,</span> <span class='ocrx_word' id='word_1_276' title='bbox 776 4257 897 4317; x_wconf 88' lang='lat' dir='ltr'>nullam</span> <span class='ocrx_word' id='word_1_277' title='bbox 929 4256 1129 4318; x_wconf 90' lang='lat' dir='ltr'>solucionem</span> <span class='ocrx_word' id='word_1_278' title='bbox 1163 4259 1356 4340; x_wconf 90' lang='lat' dir='ltr'>percepisset</span> <span class='ocrx_word' id='word_1_279' title='bbox 1387 4259 1426 4319; x_wconf 91' lang='lat' dir='ltr'>de</span> <span class='ocrx_word' id='word_1_280' title='bbox 1451 4259 1494 4321; x_wconf 87' lang='lat' dir='ltr'>lX</span> <span class='ocrx_word' id='word_1_281' title='bbox 1527 4259 1631 4342; x_wconf 90' lang='lat' dir='ltr'>pensis</span> <span class='ocrx_word' id='word_1_282' title='bbox 1654 4270 1682 4318; x_wconf 90' lang='lat' dir='ltr'>et</span> 
     </span>
     <span class='ocr_line' id='line_1_35' title="bbox 425 4361 715 4424; baseline 0.003 -2"><span class='ocrx_word' id='word_1_283' title='bbox 425 4361 541 4422; x_wconf 89' lang='lat' dir='ltr'>XXllll</span> <span class='ocrx_word' id='word_1_284' title='bbox 565 4362 715 4424; x_wconf 86' lang='lat' dir='ltr'>denariis.</span> 
     </span>
    </p>

    <p class='ocr_par' dir='ltr' id='par_1_8' title="bbox 424 4468 1680 5083">
     <span class='ocr_line' id='line_1_36' title="bbox 531 4468 1680 4552; baseline -0.001 -23"><span class='ocrx_word' id='word_1_285' title='bbox 531 4468 609 4530; x_wconf 89' lang='lat' dir='ltr'>ltem</span> <span class='ocrx_word' id='word_1_286' title='bbox 626 4469 719 4550; x_wconf 89' lang='lat' dir='ltr'>jurati</span> <span class='ocrx_word' id='word_1_287' title='bbox 737 4469 1012 4549; x_wconf 87' lang='lat' dir='ltr'>adjudicaverunt,</span> <span class='ocrx_word' id='word_1_288' title='bbox 1029 4469 1116 4551; x_wconf 93' lang='lat' dir='ltr'>quod</span> <span class='ocrx_word' id='word_1_289' title='bbox 1132 4469 1298 4532; x_wconf 85' lang='lat' dir='ltr'>Ladislaus</span> <span class='ocrx_word' id='word_1_290' title='bbox 1311 4469 1472 4533; x_wconf 81' lang='lat' dir='ltr'>aurifaber</span> <span class='ocrx_word' id='word_1_291' title='bbox 1487 4471 1575 4533; x_wconf 90' lang='lat' dir='ltr'>solus</span> <span class='ocrx_word' id='word_1_292' title='bbox 1591 4488 1680 4552; x_wconf 89' lang='lat' dir='ltr'>super</span> 
     </span>
     <span class='ocr_line' id='line_1_37' title="bbox 425 4575 1678 4660; baseline 0.001 -24"><span class='ocrx_word' id='word_1_293' title='bbox 425 4595 513 4636; x_wconf 90' lang='lat' dir='ltr'>aram</span> <span class='ocrx_word' id='word_1_294' title='bbox 537 4588 651 4637; x_wconf 86' lang='lat' dir='ltr'>octavo</span> <span class='ocrx_word' id='word_1_295' title='bbox 683 4575 735 4636; x_wconf 92' lang='lat' dir='ltr'>die</span> <span class='ocrx_word' id='word_1_296' title='bbox 759 4575 855 4637; x_wconf 89' lang='lat' dir='ltr'>debet</span> <span class='ocrx_word' id='word_1_297' title='bbox 878 4575 980 4656; x_wconf 90' lang='lat' dir='ltr'>jurare</span> <span class='ocrx_word' id='word_1_298' title='bbox 1005 4589 1115 4638; x_wconf 92' lang='lat' dir='ltr'>contra</span> <span class='ocrx_word' id='word_1_299' title='bbox 1143 4577 1313 4638; x_wconf 90' lang='lat' dir='ltr'>dominum</span> <span class='ocrx_word' id='word_1_300' title='bbox 1339 4577 1541 4639; x_wconf 89' lang='lat' dir='ltr'>Anthonium</span> <span class='ocrx_word' id='word_1_301' title='bbox 1566 4575 1678 4660; x_wconf 88' lang='lat' dir='ltr'>presbi-</span> 
     </span>
     <span class='ocr_line' id='line_1_38' title="bbox 424 4681 1675 4765; baseline 0 -23"><span class='ocrx_word' id='word_1_302' title='bbox 424 4695 528 4743; x_wconf 92' lang='lat' dir='ltr'>terum</span> <span class='ocrx_word' id='word_1_303' title='bbox 553 4681 729 4762; x_wconf 87' lang='lat' dir='ltr'>plebanum</span> <span class='ocrx_word' id='word_1_304' title='bbox 753 4682 851 4743; x_wconf 89' lang='lat' dir='ltr'>sancti</span> <span class='ocrx_word' id='word_1_305' title='bbox 878 4682 1005 4743; x_wconf 91' lang='lat' dir='ltr'>Martini</span> <span class='ocrx_word' id='word_1_306' title='bbox 1030 4702 1125 4764; x_wconf 87' lang='lat' dir='ltr'>super</span> <span class='ocrx_word' id='word_1_307' title='bbox 1142 4702 1191 4762; x_wconf 92' lang='lat' dir='ltr'>e0,</span> <span class='ocrx_word' id='word_1_308' title='bbox 1216 4695 1251 4745; x_wconf 92' lang='lat' dir='ltr'>ut</span> <span class='ocrx_word' id='word_1_309' title='bbox 1275 4683 1342 4765; x_wconf 90' lang='lat' dir='ltr'>ipse</span> <span class='ocrx_word' id='word_1_310' title='bbox 1368 4684 1534 4765; x_wconf 87' lang='lat' dir='ltr'>antiquam</span> <span class='ocrx_word' id='word_1_311' title='bbox 1558 4684 1675 4746; x_wconf 91' lang='lat' dir='ltr'>literam</span> 
     </span>
     <span class='ocr_line' id='line_1_39' title="bbox 424 4787 1679 4870; baseline -0.001 -22"><span class='ocrx_word' id='word_1_312' title='bbox 424 4807 487 4870; x_wconf 91' lang='lat' dir='ltr'>que</span> <span class='ocrx_word' id='word_1_313' title='bbox 520 4788 706 4869; x_wconf 89' lang='lat' dir='ltr'>loqueretur</span> <span class='ocrx_word' id='word_1_314' title='bbox 737 4788 938 4868; x_wconf 87' lang='lat' dir='ltr'>Margarethe</span> <span class='ocrx_word' id='word_1_315' title='bbox 970 4788 1056 4849; x_wconf 89' lang='lat' dir='ltr'>salve</span> <span class='ocrx_word' id='word_1_316' title='bbox 1088 4790 1180 4850; x_wconf 85' lang='lat' dir='ltr'>uxori</span> <span class='ocrx_word' id='word_1_317' title='bbox 1212 4789 1297 4851; x_wconf 89' lang='lat' dir='ltr'>lwan</span> <span class='ocrx_word' id='word_1_318' title='bbox 1322 4809 1387 4850; x_wconf 89' lang='lat' dir='ltr'>non</span> <span class='ocrx_word' id='word_1_319' title='bbox 1421 4788 1517 4852; x_wconf 89' lang='lat' dir='ltr'>habet</span> <span class='ocrx_word' id='word_1_320' title='bbox 1548 4811 1605 4851; x_wconf 88' lang='lat' dir='ltr'>nec</span> <span class='ocrx_word' id='word_1_321' title='bbox 1628 4787 1679 4849; x_wconf 90' lang='lat' dir='ltr'>scit</span> 
     </span>
     <span class='ocr_line' id='line_1_40' title="bbox 424 4894 1677 4979; baseline -0.002 -23"><span class='ocrx_word' id='word_1_322' title='bbox 424 4913 506 4973; x_wconf 91' lang='lat' dir='ltr'>earn,</span> <span class='ocrx_word' id='word_1_323' title='bbox 530 4914 588 4956; x_wconf 90' lang='lat' dir='ltr'>nec</span> <span class='ocrx_word' id='word_1_324' title='bbox 613 4895 680 4976; x_wconf 91' lang='lat' dir='ltr'>ipse</span> <span class='ocrx_word' id='word_1_325' title='bbox 706 4894 744 4954; x_wconf 93' lang='lat' dir='ltr'>de</span> <span class='ocrx_word' id='word_1_326' title='bbox 769 4895 861 4956; x_wconf 84' lang='lat' dir='ltr'>vinea</span> <span class='ocrx_word' id='word_1_327' title='bbox 886 4915 942 4976; x_wconf 93' lang='lat' dir='ltr'>per</span> <span class='ocrx_word' id='word_1_328' title='bbox 966 4895 1069 4976; x_wconf 90' lang='lat' dir='ltr'>ipsum</span> <span class='ocrx_word' id='word_1_329' title='bbox 1095 4897 1134 4956; x_wconf 93' lang='lat' dir='ltr'>ab</span> <span class='ocrx_word' id='word_1_330' title='bbox 1159 4896 1225 4978; x_wconf 90' lang='lat' dir='ltr'>ipsa</span> <span class='ocrx_word' id='word_1_331' title='bbox 1244 4895 1445 4978; x_wconf 83' lang='lat' dir='ltr'>Margaretha</span> <span class='ocrx_word' id='word_1_332' title='bbox 1472 4905 1677 4979; x_wconf 86' lang='lat' dir='ltr'>comparasset</span> 
     </span>
     <span class='ocr_line' id='line_1_41' title="bbox 425 4999 1675 5083; baseline -0.002 -22"><span class='ocrx_word' id='word_1_333' title='bbox 425 5000 551 5081; x_wconf 89' lang='lat' dir='ltr'>aliquos</span> <span class='ocrx_word' id='word_1_334' title='bbox 576 5014 749 5083; x_wconf 86' lang='lat' dir='ltr'>proventus</span> <span class='ocrx_word' id='word_1_335' title='bbox 773 5020 829 5062; x_wconf 90' lang='lat' dir='ltr'>seu</span> <span class='ocrx_word' id='word_1_336' title='bbox 853 5019 966 5062; x_wconf 90' lang='lat' dir='ltr'>census</span> <span class='ocrx_word' id='word_1_337' title='bbox 997 5002 1152 5063; x_wconf 86' lang='lat' dir='ltr'>annuales</span> <span class='ocrx_word' id='word_1_338' title='bbox 1174 5002 1214 5062; x_wconf 89' lang='lat' dir='ltr'>ad</span> <span class='ocrx_word' id='word_1_339' title='bbox 1243 5002 1361 5066; x_wconf 89' lang='lat' dir='ltr'>dictam</span> <span class='ocrx_word' id='word_1_340' title='bbox 1394 5002 1561 5066; x_wconf 89' lang='lat' dir='ltr'>ecclesiam</span> <span class='ocrx_word' id='word_1_341' title='bbox 1585 4999 1675 5064; x_wconf 89' lang='lat' dir='ltr'>sancti</span> 
     </span>
    </p>
   </div>
   <div class='ocr_carea' id='block_1_4' title="bbox 0 0 1874 5810">
    <p class='ocr_par' dir='ltr' id='par_1_9' title="bbox 0 0 1874 5810">
     <span class='ocr_line' id='line_1_42' title="bbox 0 0 1874 5810; baseline 0 4"><span class='ocrx_word' id='word_1_342' title='bbox 0 0 1874 5810; x_wconf 95' lang='lat' dir='ltr'> </span> 
     </span>
    </p>
   </div>
  </div>
 </body>
</html>
