3678 5800
166 748 288 810 nenciis
304 761 335 810 et
352 747 542 810 utilitatibus
558 747 623 808 suis
647 745 802 808 universis
826 757 897 827 post
917 745 1042 808 obitum
1068 745 1201 828 predicti
1218 746 1304 808 Luce
1330 746 1431 808 carni·

168 853 246 932 ficis,
264 853 365 916 modo
381 853 537 936 premisso
554 866 634 916 nutu
647 851 699 914 dei
713 850 842 930 factum,
855 849 924 932 jure
937 849 1129 913 hereditario
1143 851 1228 933 juxta
1240 851 1339 934 ipsius
1355 851 1432 914 civi·

167 960 242 1022 tatis
258 959 424 1042 antiquam
442 960 706 1022 consvetudinem
723 972 753 1020 et
769 957 1004 1041 privilegiatam
1015 957 1194 1020 libertatem
1214 957 1316 1020 extitit
1333 957 1431 1020 devo·

169 1067 236 1128 luta
250 1079 280 1128 et
292 1065 470 1128 redundata
484 1066 612 1128 nemine
633 1065 760 1148 penitus
772 1063 811 1126 ad
825 1063 942 1126 trinam
956 1061 1115 1124 forensem
1129 1063 1291 1146 publicam
1304 1063 1429 1146 procla-

168 1172 351 1234 macionem
376 1173 416 1234 de
440 1191 530 1234 more
554 1171 633 1234 alias
660 1171 756 1233 solito
780 1169 935 1252 legittime
960 1167 1041 1231 lacta
1059 1169 1296 1232 contradicente
1321 1189 1426 1252 neque

165 1279 277 1361 aliquo
294 1278 528 1340 contradictore
552 1278 680 1361 penitus
696 1289 879 1360 apparente,
900 1275 1039 1358 ideoque
1057 1295 1116 1337 nos
1140 1275 1276 1338 eandem
1297 1275 1426 1337 vineam

165 1405 238 1447 curn
263 1385 426 1468 premissis
449 1383 572 1447 cunctis
595 1383 661 1446 suis
685 1383 884 1462 utilitatibus,
908 1381 1042 1464 juribus,
1068 1381 1178 1444 usibus
1200 1401 1236 1444 ac
1260 1400 1333 1443 cum
1359 1401 1429 1464 pre·

166 1492 253 1554 dicto
270 1491 378 1574 spacio
402 1505 484 1552 terre
500 1509 557 1551 seu
581 1489 653 1552 loco
671 1487 795 1550 kouche
823 1507 881 1550 nec
905 1506 971 1548 non
989 1505 1062 1550 curn
1085 1506 1195 1550 secura
1215 1488 1266 1549 via
1290 1487 1429 1550 curruali

167 1611 199 1659 et
222 1597 362 1679 pedestri
387 1596 427 1658 ad
452 1596 588 1658 eandem
620 1595 748 1657 vineam
780 1608 811 1657 et
834 1595 938 1677 ipsum
963 1593 1071 1656 locum
1102 1593 1227 1656 kouche
1253 1593 1427 1656 liberaliter

164 1705 205 1765 ab
229 1702 311 1764 infra
335 1703 472 1766 ducente
496 1716 527 1766 et
549 1702 729 1785 pertinente
746 1721 782 1762 ac
799 1699 1003 1783 pertinenciis
1019 1700 1084 1762 suis
1108 1699 1274 1779 universis,
1300 1717 1423 1762 memo·

164 1811 242 1872 ratis
264 1810 417 1892 magistro
442 1809 571 1873 Matheo
596 1822 627 1870 et
654 1807 784 1870 domine
809 1807 933 1890 Agathe
957 1827 1012 1869 sue
1038 1806 1130 1869 matri
1162 1805 1280 1868 carnali
1304 1825 1341 1868 ac
1365 1824 1422 1888 per

165 1938 222 1980 eos
246 1918 387 2000 ipsorum
413 1915 586 1979 heredibus
602 1915 771 1978 statuimus
795 1927 825 1977 et
841 1913 1061 1976 commisimus
1078 1912 1261 1974 racionibus
1278 1924 1308 1972 et
1324 1911 1427 1974 causis

166 2045 205 2087 ex
220 2023 384 2106 premissis
400 2021 468 2104 jure
492 2035 649 2106 perpetuo
666 2033 696 2083 et
712 2019 981 2083 irretractabiliter
997 2018 1237 2102 possidendam,
1253 2015 1426 2081 tenendam

168 2131 287 2213 pariter
310 2143 341 2192 et
373 2128 554 2191 habendam
586 2147 622 2190 ac
653 2126 738 2209 juxta
769 2127 996 2189 condicionem
1027 2123 1163 2187 civitatis
1193 2137 1360 2206 prenotate
1392 2125 1432 2186 ab

166 2237 301 2316 antiquo
324 2235 533 2318 approbatam
559 2232 867 2315 quomodocumque
891 2231 1052 2294 voluerint
1076 2229 1323 2312 disponendam.

274 2341 351 2403 ltem
376 2361 470 2402 causa
495 2339 673 2403 Clementis
695 2338 876 2420 jobagionis
901 2336 1068 2400 Michaelis
1085 2336 1264 2399 Sebastiani
1288 2334 1345 2397 filii
1370 2335 1432 2398 Va·

167 2447 283 2510 lentini
308 2459 339 2510 et
363 2447 492 2508 Martini
524 2446 616 2508 aliter
647 2446 771 2508 Ztanko
796 2444 871 2506 dicti
903 2443 1086 2526 jobagionis
1118 2441 1221 2504 larini
1253 2441 1347 2523 jurati
1371 2439 1431 2504 filii

167 2554 262 2632 Petri,
287 2553 368 2615 inter
391 2553 522 2615 eosdem
546 2552 697 2614 videlicet
724 2551 928 2616 Clementem
959 2562 995 2612 ut
1018 2562 1159 2611 actorem
1194 2561 1225 2610 et
1250 2547 1426 2610 Martinam

167 2659 258 2721 aliter
280 2660 403 2720 Ztanko
427 2659 548 2722 dictum
581 2671 615 2721 ut
642 2658 674 2720 in
706 2677 835 2719 causam
867 2669 1045 2734 attractum,
1078 2673 1185 2717 coram
1210 2654 1304 2715 nobis
1328 2665 1427 2733 mota,

167 2766 207 2827 ad
231 2767 372 2848 primum
395 2765 549 2848 judicium
574 2785 632 2848 pro
656 2765 743 2826 bono
767 2764 854 2846 pacis
878 2776 909 2825 et
933 2761 1105 2824 concordie
1129 2771 1176 2822 est
1199 2772 1381 2842 prorogata.

277 2871 355 2934 ltem
379 2871 455 2953 quia
479 2871 615 2954 provida
638 2871 755 2932 mulier
783 2869 983 2951 Margaretha
1014 2881 1137 2946 vocata,
1162 2866 1270 2928 relicta
1293 2865 1431 2928 condam

168 2977 324 3040 lobannis
347 2977 436 3060 parvi
461 2977 537 3039 dicti
562 2976 746 3040 Krathehen
769 2975 827 3038 lilii
851 2975 986 3052 Nicolai,
1005 2993 1090 3036 nunc
1115 2992 1246 3036 consors
1269 2972 1427 3054 legittima

167 3085 228 3146 viri
260 3083 388 3165 providi
421 3084 592 3165 Augustini
626 3083 783 3146 carnificis
813 3082 888 3144 dicti
921 3083 1031 3144 Kusne
1068 3081 1209 3142 concivis
1240 3079 1338 3140 nostri
1373 3077 1431 3140 filii

167 3191 271 3270 Pauli,
297 3205 327 3252 et
351 3189 544 3252 Benedictus
567 3189 652 3253 filius
676 3190 775 3273 ipsius
799 3189 964 3267 Johannis,
988 3186 1136 3250 concives
1164 3186 1273 3264 nostri,
1299 3185 1331 3246 id
1356 3203 1431 3248 cum

167 3295 339 3358 sufficienti
376 3309 406 3358 et
441 3295 606 3378 fidedigno
638 3309 821 3359 nostrorum
852 3295 1034 3358 concivium
1074 3292 1260 3355 testimonio
1292 3292 1325 3354 in
1356 3291 1433 3354 sede

168 3416 276 3464 nostra
301 3402 467 3484 judiciaria
492 3403 575 3465 clare
600 3403 851 3484 comprobarunt
874 3420 982 3463 coram
1007 3400 1110 3479 nobis,
1133 3412 1169 3460 ut
1185 3399 1263 3460 dum
1288 3397 1430 3482 prelatus

167 3509 305 3571 condam
322 3509 484 3570 lohannes
499 3529 616 3592 parvus
639 3509 742 3571 dictus
759 3507 943 3570 Krathehen
965 3507 997 3568 in
1015 3506 1165 3570 extremis
1190 3505 1253 3566 vite
1277 3523 1333 3566 sue
1350 3517 1430 3566 tem-

168 3615 289 3697 poralis
312 3615 498 3694 laborasset,
522 3629 598 3676 tunc
625 3616 693 3698 ipse
716 3613 891 3696 quamdam
908 3613 1041 3677 domum
1065 3630 1157 3674 suam
1181 3611 1309 3673 civilem
1332 3610 1432 3674 simul

169 3741 241 3783 cum
267 3718 369 3782 lundo
405 3735 436 3782 et
460 3719 615 3783 hedificiis
638 3721 670 3783 in
696 3721 822 3783 civitate
853 3719 997 3802 predicta
1027 3718 1169 3781 habitam
1194 3719 1297 3800 ipsum
1322 3717 1428 3778 litera·

167 3827 249 3889 torie
275 3840 534 3906 concernentem,
558 3826 703 3908 predicto
723 3825 899 3888 Benedicto
924 3837 955 3887 et
979 3825 1126 3886 Emerico
1151 3822 1225 3885 filiis
1249 3823 1314 3885 suis
1338 3836 1369 3886 et
1394 3843 1433 3886 ex

168 3933 245 4015 ipsis
270 3932 485 4013 superviventi
508 3933 679 4013 legavisset
709 3931 776 4014 jure
808 3930 994 4014 perhennali
1028 3929 1274 4013 possidendam;
1299 3929 1339 3990 de
1364 3929 1434 3991 aliia

168 4058 246 4100 vero
271 4038 527 4120 possessionibus
550 4039 626 4118 suis,
650 4038 817 4100 videlicet:
842 4037 935 4098 vinea
959 4050 989 4098 et
1009 4037 1101 4099 terris
1125 4035 1311 4115 arabilibus,
1335 4055 1433 4098 unam

169 4146 302 4208 terciam
335 4159 457 4228 partem
490 4145 676 4208 earumdem
707 4144 946 4226 possessionum
978 4145 1071 4205 vinee
1103 4156 1133 4204 et
1163 4155 1255 4220 terre,
1287 4141 1431 4223 predicte

171 4250 374 4333 Margarethe
397 4251 525 4314 mulieri
550 4266 707 4334 protunc
731 4271 787 4313 sue
820 4250 970 4329 consorti,
994 4249 1073 4310 duas
1090 4263 1196 4310 autem
1221 4261 1325 4331 partes
1349 4248 1432 4330 ipsa-

168 4377 240 4420 rum
265 4357 503 4440 possessionum
527 4358 620 4420 vinee
656 4372 687 4420 et
709 4372 866 4420 terrarum
898 4355 1067 4417 arabilium
1097 4352 1227 4436 prelatis
1252 4353 1428 4416 Benedicto

169 4477 200 4526 et
225 4464 375 4526 Emerico
399 4462 475 4525 filiis
496 4464 561 4526 suis
583 4477 614 4525 et
638 4483 675 4525 ex
700 4463 776 4546 ipsis
798 4462 944 4524 similiter
963 4461 1179 4544 superviventi
1204 4459 1374 4542 legavisset
1401 4473 1432 4521 et

169 4570 341 4632 dimisisset
364 4569 432 4651 jure
456 4569 603 4632 similiter
626 4568 814 4652 perhennali
840 4568 1068 4652 possidendas,
1092 4567 1219 4650 etquis
1244 4568 1310 4648 ipse
1337 4567 1432 4628 Eme·

168 4677 252 4738 ricus
275 4673 360 4738 filius
383 4675 459 4738 dicti
484 4675 639 4738 Johannis
662 4677 762 4758 parvi,
795 4675 857 4756 jam
882 4676 922 4737 ab
955 4674 1012 4736 hac
1046 4675 1116 4736 luce
1148 4673 1301 4755 migrasse
1325 4672 1431 4757 perhi-

168 4784 261 4844 betur
284 4801 322 4843 ex
347 4795 465 4862 acerto,
489 4783 558 4864 ipso
583 4781 758 4844 Benedicto
783 4780 877 4864 tratre
898 4799 957 4843 suo
982 4780 1107 4841 carnale
1133 4781 1206 4840 vivo
1232 4793 1303 4861 post
1327 4779 1432 4861 ipsum

169 4901 367 4966 remanente,
393 4889 434 4950 oh
459 4887 520 4950 hoc
545 4888 653 4970 itaque
676 4887 784 4950 totalis
808 4887 918 4971 porcio
943 4887 1042 4968 ipsius
1074 4885 1212 4947 Emerici
1238 4886 1269 4946 in
1290 4885 1433 4967 predicta

169 4995 280 5074 domn,
305 4991 407 5056 fundo
433 5007 464 5055 et
485 4991 642 5056 hedificiis
674 4993 778 5076 ipsum
811 4992 943 5075 juridice
975 5012 1012 5054 ex
1036 4991 1198 5073 premissis
1228 5010 1432 5070 concernens,
