3876 5798
652 575 852 653 Ann01445.
876 609 915 620 —
935 591 990 652 31.
1013 579 1142 652 augusti.
1457 597 1521 658 423

946 703 955 732 1

259 801 427 849 attractum
453 801 484 848 et
508 787 590 848 inter
617 785 781 867 Mathyam
806 784 909 848 filium
926 786 1053 848 Andree
1078 787 1118 850 de
1137 787 1294 870 Pregrada
1318 801 1353 850 ut
1370 801 1524 869 actorem,

259 912 368 954 coram
393 894 487 956 nobis
511 905 644 971 motam,
667 891 723 954 tali
748 892 865 954 modo:
890 906 925 956 ut
952 893 1018 976 ipse
1043 892 1204 976 Georgius
1227 894 1326 956 cliens
1342 895 1375 955 in
1393 915 1520 956 causant

259 1013 408 1062 attractus
432 1000 531 1061 tercio
555 1019 589 1060 se
612 999 756 1081 personis
780 998 877 1060 hodie
893 1019 988 1081 super
1012 1019 1098 1061 aram
1123 1013 1229 1062 sancte
1247 1000 1360 1062 Crucis
1376 1015 1521 1083 presente

260 1106 392 1168 homine
418 1120 527 1168 nostro
552 1105 655 1188 jurare
678 1107 839 1168 tenebitur
867 1125 962 1187 super
994 1125 1043 1185 eo,
1069 1119 1102 1168 ut
1133 1105 1200 1187 ipse
1224 1107 1409 1170 nescivisset
1432 1108 1521 1189 quod

259 1213 402 1295 predicta
426 1232 508 1294 equa
533 1211 644 1274 luisset
666 1213 837 1289 subtracta,
861 1213 917 1274 sed
945 1232 1003 1294 pro
1026 1231 1082 1274 sua
1107 1212 1236 1294 propria
1260 1213 1395 1295 pecunia
1419 1214 1521 1296 ipsam

259 1338 375 1400 equam
401 1319 598 1400 comparavit
621 1319 724 1380 libero
748 1319 847 1380 modo
872 1337 980 1380 coram
1008 1317 1179 1400 fidedignis
1211 1319 1366 1401 personis,
1389 1333 1421 1382 et
1443 1321 1521 1382 dum

261 1425 423 1507 juraverit,
447 1440 523 1487 tunc
547 1445 580 1486 se
610 1425 799 1508 expurgabit
825 1445 842 1485 a
876 1423 973 1502 furtu,
1006 1439 1037 1486 et
1060 1426 1228 1507 pecuniam
1260 1446 1351 1488 suam
1375 1448 1434 1509 pro
1458 1447 1521 1510 qua

260 1533 326 1614 ipse
353 1531 514 1614 Georgius
538 1531 638 1613 ipsam
664 1550 780 1613 equam
805 1531 1002 1614 comparavit
1017 1533 1168 1613 prosequi
1194 1533 1288 1593 debet
1311 1553 1329 1594 a
1354 1533 1521 1598 venditore

261 1639 362 1721 ipsius
385 1658 479 1701 cause
504 1643 586 1716 (sic);
611 1637 752 1720 prelatus
776 1653 881 1700 autent
901 1637 1046 1721 Mathyas
1070 1651 1157 1700 actor
1179 1639 1280 1700 eciam
1303 1639 1407 1720 jurare
1431 1653 1519 1703 tene·

261 1747 347 1806 bitur
386 1763 481 1826 super
513 1744 633 1806 collum
669 1744 768 1826 ipsius
799 1763 882 1826 eque
914 1745 1015 1826 ipsam
1046 1764 1103 1826 per
1134 1744 1254 1807 collum
1286 1745 1521 1827 amplectendo,

262 1851 350 1932 quod
376 1851 443 1931 ipsa
467 1869 549 1930 equa
574 1864 620 1910 est
648 1869 722 1912 vera
754 1870 836 1932 equa
868 1869 923 1911 sua
949 1863 1049 1912 erest
1080 1869 1153 1912 vera
1178 1864 1208 1912 et
1231 1849 1311 1931 justa
1337 1870 1386 1912 res
1409 1872 1465 1914 sua
1490 1867 1522 1916 et

260 1957 341 2017 nulli
365 1975 435 2017 eam
460 1955 607 2018 vendidit
629 1975 687 2017 nec
704 1957 846 2035 donavit,
870 1956 924 2017 sed
948 1971 994 2018 est
1017 1956 1077 2018 sibi
1094 1957 1263 2018 subtracta.
1289 1957 1329 2019 Et
1353 1957 1428 2039 quia
1453 1959 1520 2041 ipse

258 2064 351 2124 ambe
375 2076 480 2145 partes
496 2063 645 2125 videlicet
667 2076 732 2124 tam
749 2077 836 2124 actor
861 2081 959 2144 quam
975 2075 1125 2124 attractus
1149 2062 1182 2123 in
1199 2082 1328 2125 causam
1353 2065 1419 2147 ipsa
1436 2063 1521 2146 jura·

257 2181 364 2229 menta
389 2186 501 2228 eorum
518 2167 633 2229 eodem
658 2168 757 2230 modo
781 2169 863 2230 sicut
878 2167 954 2249 ipsis
971 2165 1100 2229 fuerunt
1116 2167 1297 2248 adjudicata
1313 2170 1519 2252 prestiterunt

259 2289 290 2336 et
314 2278 542 2356 deposuerunt,
567 2274 640 2336 ideo
665 2295 682 2336 a
707 2275 912 2357 deposicione
936 2287 968 2336 et
999 2274 1185 2356 preracione
1209 2269 1245 2356 (i)
1269 2275 1413 2356 ipsorum
1437 2275 1519 2356 jura-

259 2393 441 2444 mentorum
467 2381 533 2462 ipse
557 2393 662 2462 partes
686 2395 759 2442 sunt
783 2381 939 2462 expedite.

362 2487 440 2549 Item
472 2487 547 2570 quia
572 2487 725 2548 discretus
748 2487 796 2548 vir
820 2486 970 2550 dominus
996 2486 1156 2568 Georgius
1178 2487 1336 2569 presbiter
1359 2487 1521 2570 plebanus

257 2593 389 2656 ecclesie
415 2592 572 2656 Omnium
590 2593 781 2656 Sanctorum
799 2593 838 2655 de
856 2593 1038 2655 Morawcha
1056 2593 1087 2654 id
1112 2613 1186 2655 cunt
1202 2593 1373 2656 sufficienti
1392 2609 1423 2656 et
1439 2593 1519 2656 fide·

257 2699 356 2780 digno
369 2713 552 2761 nostrorum
570 2700 750 2762 concivium
775 2699 960 2762 testimonio
979 2701 1010 2760 in
1028 2699 1102 2761 sede
1127 2713 1234 2762 nostra
1252 2701 1416 2774 iudiciaria
1435 2702 1519 2764 clare

257 2807 481 2887 comprobavit
504 2825 611 2866 coram
637 2806 740 2885 nobis,
765 2819 799 2867 ut
824 2805 902 2867 dum
927 2806 1061 2888 provida
1093 2806 1231 2867 condam
1256 2806 1371 2868 mulier
1403 2807 1518 2892 Elyza-

257 2913 331 2974 beth
356 2927 466 2974 vocata
492 2913 600 2974 relicta
617 2913 753 2974 condam
779 2913 904 2975 Nicolai
922 2912 1037 2974 literati
1062 2911 1118 2974 filii
1143 2913 1281 2974 Amadei
1307 2912 1338 2974 in
1369 2915 1517 2976 extremis

257 3019 322 3080 vite
353 3039 409 3080 sue
440 3019 627 3101 temporalis
659 3019 844 3098 laborasset,
876 3033 951 3080 tunc
984 3019 1051 3101 ipsa
1082 3019 1257 3101 quamdam
1287 3031 1403 3082 terram
1427 3039 1518 3082 suant

256 3126 409 3187 arabilem
434 3125 606 3187 duodecim
631 3126 789 3187 dictarum
807 3125 838 3186 in
863 3125 1022 3187 territorio
1040 3125 1177 3186 civitatis
1198 3125 1338 3206 predicte
1363 3125 1516 3204 habitam,

256 3234 342 3314 juxta
367 3247 516 3296 contenta
539 3233 702 3294 literarum
727 3233 988 3314 privilegialium,
1013 3232 1117 3310 sitam,
1140 3251 1214 3292 cum
1239 3231 1303 3293 suis
1328 3231 1518 3293 utilitatibus

257 3353 288 3401 et
313 3339 520 3422 pertinenciis
551 3338 707 3400 universis
739 3338 880 3420 predicte
914 3337 1046 3400 ecclesie
1075 3336 1233 3400 Omnium
1265 3337 1456 3398 Sanctorum
1488 3350 1519 3398 et

257 3447 314 3528 ipsi
341 3445 475 3506 domino
508 3443 650 3526 Georgio
682 3445 822 3527 plebano
853 3444 998 3505 eiusdem
1022 3464 1080 3526 pro
1105 3443 1275 3504 animabus
1306 3456 1417 3504 suaet
1448 3463 1518 3526 pre-

256 3551 332 3613 dicti
357 3551 416 3612 viri
440 3551 488 3612 sui
513 3571 549 3612 ac
577 3551 838 3630 predecessorum
870 3570 1002 3612 suorum
1028 3550 1197 3630 legavisset
1229 3563 1383 3631 perpetuo
1416 3549 1517 3630 possi·

256 3657 394 3720 dendam
409 3671 440 3718 et
456 3657 763 3739 quomodocumque
781 3657 918 3718 voluerit
936 3655 1167 3736 disponendam
1187 3656 1273 3736 juxta
1290 3655 1514 3717 condicionem

257 3765 393 3826 civitatis
423 3777 589 3845 prenotate
622 3764 661 3824 ab
693 3763 826 3844 antiquo
858 3763 1086 3844 approbatam,
1118 3762 1257 3843 ideoque
1290 3781 1349 3822 nos
1380 3762 1516 3823 eandem

255 3884 371 3933 terram
385 3859 539 3930 arabilem
558 3870 589 3930 in
608 3869 769 3931 vicinitate
787 3869 968 3951 supradicta
985 3869 1126 3931 habitam
1152 3889 1224 3930 curn
1241 3869 1306 3929 suis
1324 3868 1516 3930 utilitatibus

256 3989 287 4038 et
319 3975 523 4058 pertinenciis
554 3975 709 4036 universis
740 3975 882 4056 predicte
918 3975 1049 4036 ecclesie
1083 3975 1237 4037 Omnium
1272 3976 1463 4036 Sanctorum
1487 3990 1518 4038 et

257 4083 316 4164 ipsi
341 4082 475 4144 domino
502 4080 643 4162 Georgio
675 4081 814 4163 plebano
846 4081 988 4144 eiusdem
1022 4082 1154 4143 ecclesie
1186 4083 1354 4143 statuimus
1378 4103 1416 4144 ex
1448 4103 1517 4164 pre-

257 4189 361 4250 missis
385 4201 540 4271 perpetuo
565 4188 793 4270 possidendam
824 4202 855 4250 et
886 4189 1193 4270 quomodocumque
1226 4189 1387 4250 voluerint
1410 4189 1517 4271 dispo-

256 4295 394 4357 nendam
411 4293 497 4376 juxta
519 4295 744 4356 condicionem
762 4295 897 4356 civitatis
913 4309 1079 4377 prenotate
1096 4295 1135 4356 ab
1153 4295 1287 4376 antiquo
1305 4297 1515 4378 approbatam

255 4401 468 4484 supradictam
494 4401 547 4480 ita,
572 4402 658 4482 quod
684 4421 701 4463 a
726 4401 885 4463 territorio
910 4415 941 4464 et
964 4401 1189 4482 jurisdiccione
1214 4403 1349 4464 civitatis
1372 4403 1516 4486 predicte

255 4507 368 4568 eadem
400 4521 480 4569 terra
505 4527 562 4588 per
593 4507 718 4568 nullum
751 4507 820 4568 eius
850 4527 1064 4590 possessorem
1096 4509 1201 4570 awelli
1227 4521 1258 4570 et
1290 4510 1385 4570 eximi
1418 4510 1517 4591 possit

255 4614 355 4676 modo
380 4614 522 4696 aliquali.
875 4619 879 4628 '

361 4721 439 4782 Item
472 4721 572 4782 Elena
604 4721 710 4802 puella
744 4719 809 4782 filia
834 4719 966 4801 Georgii
996 4720 1035 4782 de
1067 4721 1246 4782 Novoselcz
1270 4721 1366 4782 tercia
1390 4741 1422 4781 se
1448 4741 1516 4803 per-

255 4827 343 4886 sonis
367 4826 426 4886 sibi
444 4827 603 4887 similibus
620 4840 729 4887 contra
755 4826 962 4888 Katherinam
980 4846 1111 4888 uxorem
1129 4826 1319 4908 legittimam
1339 4827 1516 4888 Sebastiani

257 4933 408 4993 Soldinar
445 4946 558 4993 octavo
591 4931 642 4992 die
677 4953 772 5014 supet
803 4953 888 4993 arum
924 4947 1030 4994 sancte
1064 4932 1187 5012 Crucis,
1211 4947 1356 5014 presente
1389 4931 1516 4994 homine
1619 4927 1624 4938 '

260 5053 381 5117 nostro,
406 5057 462 5123 per
486 5037 762 5122 adjudicacionem
787 5037 961 5120 juratorum
988 5039 1090 5122 jurare
1108 5040 1268 5104 tenebitur
1291 5059 1387 5120 super
1410 5059 1459 5120 eo,
1483 5053 1517 5102 ut
