3852 5820
628 567 714 626 Anno
737 580 826 646 1413.
850 601 895 612 -
916 581 964 627 11.
993 569 1122 642 augusti.

376 784 471 858 leria
499 793 599 858 sexta
627 789 781 876 proxima
809 794 886 876 post
914 785 1038 858 testam
1066 787 1157 858 beati
1187 787 1373 860 laurencii

754 933 817 1017 (11.
851 935 994 1020 augusta).

348 1078 426 1141 Item
451 1075 564 1140 Gallus
588 1077 691 1140 Padar
725 1091 836 1140 contra
860 1075 992 1140 Gallum
1024 1075 1222 1159 lreniparum
1252 1075 1358 1160 prImo
1390 1076 1506 1139 citatus

245 1202 310 1245 non
344 1184 534 1267 comparuit.
1282 1251 1285 1260 Α

350 1289 428 1352 Item
452 1288 642 1352 Valentinus
661 1301 771 1352 contra
788 1289 976 1372 magistrum
1000 1288 1163 1353 Thomam
1182 1289 1250 1351 Isan
1268 1289 1300 1352 in
1326 1287 1409 1350 Iacto
1428 1308 1507 1370 qua·

243 1407 317 1457 tuor
341 1394 538 1458 florenorum
561 1395 782 1458 testimonium
800 1395 841 1456 ad
863 1395 1004 1478 primurn
1021 1394 1177 1478 judicium
1201 1395 1379 1477 producere
1397 1394 1504 1473 debet,

244 1501 394 1563 videlicet
418 1502 583 1563 Vrbanum
607 1501 732 1584 Halych
756 1515 787 1564 et
811 1501 1014 1564 Clementem
1039 1501 1228 1565 Barnaeum.

348 1606 426 1669 Item
448 1606 601 1669 dominus
617 1606 742 1669 Blasius
757 1607 914 1690 plebanus
930 1619 1039 1670 contra
1064 1607 1248 1669 Emericum
1265 1607 1385 1689 Purgar
1401 1606 1507 1690 primo

245 1710 356 1774 citatus
379 1732 444 1774 non
469 1713 659 1796 comparuit.

348 1817 426 1880 Item
465 1819 542 1902 Mylr
577 1831 687 1881 contra
723 1818 901 1902 Georgium
936 1820 1099 1883 literatum
1138 1819 1244 1903 primo
1288 1820 1400 1882 citatus
1440 1839 1507 1882 non

245 1923 433 2007 comparuit.

351 2029 430 2093 Item
454 2031 621 2093 EmerIcus
643 2050 754 2114 sporar
777 2044 887 2094 contra
917 2031 1045 2094 Petrum
1079 2030 1207 2094 fratrem
1239 2051 1333 2094 suum
1366 2031 1507 2094 evidenti

247 2137 469 2219 comprobavit
493 2137 610 2199 civium
635 2135 813 2219 juratorum
829 2137 1026 2214 testimonio,
1049 2137 1137 2220 quod
1163 2139 1229 2222 ipse
1247 2137 1413 2200 Emericus
1429 2156 1507 2219 qua·

247 2256 318 2304 tuor
344 2241 483 2304 florenos
507 2242 575 2305 auri
599 2262 658 2324 pro
682 2243 792 2306 debito
820 2243 911 2306 Pauli
942 2243 1040 2326 patris
1063 2243 1112 2305 sui
1144 2244 1348 2326 persolvisset
1372 2244 1506 2324 integre,

244 2367 303 2430 pro
326 2347 445 2430 quibus
469 2348 574 2411 eidem
599 2349 748 2412 Emerico
771 2349 960 2412 medietates
991 2350 1156 2412 vioearum
1189 2349 1265 2412 dicti
1294 2349 1384 2412 Pauli
1410 2351 1508 2434 patris

245 2453 292 2516 sui
317 2466 433 2516 statute
457 2473 513 2537 per
536 2453 658 2536 juratos
681 2467 795 2518 essent.

351 2559 429 2622 Item
447 2561 523 2642 quia
547 2561 703 2624 Martinus
719 2560 860 2644 frenipar
883 2561 968 2624 filius
984 2561 1097 2624 Briccii
1115 2561 1257 2643 quodam
1281 2575 1426 2644 tempore
1443 2563 1507 2624 iam

245 2679 404 2728 transacto
429 2667 462 2728 in
486 2666 564 2729 ludo
581 2667 765 2730 taxillorum
782 2681 912 2750 propter
927 2668 1083 2750 plurimas
1099 2667 1338 2750 prohibiciones
1362 2681 1507 2751 repertus

246 2785 276 2834 et
298 2772 548 2855 comprehensus
564 2774 727 2853 extitisset,
745 2787 776 2836 et
799 2787 929 2857 propter
945 2773 1005 2836 hoc
1022 2773 1062 2836 de
1080 2775 1206 2836 civitate
1223 2774 1374 2857 expulsus
1391 2773 1504 2836 fuisset

246 2893 276 2941 et
297 2881 502 2963 proscriptus,
526 2893 633 2944 tamen
659 2881 735 2963 quia
767 2881 825 2942 viri
858 2880 1062 2944 ecclesiastici
1095 2881 1221 2944 discreti
1247 2895 1278 2943 et
1302 2881 1444 2962 religiosi
1470 2901 1506 2943 ac

245 2987 403 3048 seculares
426 2987 560 3070 provide
592 3001 623 3049 et
654 2985 830 3050 honorifice
862 3007 997 3070 persone
1030 3007 1088 3071 pro
1116 3007 1155 3050 eo
1188 2987 1281 3050 nobis
1304 2987 1425 3050 scilicet
1447 2988 1507 3050 toti

247 3095 467 3156 communitati
492 3094 612 3176 pluries
643 3095 899 3174 intercesserunt,
930 3095 1004 3157 ideo
1029 3115 1067 3157 ex
1098 3094 1377 3158 consvetudinaria
1400 3107 1507 3156 nostra

246 3199 314 3280 lege
345 3200 538 3282 requIrente,
571 3220 668 3282 quarn
700 3201 733 3262 in
768 3201 887 3263 talibus
917 3199 1134 3263 favorabiliter
1165 3215 1196 3262 et
1229 3201 1374 3281 graciose
1405 3199 1507 3262 iacere

247 3307 482 3386 consvevimus,
504 3306 578 3368 ideo
602 3305 708 3368 eidem
732 3307 872 3369 Martino
891 3307 1031 3388 graciam
1049 3307 1263 3369 communiter
1287 3305 1421 3369 lecimus
1437 3325 1507 3390 spe·

246 3411 369 3492 cialem,
394 3425 429 3474 ut
454 3413 487 3473 in
518 3410 640 3494 prefata
672 3413 798 3475 clvitate
830 3431 954 3476 moram
985 3413 1102 3476 habere
1133 3413 1248 3492 valeat,
1273 3433 1306 3475 se
1335 3413 1375 3476 de
1400 3425 1505 3476 cetero

245 3518 460 3602 precavendo.

352 3624 431 3686 Item
453 3624 547 3708 jurati
570 3623 753 3707 judicarunt
776 3644 904 3688 causam
933 3624 1015 3688 inter
1045 3626 1204 3688 loannem
1230 3624 1451 3709 Parthychych
1476 3638 1507 3688 et

245 3731 372 3793 Petrum
398 3731 556 3792 decanum
580 3730 613 3792 in
637 3729 721 3794 facto
746 3731 912 3794 cuiusdam
940 3744 1022 3794 terre
1046 3745 1141 3815 prout
1173 3745 1205 3794 et
1228 3731 1506 3813 quemadmodum

246 3837 327 3900 dicta
344 3849 427 3898 terra
450 3837 483 3898 in
501 3836 698 3920 Cyrkuische
722 3837 828 3900 eidem
853 3838 968 3900 Ioanni
985 3851 1131 3922 ternpore
1149 3838 1306 3921 judicatus
1331 3837 1507 3920 Mychaelis

245 3942 302 4004 filii
330 3942 482 4026 Symonis
512 3962 569 4025 per
599 3942 720 4025 juratos
747 3955 864 4006 statuta
893 3945 1056 4023 extitisset,
1089 3944 1203 4007 eodem
1236 3943 1391 4006 modoet
1422 3962 1506 4004 nunc

245 4049 346 4130 ipsam
370 4063 487 4111 terram
510 4048 635 4131 prelato
659 4050 775 4112 Joanni
799 4063 994 4127 statuerunt;
1019 4050 1086 4134 ipse
1110 4063 1217 4113 autem
1241 4049 1353 4111 Petrus
1377 4049 1416 4110 de
1441 4047 1507 4110 suis

246 4155 540 4237 inpignoratoribus
562 4157 732 4238 pecuniam
758 4155 872 4218 debeat
899 4157 1060 4238 requirere
1084 4170 1114 4218 et
1138 4167 1290 4238 repetere.

352 4261 429 4325 Item
462 4259 556 4340 jurati
585 4261 767 4344 judicarunt
802 4282 930 4324 causam
962 4263 1044 4325 inter
1076 4261 1274 4344 Stephanum
1305 4273 1447 4323 sutorem
1476 4273 1507 4322 et

247 4367 422 4451 Georgium
448 4367 597 4451 Puchych
630 4369 662 4430 in
694 4367 778 4430 iacto
813 4368 1008 4451 perdicionis
1039 4368 1253 4449 quarumdam
1285 4366 1506 4450 pecuniarum,

246 4474 319 4554 quia
343 4475 411 4556 ipse
437 4473 618 4556 Stephanus
634 4473 793 4556 prefatum
818 4472 995 4556 Georgium
1015 4475 1046 4536 in
1072 4493 1149 4556 pace
1167 4474 1340 4552 dImiserat,
1365 4485 1396 4534 et
1411 4492 1506 4554 super

247 4580 306 4641 hoc
331 4580 497 4641 evidenter
520 4581 741 4662 comprobavit
764 4581 831 4662 ipse
866 4579 1043 4662 Georgius,
1075 4580 1148 4642 ideo
1181 4580 1302 4642 dictum
1327 4578 1505 4660 Georgium

247 4687 467 4748 commisimus
498 4685 700 4760 absolutum
736 4700 907 4748 annotatus
939 4706 1014 4748 vero
1045 4685 1226 4768 Stephanus
1258 4686 1289 4746 in
1323 4685 1506 4767 calumpnia

246 4793 405 4854 remansit.

349 4898 429 4960 Item
453 4917 581 4960 causam
607 4899 774 4963 Laurencii
799 4913 831 4963 et
855 4899 1009 4962 Anthonii
1042 4898 1157 4964 literati
1183 4898 1223 4960 ad
1251 4898 1392 4984 prImum
1422 4895 1505 4980 judi·

247 5005 330 5070 cium
353 5017 577 5092 prorogarunt.
