3678 5800
432 569 493 611 212
834 546 1034 623 Anno1434.
1060 577 1100 588 -
1124 539 1176 603 18.
1193 543 1288 619 junii.

430 781 531 840 suam,
556 780 629 822 cum
653 761 719 822 suia
744 758 934 821 utilitatibus
958 755 1044 836 juxta
1068 768 1217 817 contenta
1241 755 1332 816 litere
1356 753 1566 836 privilegialis
1590 752 1687 814 eidem

432 867 574 947 Georgio
591 866 706 928 marito
730 884 789 927 suo
806 863 975 946 legavisset
998 861 1204 946 perhenniter
1221 860 1459 944 possidendam,
1476 860 1617 941 ideoque
1634 878 1688 921 nos

432 973 607 1056 predictam
638 971 771 1034 totalem
806 971 992 1052 porcionem
1025 969 1141 1030 domur
1169 981 1293 1030 mutate
1318 981 1349 1030 et
1380 966 1483 1046 fundi,
1508 967 1691 1049 porcionem

432 1079 582 1141 videlicet
605 1078 705 1160 ipsius
729 1076 915 1155 Katherine,
947 1073 1071 1158 prelato
1106 1074 1250 1156 Georgio
1274 1095 1310 1136 ac
1340 1094 1397 1157 per
1420 1093 1494 1135 eum
1519 1077 1585 1135 suis
1607 1073 1691 1134 here·

433 1186 527 1248 dibus
550 1187 720 1248 statuimus
742 1197 899 1267 perpetuo
927 1181 1166 1265 possidendam.

541 1291 619 1354 ltem
644 1292 721 1373 quia
744 1290 898 1352 discretus
921 1290 969 1350 vir
992 1288 1144 1350 dominus
1169 1287 1315 1371 Mathyas
1349 1287 1505 1370 presbiter
1528 1286 1614 1348 filius
1637 1286 1693 1348 Mi·

435 1397 555 1460 chaelis
579 1397 719 1475 sartoris,
743 1395 899 1478 plebanus
923 1395 963 1456 de
988 1395 1179 1473 Rakkonok,
1204 1395 1236 1455 in
1260 1406 1364 1455 suaet
1388 1393 1497 1455 matris
1520 1413 1558 1454 ac
1581 1393 1693 1454 sororis

432 1523 490 1565 sue
514 1502 650 1565 carnalis
671 1502 827 1585 personis,
851 1501 883 1562 id
907 1513 977 1562 tum
1001 1498 1172 1562 sufficienti
1189 1511 1219 1561 et
1243 1498 1406 1582 fidedigno
1429 1499 1616 1561 testimonio
1639 1519 1693 1559 no·

435 1623 572 1672 atrorum
599 1610 781 1671 concivium
805 1623 874 1670 tum
899 1608 1000 1669 eciam
1025 1627 1097 1669 curn
1123 1607 1300 1668 literatorio
1320 1606 1515 1668 documento
1540 1618 1692 1667 certarum

433 1718 599 1779 literarum
631 1729 811 1778 nostrarum
844 1714 1093 1796 privilegialium
1115 1713 1146 1774 in
1179 1713 1254 1776 sede
1279 1727 1385 1774 nostra
1416 1712 1583 1793 judiciaria
1614 1713 1693 1773 clare

434 1841 541 1884 coram
566 1821 661 1884 nobis
684 1822 717 1882 in
742 1820 862 1903 judicio
885 1819 1117 1902 comprobavit,
1147 1833 1181 1881 ut
1212 1820 1352 1900 quedam
1377 1820 1493 1881 domus
1517 1833 1642 1880 murata
1666 1831 1694 1878 et

433 1929 551 1991 fundus
573 1947 610 1990 ac
626 1925 773 1990 hedificia
797 1926 908 2009 prefati
936 1926 1102 1989 Michaelis
1126 1927 1255 1988 sartoris
1285 1927 1317 1987 in
1346 1927 1473 1988 civitate
1498 1925 1619 2008 prelata
1642 1925 1693 1986 ha·

432 2034 508 2112 bita,
532 2055 568 2096 ac
584 2033 723 2115 quedam
741 2047 822 2095 terra
847 2032 976 2093 arabilis
1000 2052 1073 2094 cum
1098 2031 1187 2094 fenili
1205 2032 1349 2093 eiusdem
1377 2032 1544 2094 Michaelis
1568 2031 1692 2092 sartoris

432 2141 465 2202 in
489 2158 603 2222 campo
639 2139 775 2201 civitatis
806 2140 924 2218 habita,
949 2140 1033 2221 juxta
1066 2153 1216 2200 contenta
1249 2139 1414 2200 literarum
1443 2139 1688 2220 privilegialium

432 2266 528 2328 super
552 2244 691 2329 prelatos
715 2245 883 2307 dominum
917 2245 1081 2328 Matbyam
1115 2245 1326 2327 presbiterum
1360 2259 1390 2306 et
1421 2258 1555 2306 matrem
1581 2264 1617 2306 ac
1647 2263 1691 2304 so·

434 2371 540 2414 rorem
576 2371 648 2414 suas
682 2365 847 2434 tamquam
880 2351 1014 2413 heredes
1045 2365 1076 2413 et
1106 2365 1251 2434 posteros
1277 2371 1370 2412 veros
1402 2351 1502 2433 ipsius
1533 2350 1692 2412 Michaelis

434 2459 502 2541 jure
534 2459 727 2521 hereditario
759 2459 913 2541 legittime
946 2472 1051 2521 essent
1086 2459 1257 2537 devoluta,
1291 2459 1431 2539 ideoque
1472 2478 1537 2523 nos
1562 2458 1690 2519 eandem

433 2566 568 2628 domum
593 2579 754 2627 muratum
771 2585 844 2627 cum
864 2563 965 2627 fundo
983 2579 1013 2626 et
1029 2565 1094 2626 suis
1110 2565 1316 2646 pertinenciis
1332 2583 1368 2626 ac
1387 2564 1563 2647 predictam
1581 2577 1689 2626 terram

433 2691 507 2734 cum
525 2671 594 2754 ipso
624 2669 713 2732 fenili
738 2671 888 2753 predictis
912 2671 1047 2734 domino
1072 2669 1201 2753 Mathye
1218 2671 1397 2752 presbitero
1423 2685 1454 2732 et
1477 2671 1623 2732 matriae
1644 2688 1688 2730 so·

434 2778 498 2840 rori
523 2797 579 2840 sue
604 2797 639 2838 ac
663 2797 720 2859 per
748 2797 804 2838 eos
836 2777 978 2859 ipsorum
1011 2776 1183 2838 heredibus
1214 2778 1384 2838 statuimus
1416 2790 1573 2858 perpetuo
1596 2776 1688 2858 possi-

433 2883 583 2963 dendam,
607 2883 737 2945 nemine
764 2884 891 2966 penitus
915 2884 997 2945 trina
1020 2882 1138 2944 lorensi
1156 2883 1285 2965 publica
1311 2883 1572 2965 proclamacione
1588 2902 1686 2965 super-

435 2989 510 3052 inde
536 2989 618 3051 iacta
642 2990 880 3052 contradicente
906 3009 963 3051 nec
987 2990 1098 3070 aliquo
1126 2989 1360 3051 contradictore
1384 3005 1568 3072 apparente.

540 3095 619 3156 ltem
634 3096 709 3176 quia
723 3095 906 3158 Anthonius
922 3095 1062 3157 carnifex
1085 3095 1170 3157 filius
1187 3096 1328 3173 Martini,
1352 3096 1520 3177 privignus
1538 3094 1684 3174 Dudnich

434 3201 612 3263 secundum
629 3201 905 3283 adjudicacionem
923 3201 1100 3284 juratorum
1118 3215 1302 3264 nostrorum
1320 3203 1552 3265 modernorum
1566 3204 1596 3265 in
1612 3202 1683 3264 facto

434 3327 605 3388 porcorum
631 3328 688 3369 seu
712 3309 919 3390 scropharum
941 3309 1065 3371 domini
1090 3308 1255 3391 Rodolphi
1273 3309 1458 3370 terciusmet
1474 3329 1560 3371 nunc
1582 3309 1684 3390 juravit

433 3433 529 3494 super
553 3433 641 3475 aram
665 3433 761 3496 supet
785 3435 835 3494 eo,
860 3428 895 3477 ut
918 3416 985 3498 ipse
1010 3415 1041 3475 in
1071 3414 1222 3496 predictis
1246 3415 1351 3496 porcis
1375 3427 1407 3476 et
1430 3416 1574 3498 scrophis
1597 3415 1682 3497 ipsius

434 3517 558 3580 domini
584 3519 749 3602 Rodolphi
766 3520 872 3582 eidem
889 3521 1015 3581 nullum
1033 3520 1211 3602 dampnum
1228 3521 1357 3602 penitus
1373 3521 1543 3600 intulisset,
1560 3521 1682 3602 ideoque

433 3625 538 3707 ipsum
556 3625 758 3687 Anthonium
775 3626 957 3688 carnificem
981 3627 1014 3687 in
1038 3626 1183 3708 predicto
1207 3624 1292 3688 facto
1309 3627 1454 3708 ipsorum
1479 3647 1642 3710 porcorum
1657 3639 1683 3687 et

432 3731 639 3813 scropharum
663 3733 883 3794 commisimus
907 3732 975 3794 lore
1000 3733 1195 3814 expeditum.

539 3836 618 3898 ltem
643 3838 717 3918 quia
744 3837 898 3900 Clemens
922 3839 1026 3900 cultor
1050 3838 1135 3900 lilius
1168 3837 1313 3922 Georgii,
1344 3841 1486 3902 concivis
1511 3855 1622 3918 noster,
1643 3858 1681 3898 sc-

435 3941 577 4004 cundum
602 3942 879 4023 adjudicacionem
897 3945 1074 4026 juratorum
1099 3958 1282 4007 nostrorum
1301 3947 1533 4009 modernorum
1558 3948 1586 4008 in
1609 3945 1678 4006 lacto

436 4066 608 4128 porcorum
633 4069 689 4110 seu
713 4051 919 4131 scropharum
943 4051 1066 4112 domini
1093 4051 1257 4134 Rodolphi
1275 4054 1460 4114 terciusmet
1483 4074 1567 4116 nunc
1581 4051 1678 4134 juravit

435 4174 641 4237 superatam
665 4175 760 4238 super
784 4176 834 4234 eo,
858 4171 894 4219 ut
917 4158 983 4240 ipse
1009 4158 1039 4218 in
1066 4158 1216 4238 predictis
1245 4160 1351 4240 porcis
1375 4172 1407 4222 et
1432 4161 1574 4243 scrophis
1596 4157 1676 4240 ipsius

438 4261 562 4322 domini
580 4261 745 4344 Rodolphi
763 4263 867 4324 eidem
888 4263 1015 4324 nullum
1032 4263 1209 4346 dampnum
1229 4265 1356 4347 penitus
1373 4266 1542 4348 intulisset,
1560 4265 1675 4343 ideoque

439 4369 543 4450 ipsum
557 4368 664 4450 previa
679 4368 718 4430 de
731 4369 859 4430 racione
873 4371 1093 4431 commisimus
1111 4369 1178 4432 fore
1196 4371 1381 4453 expeditum
1394 4370 1479 4434 lacto
1493 4373 1527 4434 in
1535 4369 1674 4455 premisso.

541 4474 619 4536 ltem
644 4475 719 4556 quia
745 4477 882 4537 lacobus
907 4475 991 4537 lilius
1016 4477 1110 4556 Petri,
1128 4491 1235 4558 pastor
1260 4478 1360 4561 ipsius
1384 4477 1563 4542 Clementis
1583 4492 1674 4538 secun·

436 4579 515 4640 dum
547 4579 824 4660 adjudicacionem
856 4581 1032 4663 juratorum
1071 4597 1254 4645 nostrorum
1285 4584 1520 4648 modernorum
1551 4587 1579 4646 in
1608 4581 1673 4642 lacto

433 4705 604 4768 porcorum
630 4706 686 4748 seu
711 4687 917 4768 scropharum
943 4689 1067 4750 domini
1086 4688 1251 4771 Rodolphi
1276 4691 1460 4753 terciusmet
1477 4711 1560 4753 nunc
1581 4683 1672 4770 juravit

436 4812 532 4874 super
556 4811 643 4854 aram
667 4813 762 4875 super
786 4813 835 4873 eo,
860 4807 894 4854 ut
918 4795 985 4876 ipse
1014 4796 1046 4856 in
1070 4795 1221 4878 predictis
1245 4797 1350 4878 porcis
1373 4811 1404 4858 et
1435 4797 1574 4880 scrophis
1595 4791 1671 4875 ipsius

436 4897 561 4959 domini
586 4899 750 4980 Rodolphi
785 4900 889 4962 eidem
922 4901 1048 4962 nullum
1073 4901 1250 4983 dampnum
1284 4903 1462 4984 intulisset,
1494 4905 1566 4965 ideo
1588 4902 1669 4982 ipsum

434 5005 589 5066 iacobum
614 5004 697 5066 lacto
722 5007 753 5066 in
778 5006 934 5088 premisso
959 5007 1160 5070 reddidimus
1186 5009 1383 5090 expeditum.
