3678 5800
587 531 786 607 Ana01432.
813 563 852 574 -
876 543 928 604 29.
950 531 1077 603 augusti.
1402 548 1458 610 ¹73

193 740 275 801 civis
299 739 410 820 nostrl,
444 739 501 802 filii
535 740 699 818 Johannis,
732 760 767 802 ac
801 739 933 802 honesta
964 739 1071 822 puella
1104 739 1217 801 Vrsula
1250 752 1362 800 vocata
1393 737 1458 800 filia

191 846 339 910 eiusdem
365 845 530 932 Stephani,
555 845 798 909 cohabitatrices
825 859 943 924 nostre,
968 846 1001 907 id
1026 865 1098 907 curn
1130 843 1301 906 sufficienti
1325 859 1356 906 et
1380 843 1457 906 fide·

192 953 296 1034 digno
329 967 512 1017 nostrorum
549 952 731 1015 concivium
766 951 952 1014 testimonio
983 951 1016 1012 in
1048 951 1124 1014 sede
1153 964 1260 1014 nostra
1294 949 1459 1032 judiciaria

191 1058 276 1121 clare
303 1072 334 1120 et
355 1059 474 1121 seriose
498 1077 606 1121 coram
635 1057 729 1120 nobis
761 1059 1023 1141 comprobarunt,
1056 1072 1090 1119 ut
1114 1056 1191 1119 dum
1224 1055 1367 1139 prefatus
1391 1057 1460 1119 Ste-

193 1163 321 1246 phanus
344 1165 378 1227 in
402 1164 551 1227 extremis
574 1165 639 1226 vite
666 1183 722 1226 sue
753 1163 941 1246 temporalis
971 1161 1154 1242 laborasset,
1184 1178 1261 1226 tunc
1285 1162 1352 1244 ipse
1378 1163 1460 1226 inter

193 1284 315 1333 ceteras
338 1291 410 1332 suas
427 1271 611 1352 legaciones
627 1270 770 1333 verbales
793 1269 1057 1350 testamentariae,
1075 1269 1228 1332 directam
1252 1281 1283 1331 et
1307 1269 1458 1351 equalem

193 1377 400 1441 medietatem
426 1378 594 1440 cuiusdam
617 1377 744 1456 domus,
773 1375 865 1440 fundi
890 1391 921 1440 et
951 1375 1174 1438 hedificiorum
1205 1389 1271 1438 tam
1297 1395 1457 1438 novorum

191 1502 291 1564 quam
316 1484 522 1566 antiquorum
548 1503 605 1566 per
628 1483 878 1566 longitudinem,
904 1485 936 1545 in
969 1483 1052 1546 dicta
1085 1484 1212 1545 civitate
1238 1482 1320 1545 inter
1344 1481 1460 1545 domos

195 1589 256 1650 viri
281 1590 406 1673 providi
431 1589 588 1654 Anthonii
620 1591 810 1654 successoris
845 1591 982 1653 condam
1006 1589 1157 1673 Symonis
1188 1589 1265 1652 dicti
1289 1589 1458 1673 Cheztnyk

197 1709 229 1758 et
253 1696 380 1760 discreti
410 1697 469 1759 viri
502 1697 626 1760 domini
658 1697 813 1759 lobannis
845 1697 1011 1780 presbiteri
1040 1695 1097 1758 filii
1129 1696 1272 1758 eiusdem
1305 1695 1456 1779 Symonis

196 1801 367 1887 Cheztnyk
391 1804 431 1866 ab
455 1823 529 1883 una,
554 1817 642 1886 parte
665 1805 706 1866 ab
729 1803 827 1865 altera
852 1823 928 1866 vero
955 1803 1131 1866 liberorum
1155 1822 1213 1866 seu
1235 1821 1454 1866 successorum

196 1909 336 1972 condam
372 1909 505 1992 Georgii
538 1910 613 1972 dicti
646 1909 833 1989 Grabarich,
865 1923 1047 1973 nostrorum
1080 1910 1273 1988 concivium,
1299 1908 1405 1971 habite
1429 1923 1460 1971 et

194 2015 372 2095 existentis,
396 2035 493 2078 unam
518 2015 745 2078 tantummodo
770 2029 915 2098 quartam
940 2017 1027 2079 curie
1052 2015 1091 2077 ad
1111 2035 1204 2078 usum
1231 2015 1366 2078 civitatis
1389 2035 1460 2098 pre·

194 2121 280 2186 dicte
297 2121 330 2184 in
354 2142 387 2184 se
404 2123 634 2202 continentem,
650 2123 755 2206 ipsum
772 2123 893 2186 scilicet
913 2123 1112 2206 Stephanum
1129 2143 1146 2184 a
1163 2121 1301 2205 provido
1317 2122 1455 2184 condam

194 2228 264 2291 viro
289 2229 383 2292 Petro
407 2228 475 2292 filio
499 2231 591 2292 Pauli
615 2229 704 2314 olym
741 2229 872 2292 concive
896 2242 1006 2292 nostro
1030 2228 1208 2311 empcionis
1230 2227 1325 2290 titulo
1348 2227 1454 2290 litera·

194 2337 279 2400 torie
293 2350 551 2418 concernentem,
563 2338 659 2400 simul
673 2357 744 2400 cum
759 2337 910 2399 omnibus
923 2337 987 2398 suis
1004 2335 1194 2398 utilitatibus
1207 2347 1238 2397 et
1251 2334 1456 2418 pertinenciis

196 2421 354 2506 universis
377 2442 509 2527 prelatis
533 2445 670 2506 Maricae
694 2457 852 2527 protunc
884 2443 976 2505 uxori
1002 2457 1033 2505 et
1047 2441 1146 2505 Elene
1171 2440 1261 2503 aliter
1285 2439 1375 2502 Jelka
1400 2459 1455 2502 vo·

196 2563 265 2614 cate
290 2571 327 2612 ac
350 2551 464 2614 Vrsule
489 2549 616 2614 filiabus
639 2551 713 2630 auis,
738 2563 896 2633 protunc
920 2549 952 2610 in
976 2563 1086 2612 tenera
1102 2547 1206 2610 adhuc
1231 2559 1311 2609 etate
1337 2547 1453 2608 consti·

195 2657 282 2734 tutis,
298 2656 403 2718 taliter
420 2670 451 2719 et
463 2676 502 2720 eo
518 2657 618 2718 modo
635 2656 804 2738 legavisset
821 2655 1059 2738 possidendam,
1077 2667 1111 2715 ut
1127 2655 1151 2715 si
1167 2653 1261 2716 alicui
1280 2673 1316 2714 ex
1335 2651 1456 2714 eisdem

195 2763 335 2824 Maricza
359 2777 390 2825 et
414 2763 514 2825 Elena
539 2783 575 2825 ac
604 2763 718 2825 Vrsula
746 2762 916 2824 heredibus
934 2762 1033 2844 ipsius
1050 2761 1215 2843 Stephani,
1239 2773 1311 2842 post
1327 2759 1452 2822 obitum

196 2869 341 2930 eiusdem
367 2868 521 2952 Stephani
553 2869 659 2930 subito
695 2870 735 2930 ab
759 2869 818 2930 bac
849 2869 920 2930 luce
952 2867 1106 2929 decedere
1138 2866 1318 2948 contigerit,
1343 2880 1458 2928 extunc

193 2976 225 3037 in
250 2977 509 3058 superviventem
534 2995 570 3038 ex
588 2975 708 3038 eisdem
733 2975 882 3038 videlicet
906 2975 1055 3053 Maricza,
1074 2974 1174 3036 Elena
1199 2987 1229 3034 et
1246 2973 1361 3036 Vrsula
1379 2993 1456 3035 con-

193 3079 346 3144 descendi
370 3081 533 3144 debuisset
549 3095 705 3165 perpetuo
722 3081 933 3164 possidenda;
957 3081 983 3143 si
1001 3101 1076 3144 vero
1095 3081 1215 3143 eisdem
1240 3081 1351 3159 tribus,
1368 3079 1458 3140 vide·

196 3188 271 3250 licet
295 3188 434 3251 Maricae
459 3202 490 3251 et
514 3188 614 3252 Elene
639 3209 674 3250 ac
695 3188 809 3251 Vrsule
834 3188 1005 3250 heredibus
1036 3186 1148 3269 prelati
1174 3185 1328 3269 Stephani
1352 3187 1459 3249 subito

197 3307 269 3376 post
294 3295 419 3357 obitum
445 3294 544 3378 ipsius
568 3295 607 3356 ab
639 3293 697 3357 hac
722 3294 792 3356 luce
823 3295 918 3356 simul
951 3293 1105 3356 decedere
1138 3293 1318 3375 contigerit,
1343 3306 1458 3354 extunc

196 3399 310 3464 eadem
335 3401 446 3484 porcio
475 3401 602 3480 domus,
634 3400 725 3463 fundi
757 3414 788 3463 et
819 3399 1059 3479 hedeficiorum,
1091 3400 1202 3483 porcio
1234 3400 1355 3461 scilicet
1379 3399 1454 3460 dicti

196 3506 360 3590 Stephani,
397 3527 493 3570 unam
526 3521 672 3589 quartam
703 3507 789 3570 curie
820 3508 852 3569 in
876 3527 909 3569 se
941 3507 1108 3570 continens
1140 3519 1175 3568 ut
1206 3505 1373 3590 prefertur,
1399 3525 1455 3588 per

195 3615 433 3678 commissarios
456 3613 600 3677 eiusdem
625 3613 777 3698 Stephani
797 3614 890 3676 vendi
916 3627 946 3675 et
970 3633 1028 3695 pro
1045 3613 1215 3675 animabus
1239 3614 1381 3696 ipsorum
1406 3633 1458 3674 ex·

196 3723 292 3805 pendi
318 3736 351 3785 et
374 3722 501 3804 elargiri
526 3721 694 3804 legavisset
718 3735 749 3782 et
773 3721 968 3797 demisisset;
993 3735 1023 3782 et
1051 3721 1126 3802 quia
1150 3719 1292 3802 predicte
1318 3720 1457 3782 Maricza

195 3845 226 3892 et
252 3830 353 3891 Elena
378 3849 414 3890 ac
437 3827 552 3891 Vrsula
577 3827 709 3890 heredes
741 3827 892 3909 sepedicti
919 3826 1072 3909 Stephani
1104 3839 1176 3908 post
1200 3827 1323 3887 obitum
1349 3823 1458 3906 ipsius,

198 3956 256 4018 pro
281 3955 365 3998 nunc
390 3933 495 3998 adhuc
519 3934 602 4014 vive,
619 3949 650 3996 et
668 3934 734 4015 ipsa
759 3933 897 3995 Maricza
923 3933 953 3994 in
972 3933 1138 4010 viduitate,
1156 3931 1239 3992 dicta
1264 3949 1339 3991 vero
1358 3930 1458 3992 Elena

198 4042 229 4104 in
254 4041 415 4124 legittimo
438 4041 533 4104 thoro
558 4060 631 4102 cum
655 4040 792 4122 provido
814 4039 882 4101 viro
898 4019 1008 4100 ⁸Paulo
1032 4052 1139 4100 sutore
1157 4037 1288 4099 concive
1313 4035 1459 4098 similiter

192 4163 302 4210 nostro
327 4147 394 4209 lilio
420 4146 552 4229 Georgii
581 4145 858 4208 matrimonialiter
886 4145 1045 4226 copulata,
1067 4142 1187 4227 prelata
1212 4157 1318 4204 autem
1336 4142 1456 4204 Vrsula

193 4253 302 4336 puella
328 4254 359 4316 in
379 4253 515 4315 maritali
541 4265 623 4314 etate
640 4251 810 4314 constituta
832 4249 899 4312 fore
923 4251 1109 4333 perhibetur
1126 4270 1163 4311 ex
1180 4262 1299 4328 acesto,
1316 4247 1455 4329 ideoque

193 4379 252 4422 nos
275 4360 451 4442 predictam
478 4359 665 4441 porcionem
683 4357 814 4440 sepsisti
836 4357 989 4440 Stephani
1007 4357 1038 4418 in
1064 4357 1206 4439 predicta
1224 4356 1334 4434 domo,
1353 4353 1454 4416 fundo

194 4481 225 4530 et
248 4465 415 4544 hedificiis,
439 4485 537 4528 unam
563 4478 597 4526 ut
628 4465 800 4546 predicitur
821 4477 967 4546 quartam
991 4463 1078 4524 curie
1103 4463 1134 4523 in
1166 4482 1199 4524 se
1223 4461 1452 4539 continentem,

193 4591 267 4634 cum
291 4571 453 4654 premissis
477 4572 599 4634 cunctis
622 4571 709 4632 suius
734 4569 866 4650 juribus,
890 4569 1081 4631 utilitatibus
1105 4581 1136 4630 et
1159 4567 1365 4650 pertinenciis
1385 4567 1455 4628 uni·

194 4679 291 4741 versis
315 4679 501 4741 memoratis
526 4678 674 4756 Maricae,
704 4677 803 4739 Elene
836 4691 866 4738 et
888 4676 1003 4739 Vrsule
1034 4689 1187 4758 tanquam
1219 4675 1390 4737 heredibus
1426 4688 1457 4736 et

195 4784 418 4867 superstitibus
440 4785 540 4867 ipsius
566 4783 730 4867 Stephani,
755 4783 835 4844 vivis
851 4783 955 4844 adhuc
980 4803 1079 4864 usque
1105 4802 1190 4844 nunc
1214 4781 1455 4843 remanentibus

195 4905 266 4973 post
289 4891 414 4953 obitum
439 4889 560 4953 eisdem
585 4889 736 4972 Stephani
761 4891 1012 4968 remanentibus,
1036 4909 1071 4952 ac
1092 4909 1148 4972 per
1164 4909 1218 4952 eas
1243 4891 1385 4972 ipsorum
1403 4887 1456 4948 he-

196 4997 324 5058 redibus
348 4997 515 5058 statuimus
537 5008 568 5058 et
585 4995 804 5058 commisimus
821 5015 858 5056 ex
875 4995 1035 5076 premissis
1058 4993 1125 5074 jure
1143 5009 1299 5077 perpetuo
1325 5007 1355 5057 et
1380 4994 1455 5056 irre·
