3796 5812
402 567 467 643 480

514 778 590 840 Item
617 825 624 838 .
651 827 656 839 .
683 775 767 837 filius
791 775 927 858 Mykech
961 789 1070 836 contra
1104 773 1214 836 fratres
1239 773 1420 836 Heremitas
1444 775 1484 836 de
1516 794 1689 857 promon-

402 885 485 946 torio
499 882 698 963 zagrabiensi
713 881 818 963 ptimo
831 881 951 961 judicio
965 896 1037 962 post
1050 899 1144 942 suum
1158 881 1332 942 adventum
1350 880 1544 962 respondere
1564 879 1687 942 debet.

508 988 587 1052 Item
613 988 724 1049 Kusko
749 987 878 1068 jobagIo
904 985 1022 1047 Prioris
1051 985 1203 1068 Stephani
1236 999 1347 1047 contra
1373 985 1551 1048 Henricum
1576 985 1686 1070 pelli·

403 1095 495 1157 ficem
520 1095 626 1178 primo
651 1094 765 1155 citatus
789 1111 853 1154 non
880 1094 1070 1175 comparuit.

509 1201 587 1263 Item
612 1219 704 1262 causa
730 1199 814 1260 lwan
839 1199 997 1260 Wrouich
1022 1213 1131 1261 contra
1150 1197 1348 1280 Stephanum
1374 1197 1500 1261 fabrum
1524 1219 1584 1282 per
1601 1199 1683 1262 Ste-

404 1307 545 1389 phanum
570 1321 600 1366 et
625 1305 789 1387 Mathyam
814 1305 951 1366 condam
977 1305 1096 1384 juratos
1120 1305 1159 1366 ad
1185 1305 1325 1386 primum
1343 1303 1498 1386 judicium
1524 1318 1599 1387 post
1617 1304 1683 1366 ad·

402 1427 534 1474 ventum
559 1411 634 1473 dicti
659 1411 744 1472 Iwan
769 1410 809 1472 ad
833 1430 945 1492 pacem
970 1425 1016 1471 est
1039 1425 1175 1493 recepta.

510 1518 587 1579 Item
612 1536 706 1578 causa
724 1515 868 1578 eiusdem
893 1515 978 1578 Iwan
1003 1531 1112 1578 contra
1132 1517 1303 1578 Nicolaum
1328 1515 1456 1578 fratrem
1483 1516 1612 1579 Crisani
1634 1517 1682 1578 ad

403 1626 582 1708 quindenas
607 1639 653 1686 est
676 1636 860 1705 prorogata.

512 1731 588 1794 Item
615 1749 709 1792 causa
733 1729 871 1790 Wllrech
890 1743 999 1792 contra
1025 1729 1162 1791 Paulum
1182 1730 1345 1792 literatum
1369 1728 1472 1792 filium
1491 1729 1682 1792 Clementis
1728 1781 1733 1788 .

404 1859 461 1921 per
486 1838 656 1899 Nicolaum
681 1850 712 1898 et
737 1835 935 1919 Stephanum
969 1835 1095 1898 fabrum
1127 1836 1167 1896 ad
1200 1849 1349 1898 octavum
1381 1835 1467 1898 diem
1492 1837 1531 1898 ad
1556 1857 1680 1919 pacem

404 1959 450 2008 est
474 1956 610 2026 recepta.

511 2049 589 2110 Item
614 2049 771 2110 Martinus
794 2048 1011 2130 carpentarius
1034 2061 1144 2110 contra
1174 2047 1352 2130 Georgium
1376 2047 1678 2112 molendinatorem

403 2156 544 2219 secundo
569 2157 681 2217 citatus
705 2174 770 2216 non
795 2155 984 2236 comparuit.

512 2262 591 2323 Item
616 2280 743 2323 causam
763 2261 931 2322 Laurencii
949 2259 1042 2340 jurati
1066 2276 1176 2323 contra
1194 2259 1387 2342 Gregorium
1405 2275 1557 2323 sartorem
1576 2274 1681 2325 testes

404 2369 443 2431 ad
468 2381 617 2431 octavum
643 2366 729 2428 diem
755 2366 794 2427 ad
819 2367 1090 2428 deliberacionem
1114 2381 1311 2448 receperunt.

513 2475 590 2536 Item
615 2473 777 2535 Iohannes
801 2473 915 2534 Vassas
939 2487 1048 2534 contra
1074 2473 1254 2535 Iohannem
1279 2471 1381 2534 lilium
1407 2473 1496 2535 Hans
1520 2474 1678 2537 secundo

408 2581 520 2642 citatus
545 2599 610 2641 non
635 2579 824 2661 comparuit.

511 2687 588 2748 Item
607 2685 758 2747 Nicolaus
774 2697 888 2746 octavo
907 2685 958 2746 die
975 2683 1037 2746 hoc
1053 2685 1210 2763 atestabit,
1228 2684 1315 2766 quod
1335 2669 1439 2766 ipsum
1457 2688 1550 2746 Anna
1570 2705 1679 2767 pene-

405 2793 481 2855 stica
502 2794 721 2874 vituperasset,
745 2810 801 2873 per
826 2789 1033 2852 Dominicum
1057 2791 1253 2872 penesticum
1280 2803 1311 2852 et
1328 2791 1496 2851 mulierem
1515 2789 1677 2852 lwanam.

512 2899 588 2960 Item
615 2901 726 2958 Annos
749 2897 911 2979 penestica
936 2909 1044 2958 contra
1069 2901 1196 2957 Annam
1229 2895 1363 2958 filiolam
1388 2915 1479 2957 suam
1505 2895 1678 2960 universas

407 3005 515 3066 literas
538 3005 563 3065 si
589 3023 668 3085 quas
691 3003 787 3064 habet
810 3015 924 3063 octavo
948 3001 999 3064 die
1025 3001 1174 3064 exhibere
1199 3003 1303 3064 debet.

516 3110 593 3172 Item
619 3107 756 3171 Mathias
780 3108 915 3170 condam
941 3107 1061 3189 juratus
1093 3121 1201 3170 contra
1227 3106 1404 3190 Georgium
1429 3107 1676 3170 stachunarium

407 3217 564 3299 quasdam
592 3217 698 3278 literas
722 3229 836 3276 octavo
860 3213 913 3276 die
937 3214 1086 3276 exhibere
1111 3215 1215 3276 debet.

513 3323 589 3385 Item
617 3321 792 3383 Hanslinus
817 3320 1048 3382 Chorintianus
1072 3335 1180 3382 contra
1204 3321 1368 3383 Vrbanum
1394 3320 1536 3382 secundo
1555 3319 1681 3382 citatus

406 3449 471 3491 non
499 3428 688 3510 comparuit.

513 3535 590 3596 Item
622 3535 802 3617 Stephanus
827 3536 945 3596 Pazaar
976 3547 1006 3596 et
1031 3533 1175 3595 Thomas
1206 3545 1315 3594 contra
1349 3533 1490 3594 Blasium
1527 3545 1680 3594 sutorem

405 3643 512 3726 primo
536 3641 622 3703 citati
648 3659 712 3702 non
738 3655 996 3724 comparuerunt.

513 3747 590 3810 Item
608 3747 739 3809 domina
757 3753 851 3810 Anna
868 3767 958 3809 soror
975 3746 1081 3827 Crispi
1099 3759 1208 3806 contra
1226 3743 1351 3828 Gywan
1368 3743 1507 3826 juratum
1524 3743 1679 3807 secundo

407 3856 500 3916 citata
526 3875 590 3916 non
616 3855 805 3937 comparuit.
1084 3853 1087 3858 '

516 3961 592 4022 Item
619 3961 732 4023 Petrus
755 3960 840 4022 filius
863 3959 1010 4021 Matheus
1034 3971 1143 4020 contra
1173 3958 1302 4019 Petrum
1327 3955 1432 4038 primo
1469 3956 1581 4017 citatus
1607 3976 1679 4019 non

407 4069 596 4150 comparuit.

513 4175 590 4235 Item
607 4194 699 4236 causa
717 4173 855 4255 Philippi
875 4172 964 4254 figuli
979 4187 1088 4233 contra
1107 4170 1278 4232 Nicolaum
1295 4167 1431 4250 figulum
1449 4187 1505 4250 per
1523 4168 1678 4231 Marcum

407 4297 437 4345 et
461 4281 595 4343 alterum
622 4280 764 4341 Marcum
789 4279 829 4340 ad
853 4295 1003 4341 octavum
1028 4277 1113 4338 diem
1138 4277 1176 4338 ad
1204 4294 1314 4358 pacem
1340 4287 1386 4336 est
1410 4287 1546 4356 recepta.

513 4388 590 4449 Item
623 4407 716 4448 causa
743 4386 867 4448 Lucasii
901 4398 1009 4446 contra
1042 4383 1249 4444 Dominicum
1274 4381 1315 4442 ad
1347 4395 1495 4442 octavum
1529 4380 1580 4442 dle
1617 4401 1681 4464 per

408 4493 605 4576 Stephanum
629 4507 783 4554 sartorem
808 4507 838 4553 et
862 4491 1033 4552 Nicolaum
1060 4491 1100 4550 ad
1124 4508 1235 4570 pacem
1260 4501 1306 4550 est
1330 4501 1467 4568 recepta.

513 4600 590 4661 Item
616 4599 758 4660 Francha
784 4600 886 4659 dictus
918 4597 1072 4679 Crylanin
1107 4611 1215 4656 contra
1245 4593 1424 4656 Iohannem
1457 4608 1579 4676 patrem
1606 4593 1680 4658 Do·

408 4709 516 4771 minici
542 4708 645 4789 primo
670 4707 784 4768 citatus
808 4725 872 4766 non
898 4703 1088 4785 comparuit.

514 4813 590 4876 Item
616 4814 777 4875 Iohannes
801 4825 889 4874 sutor
914 4826 1026 4872 octavo
1045 4809 1096 4870 die
1121 4828 1216 4890 super
1240 4827 1279 4869 eo
1296 4806 1424 4890 jurabit,
1441 4805 1530 4888 quod
1555 4807 1627 4890 ipse
1645 4857 1682 4873 ..

407 4919 474 4983 filio
499 4919 649 4981 Hozareu
673 4934 759 4981 sexta
784 4918 917 4980 dImidia
942 4937 1039 5000 pensa
1065 4916 1190 4976 debitor
1214 4933 1280 4976 nou
1311 4913 1458 4992 extiterit,
1483 4927 1515 4975 et
1539 4912 1601 4976 hoc
1628 4935 1684 4978 ae-

408 5026 515 5089 cundo
539 5045 583 5087 se.
