3876 5798
701 545 787 601 Anno
812 558 902 621 1442.
930 578 970 588 -
995 541 1047 603 26.
1064 546 1216 620 januarii.
1520 565 1582 627 357

316 761 413 835 Faria
431 771 530 835 sexta
550 767 706 853 proxima
721 771 798 854 post
816 764 939 836 festum
959 763 1190 836 Conversionis
1205 764 1296 836 beati
1313 765 1407 838 Pauli
1425 766 1581 856 apostoli.

827 915 892 994 (26.
907 920 1074 993 januaria).

425 1057 502 1120 Item
529 1077 656 1120 causam
683 1077 780 1140 quarn
805 1058 989 1122 Anthonius
1012 1057 1098 1121 filius
1124 1058 1258 1122 Adriani
1283 1072 1392 1121 contra
1418 1057 1582 1141 Mathyam

316 1165 463 1248 Marysya
495 1177 526 1226 et
560 1163 724 1226 Thomam
756 1165 924 1248 Marysych
956 1185 993 1226 ac
1017 1165 1202 1226 Emericum
1234 1164 1410 1227 Franchich
1444 1185 1479 1227 ac
1514 1164 1581 1226 Ma-

314 1269 424 1352 thyam
443 1270 574 1353 Babych
598 1290 682 1332 nunc
699 1288 830 1332 movere
847 1270 995 1350 babebat,
1012 1272 1053 1333 de
1071 1272 1230 1353 peticione
1255 1273 1417 1333 bonorum
1435 1271 1578 1332 virorum

314 1376 354 1436 ad
380 1377 520 1458 primurn
546 1376 701 1458 judicium
726 1397 785 1460 pro
809 1376 915 1440 fienda
938 1398 1016 1460 pace
1040 1378 1190 1440 duximus
1213 1378 1463 1460 prorogandam.

421 1484 499 1545 Item
524 1485 648 1566 Ztoyko
685 1497 794 1546 contra
828 1503 960 1546 uxorem
986 1483 1072 1546 Galli
1108 1504 1193 1546 nunc
1226 1485 1332 1567 primo
1368 1485 1481 1547 citatus
1515 1503 1580 1546 non

317 1591 507 1674 comparuit.

423 1697 500 1758 Item
526 1697 716 1759 Valentinus
741 1697 849 1760 Sellen
871 1709 981 1758 contra
999 1697 1127 1758 Petrum
1151 1711 1293 1759 sutorem
1318 1696 1440 1779 Pogled
1458 1696 1579 1759 dictum

313 1803 418 1885 primo
447 1803 560 1866 citatus
584 1823 650 1866 non
674 1805 864 1886 comparuit.

422 1909 500 1970 Item
525 1910 693 1992 Philippus
724 1909 809 1972 filius
834 1909 967 1992 Georgii
992 1911 1167 1973 Grabarich
1193 1923 1303 1973 contra
1328 1911 1431 1972 Frane
1455 1909 1579 1971 molen·

313 2015 492 2078 dinatorem
517 2017 623 2098 primo
647 2017 760 2078 citatus
784 2037 848 2078 non
874 2017 1063 2099 comparuit.

422 2139 500 2202 Item
526 2141 602 2222 quia
627 2141 728 2202 Elena
753 2141 862 2203 relicta
887 2141 946 2202 viri
978 2141 1115 2203 condam
1141 2140 1267 2224 providi
1302 2140 1385 2201 Petri
1408 2139 1578 2220 Fuglinich

317 2244 404 2324 dicti,
430 2245 461 2307 id
487 2265 559 2308 cum
578 2245 748 2308 sufficienti
766 2261 797 2310 et
813 2245 978 2328 fidedigno
995 2261 1176 2308 nostrorum
1194 2247 1374 2308 concivium
1393 2245 1578 2306 testimonio

316 2351 348 2412 in
373 2351 448 2414 sede
473 2365 580 2414 nostra
604 2352 770 2434 judiciaria
801 2354 886 2415 clare
919 2353 1142 2436 comprobavit
1173 2372 1281 2415 coram
1312 2353 1417 2431 nobis,
1441 2363 1476 2413 ut
1499 2351 1577 2412 dum

315 2457 456 2539 prefatus
481 2459 593 2521 Petrus
609 2459 780 2540 Fuglinich
805 2460 837 2521 in
862 2461 1011 2522 extremis
1027 2460 1090 2521 vite
1107 2479 1163 2522 sue
1180 2459 1367 2540 temporalis
1391 2458 1577 2536 laborasset,

312 2578 389 2627 tunc
414 2565 482 2648 ipse
506 2566 680 2648 quamdam
706 2566 840 2629 domum
864 2587 955 2628 suam
980 2587 1052 2629 cum
1087 2565 1188 2628 fundo
1213 2579 1243 2627 et
1267 2563 1424 2628 hedificiis
1448 2565 1480 2625 in
1505 2563 1577 2624 vico

314 2671 414 2753 ipsius
446 2673 582 2735 civitatis
613 2673 759 2735 exteriori
792 2693 848 2735 seu
879 2673 986 2756 plate'a
1015 2671 1246 2734 theuthonicali
1278 2671 1419 2732 habitam
1450 2682 1481 2731 et
1513 2669 1577 2730 exi·

312 2791 461 2856 stentem,
487 2779 591 2861 ipsum
606 2779 739 2859 juridice
764 2794 795 2842 et
819 2781 993 2843 literatorie
1011 2793 1270 2858 concernentem‚
1295 2797 1368 2840 cum
1392 2777 1458 2838 suis
1482 2777 1576 2858 perti·

313 2883 436 2944 nenciis
460 2883 581 2966 prefate
607 2885 708 2946 Elene
732 2905 790 2966 pro
815 2897 892 2946 tunc
915 2905 971 2946 sue
996 2885 1135 2947 consorti
1168 2884 1325 2965 legittime
1348 2883 1484 2963 legasset
1508 2881 1575 2962 jure

311 2989 497 3070 perhennali
522 2990 762 3072 possidendam,
798 2991 938 3073 ideoque
972 3011 1031 3052 nos
1062 2991 1236 3073 predictam
1269 2989 1414 3067 domum,
1439 2987 1575 3050 fundum

311 3108 342 3156 et
368 3095 516 3157 hedificia
541 3097 641 3178 ipsius
664 3097 748 3158 Petri
778 3098 948 3179 Fuglinich
982 3118 1055 3159 cum
1079 3098 1144 3158 suis
1174 3097 1379 3180 pertinenciis
1402 3109 1435 3158 et
1458 3095 1575 3156 utilita-

314 3203 400 3264 tibus
422 3204 578 3266 universis
605 3203 747 3286 predicte
779 3204 880 3266 Elene
912 3205 1038 3266 mulieri
1063 3225 1099 3266 ac
1132 3223 1283 3286 peream
1314 3204 1380 3264 suis
1403 3202 1575 3264 heredibus

310 3309 481 3371 statuimus
504 3323 660 3392 perpetuo
681 3311 908 3393 possidendam
933 3325 964 3372 et
981 3310 1289 3392 quomodocumque
1306 3309 1444 3371 voluerit
1468 3308 1574 3388 dispo·

310 3414 451 3476 nendam
484 3415 570 3497 juxta
603 3415 828 3478 condicionem
862 3419 997 3480 civitatis
1028 3431 1192 3499 prenotate
1224 3418 1264 3478 ab
1295 3416 1428 3497 antiquo
1459 3434 1573 3496 appro-

313 3522 431 3582 batam.

416 3627 494 3689 Item
527 3628 602 3709 quia
635 3633 744 3710 Agnes
775 3629 883 3691 relicta
915 3630 1052 3691 condam
1086 3629 1239 3711 Stephani
1272 3627 1507 3690 Paulichewicb
1540 3628 1572 3689 in

312 3733 484 3795 manifesto
509 3733 672 3796 lurticinio
704 3735 901 3817 deprehensa
938 3737 1039 3798 extitit
1064 3757 1100 3798 ex
1133 3757 1148 3797 a
1182 3750 1279 3815 certo,
1304 3735 1573 3816 eademquelicet

310 3859 368 3920 pro
393 3839 578 3902 huiusmodi
603 3861 662 3902 suo
691 3840 853 3903 furticinio
887 3843 1038 3924 suspendi
1071 3842 1243 3920 debuisset,
1268 3856 1374 3902 tamen
1407 3841 1481 3922 quia
1514 3861 1572 3923 pro

309 3943 421 4006 eadem
446 3947 539 4007 nobis
564 3967 619 4029 per
652 3949 771 4029 probos
803 3949 960 4030 plurimos
984 3962 1015 4010 et
1046 3949 1191 4032 ydoneos
1218 3949 1303 4010 viros
1336 3948 1428 4008 nobis
1451 3947 1571 4028 suppli-

308 4065 412 4112 catum
438 4053 539 4115 extitit
564 4067 598 4114 ut
625 4054 729 4115 eidem
758 4055 1009 4117 misericordiam
1031 4069 1061 4116 et
1077 4057 1215 4136 graciam
1235 4055 1337 4116 lacere
1355 4054 1571 4134 dignaremur,

309 4156 448 4238 ideoque
474 4179 532 4221 nos
555 4160 594 4220 ad
628 4161 797 4222 instantem
830 4162 1022 4243 peticionem
1056 4163 1199 4244 ipsorum
1233 4162 1407 4243 proborum
1432 4175 1462 4220 et
1491 4160 1570 4242 ydo-

308 4283 441 4326 neotum
467 4266 611 4327 virorum
649 4267 749 4348 ipsam
775 4268 968 4349 peticionem
994 4288 1106 4330 eornm
1131 4267 1347 4346 exaudientes,
1372 4265 1476 4327 eidem
1506 4270 1569 4345 Ag·

309 4370 374 4431 neti
399 4371 526 4433 mulieri
545 4392 640 4454 super
657 4374 722 4456 ipsa
737 4376 947 4457 suspensione
963 4376 1102 4457 graciam
1121 4389 1151 4436 et
1168 4374 1418 4436 misericordiam
1436 4372 1570 4434 fecimus

306 4475 490 4557 specialem,
515 4479 717 4561 eandemque
742 4486 900 4562 Agnetem
926 4482 1094 4543 mulierem
1127 4501 1183 4563 pro
1210 4480 1392 4543 huiusmodi
1418 4500 1476 4541 suo
1501 4501 1567 4541 scea

307 4582 372 4644 lare
398 4583 438 4644 de
463 4585 589 4646 civitate
614 4600 644 4648 et
668 4587 736 4648 eius
760 4588 920 4650 territorio
945 4589 1094 4649 duximus
1117 4589 1252 4669 turpiter
1275 4587 1509 4669 expellendam,
1534 4599 1569 4648 ut

306 4687 374 4769 ipsa
398 4693 507 4770 Agnes
531 4693 672 4773 predicta
697 4713 752 4754 sua
777 4692 858 4755 facta
884 4695 967 4755 mala
996 4693 1111 4756 defleat
1135 4709 1165 4756 et
1189 4695 1251 4755 alia
1275 4693 1336 4755 hiis
1359 4693 1476 4754 similia
1501 4713 1566 4754 non

306 4795 497 4875 committat,
522 4799 759 4860 committentes
783 4800 886 4861 eidem
913 4802 1028 4881 Agneti
1055 4801 1180 4862 mulieri
1205 4813 1240 4862 ut
1264 4799 1302 4860 de
1327 4813 1433 4860 cetero
1458 4813 1488 4859 et
1512 4819 1568 4881 per

308 4901 447 4981 amplius
471 4903 503 4963 in
526 4903 684 4965 civitatem
711 4903 887 4986 predictam
913 4907 1034 4968 eteius
1065 4908 1258 4968 territorium
1285 4907 1400 4968 intrare
1425 4920 1455 4968 et
1479 4905 1566 4967 babi-

303 5024 373 5072 tare
398 5029 463 5071 non
487 5023 660 5093 presumat,
685 5030 747 5094 que
771 5013 796 5073 si
822 5013 940 5076 amodo
966 5013 1113 5078 inantea
1139 5014 1169 5078 in
1203 5015 1268 5098 ipsa
1294 5014 1420 5076 civitate
1445 5029 1475 5076 et
1500 5013 1568 5076 eius
