3678 5800
582 551 669 608 Anno
691 545 784 627 1436.
809 583 849 593 -
871 563 904 624 9.
928 551 1039 612 martii.
1378 568 1435 629 251

283 760 361 821 Item
390 759 557 822 Anthonio
581 759 648 822 filio
673 759 757 821 lwan
787 760 861 822 dicti
894 759 1032 843 Ayrhich
1060 762 1205 824 servitori
1230 761 1439 824 dominorum

185 867 225 928 de
250 867 371 948 Blagay
394 867 435 928 ad
451 867 638 928 instanciam
657 866 782 927 domini
799 866 952 948 Stephani
971 867 1112 928 Farkaaii
1129 886 1187 951 pro
1205 867 1439 950 expurgacione

179 973 308 1034 racione
325 973 492 1035 cuiusdam
516 974 591 1054 equi
615 972 746 1055 litigiosi
765 992 820 1054 per
837 973 940 1055 ipsum
959 973 1127 1035 dominum
1146 973 1344 1056 Stephanum
1362 975 1436 1037 Far·

180 1079 258 1140 kasii
285 1079 366 1141 inter
394 1099 452 1142 nos
483 1080 667 1162 recaptivati
692 1091 723 1140 et
753 1080 878 1142 arestari
911 1099 947 1141 ac
971 1079 1103 1160 juridice
1135 1081 1269 1159 obtenti,
1300 1100 1356 1163 per
1385 1081 1439 1142 ad·

179 1185 413 1266 judicacionem
445 1185 622 1268 juratorum
654 1186 746 1248 datus
775 1199 822 1248 est
852 1186 1007 1248 terminus
1036 1186 1244 1268 comparendi
1276 1187 1375 1249 nostri
1407 1187 1439 1248 in

181 1293 323 1355 medium
349 1292 426 1354 feria
455 1292 605 1354 videlicet
635 1305 722 1354 sexta
753 1293 898 1373 proxima
930 1305 1003 1375 post
1025 1291 1142 1354 festum
1173 1293 1257 1355 beati
1291 1292 1439 1376 Gregorii

175 1418 257 1481 pape
282 1413 313 1462 et
336 1399 477 1460 doctoris
499 1399 570 1480 lege
594 1411 625 1460 et
648 1399 794 1461 libertate
822 1411 928 1461 nostra
959 1399 1153 1480 requirente,
1185 1400 1217 1461 in
1242 1419 1308 1482 quo
1332 1399 1437 1460 eciam

176 1505 317 1567 termino
341 1503 481 1588 prefatus
505 1506 657 1567 dominus
674 1505 854 1588 Stephanus
871 1504 1013 1566 Farkasii
1030 1525 1067 1565 ex
1085 1505 1311 1568 commissione
1326 1503 1440 1586 judicis

175 1625 206 1672 et
229 1610 407 1693 juratorum
432 1611 528 1674 debet
551 1630 747 1694 comparere.

228 1829 325 1903 Faria
354 1843 452 1904 sexta
480 1835 635 1922 proxima
673 1839 752 1904 ante
779 1831 902 1904 festum
940 1833 1029 1904 beati
1063 1832 1213 1922 Gregorii
1243 1851 1326 1924 pape
1354 1839 1386 1903 et

724 1956 885 2028 doctoris.

714 2113 758 2187 (ο.
788 2109 910 2184 martie).

285 2251 363 2312 lrem
391 2251 467 2331 quia
492 2250 664 2312 Scolastica
687 2249 815 2329 mulier,
834 2249 943 2311 relicta
967 2249 1105 2312 condam
1130 2249 1242 2310 decani
1260 2247 1439 2312 Clementis

176 2357 263 2440 olym
289 2358 429 2419 concivis
453 2357 552 2418 nostri
577 2356 633 2418 filii
659 2357 740 2419 Petri
759 2355 816 2418 filii
841 2356 961 2434 Punek,
986 2356 1155 2418 habitatrix
1180 2355 1263 2417 dicte
1289 2355 1437 2435 civitatis,

176 2463 207 2524 id
232 2483 288 2544 per
312 2461 474 2525 sufficiens
497 2463 717 2525 testimonium
739 2475 898 2524 certorum
923 2463 1104 2524 concivium
1130 2477 1323 2540 nostrorum,
1348 2461 1438 2523 vide·

177 2567 251 2631 licet
276 2568 475 2651 Stephanum
499 2581 641 2630 sutorem
665 2567 766 2630 filium
785 2567 935 2649 Gregorii
959 2582 989 2630 et
1014 2566 1191 2650 Georgium
1216 2567 1363 2629 similiter
1386 2587 1438 2628 su-

175 2687 277 2736 torem
303 2673 517 2758 Behwethych
542 2675 618 2737 dicti
642 2695 699 2756 per
716 2695 774 2736 nos
798 2693 887 2736 more
911 2675 1007 2736 solito
1024 2673 1257 2754 adjuratorum,
1274 2673 1439 2736 evidenter

178 2795 207 2842 et
231 2779 395 2862 fidedigne
419 2800 527 2850 coram
552 2781 645 2842 nobis
669 2781 700 2842 in
726 2780 846 2861 judicio
878 2781 1112 2862 comprobavit,
1136 2795 1171 2842 ut
1194 2780 1271 2843 dum
1296 2779 1437 2862 prelatus

179 2885 332 2948 Clemens
356 2887 495 2948 decanus
519 2887 551 2948 in
583 2887 733 2948 extremis
763 2887 827 2949 vire
851 2906 907 2948 sue
937 2887 1123 2968 temporalis
1153 2887 1338 2966 laborasset,
1362 2901 1438 2949 tunc

177 2991 243 3074 ipse
268 2993 473 3054 medietatem
497 2992 664 3054 cuiusdam
689 2993 816 3072 domus,
834 2991 936 3070 fundi,
961 2993 1081 3054 cellarii
1106 3006 1136 3054 et
1157 2991 1379 3054 hedificiorum
1405 2993 1437 3053 in

177 3099 247 3159 vico
273 3099 372 3180 ipsius
396 3099 532 3160 civitatis
555 3100 703 3161 exteriori
736 3119 792 3161 seu
823 3100 928 3181 platea
952 3099 1182 3162 Theutonicali
1215 3099 1297 3161 inter
1321 3097 1437 3161 domos

178 3218 208 3267 et
231 3203 350 3267 fundos
374 3205 541 3267 Michaelis
564 3206 680 3268 sutoris
697 3219 728 3268 et
751 3205 836 3268 lwau
861 3206 936 3268 dicti
955 3207 1050 3288 Baryl
1075 3207 1183 3270 habite
1208 3219 1239 3268 et
1263 3206 1436 3284 existentis,

179 3312 365 3393 porcionem
389 3311 539 3374 videlicet
564 3331 665 3391 suam,
690 3331 787 3374 unam
810 3313 1037 3375 tantummodo
1061 3327 1206 3374 octavam
1233 3313 1317 3374 curie
1344 3313 1376 3374 in
1401 3333 1433 3373 se

177 3417 405 3497 continentem,
428 3437 501 3480 cum
526 3419 590 3480 suis
612 3418 817 3500 pertinenciis
841 3418 981 3500 predicte
1007 3419 1180 3481 Scolastice
1205 3438 1262 3502 pro
1286 3431 1363 3482 tunc
1381 3439 1436 3480 sue

178 3525 316 3586 consorti
341 3523 479 3586 vendere
505 3537 535 3586 et
559 3543 632 3587 cum
656 3525 800 3606 pecuniis
822 3545 881 3607 pro
902 3525 1019 3606 quibus
1043 3524 1209 3604 vendetur,
1234 3525 1341 3587 debita
1367 3545 1435 3604 sua,

180 3632 296 3712 quihus
320 3631 488 3693 decanatui
512 3631 676 3693 colendini
712 3631 980 3694 confraternitatis
1011 3646 1155 3694 sutorum
1180 3645 1211 3693 et
1235 3632 1348 3694 ceteris
1372 3631 1437 3692 suis

178 3737 400 3815 creditoribus,
417 3738 598 3820 persolvere
612 3737 783 3817 debuisset,
800 3738 940 3818 ideoque
957 3757 1015 3799 nos
1035 3738 1211 3820 predictam
1230 3738 1436 3800 medietatem

177 3844 274 3926 ipsius
299 3843 425 3921 domus,
450 3841 552 3921 fundi,
583 3843 703 3905 cellarii
736 3855 766 3904 et
796 3842 1031 3922 hedificiorum,
1067 3844 1254 3926 porcionem
1287 3842 1436 3904 videlicet

174 3950 272 4030 ipsius
288 3948 399 4010 decani
418 3947 604 4027 Clementis,
621 3968 718 4010 unam
735 3949 854 4010 scilicet
870 3948 1096 4011 tantummodo
1119 3962 1265 4011 octavam
1290 3949 1377 4010 curie
1403 3949 1434 4009 in

174 4075 206 4118 se
229 4055 459 4133 continentem,
484 4075 556 4117 cum
582 4056 647 4116 suis
672 4055 861 4117 utilitatibus
885 4069 916 4116 et
945 4055 1152 4136 pertinenciis
1183 4055 1340 4118 universis
1364 4074 1435 4138 pre·

175 4161 258 4223 dicte
291 4161 463 4223 Scolastice
496 4161 626 4222 mulieri
656 4162 825 4223 statuimus
856 4160 1059 4222 vendendam
1091 4175 1122 4222 et
1152 4162 1251 4224 modo
1280 4163 1435 4244 premisso

175 4268 408 4350 disponendam
433 4268 690 4330 contradictione
715 4267 934 4349 quorumlibet
958 4287 1023 4330 non
1047 4270 1204 4330 obstante.

278 4373 356 4436 ltem
381 4374 564 4436 Anthonius
595 4393 690 4436 cocus
722 4387 830 4436 contra
860 4375 989 4436 Petrum
1022 4373 1160 4456 juratum
1194 4376 1299 4456 primo
1323 4375 1435 4437 citatus

175 4497 238 4539 non
263 4480 452 4560 comparuit.

279 4585 358 4647 ltem
382 4585 474 4668 Gyan
500 4587 651 4668 antiquus
675 4599 706 4648 et
729 4585 906 4667 hospitator
934 4601 1044 4648 contra
1069 4587 1198 4648 Petrum
1224 4587 1368 4650 ltalicum
1385 4607 1434 4648 se-

175 4690 282 4752 cundo
307 4691 420 4753 citatus
443 4711 509 4753 non
534 4692 724 4774 comparuit.

281 4798 357 4859 ltem
387 4799 461 4879 quia
486 4803 594 4880 Agnes
618 4799 725 4861 relicta
750 4801 887 4862 condam
915 4801 1042 4883 Mathye
1069 4800 1145 4860 dicti
1171 4800 1287 4878 Groza,
1311 4800 1433 4862 habita·

176 4904 234 4964 trix
258 4904 340 4966 dicte
364 4905 510 4984 civitatis,
535 4904 567 4965 id
592 4903 786 4968 sufficienter
810 4921 841 4968 et
864 4906 1025 4987 fidedigne
1050 4927 1158 4969 coram
1184 4909 1278 4970 nobis
1301 4908 1333 4969 in
1358 4908 1432 4969 sede

178 5023 282 5072 nostra
306 5009 470 5094 judiciaria
487 5011 571 5075 clare
588 5013 819 5094 comprobavit,
837 5025 871 5076 ut
888 5013 966 5075 dum
984 5013 1147 5096 predictus
1165 5013 1310 5100 Mathyas
1328 5015 1432 5082 Groza
