3740 5810
609 581 696 640 Anno
716 594 808 660 1419.
832 616 876 626 -
899 577 952 642 28.
968 583 1052 658 fulsi.
1430 602 1470 666 73

313 792 392 854 ltem
409 791 503 873 jurati
521 792 795 875 adjudicaverunt,
813 795 902 877 quod
921 793 1046 856 Malech
1070 793 1200 877 jobagio
1217 795 1330 858 Jalruss
1354 795 1471 858 linter·

207 899 290 960 niste
314 900 431 962 debeat
446 913 620 963 sextusmet
636 899 739 982 jurare
768 919 863 984 super
883 901 946 964 hoc
968 901 1057 984 quod
1080 901 1239 984 hospitem
1259 921 1354 964 auum
1370 901 1474 965 voluit

207 1005 367 1085 occidere,
392 1019 506 1069 octavo
529 1007 592 1070 die.

317 1111 396 1174 ltem
420 1111 685 1194 adjudicaverunt
708 1113 814 1196 jurati,
845 1113 934 1196 quod
963 1111 1124 1196 Georgius
1155 1113 1259 1177 dictus
1282 1114 1402 1177 Wolelr
1426 1134 1474 1177 ra·

208 1217 303 1281 cione
338 1216 509 1280 fraccionis
543 1231 727 1302 treugarum
763 1221 916 1282 remansit
951 1219 1049 1302 judici
1082 1233 1113 1282 et
1144 1219 1254 1301 juratis
1290 1221 1322 1282 in
1360 1220 1474 1302 viginti

209 1325 355 1407 quinque
380 1325 496 1386 mareis
519 1325 727 1388 denariorum
751 1340 782 1387 et
805 1325 894 1408 quod
921 1345 1071 1408 percusso
1097 1325 1211 1387 debeat
1234 1323 1425 1388 satisfacere.

315 1449 394 1510 Item
418 1447 684 1530 adjudicaverunt
700 1449 794 1532 jurati
818 1449 858 1511 ad
877 1449 1052 1512 Mikusium
1077 1462 1107 1511 et
1124 1468 1257 1512 uxorem
1281 1467 1373 1511 suam
1392 1449 1474 1530 jura-

210 1571 357 1618 mentum
382 1569 496 1618 octavo
520 1555 583 1635 die,
607 1556 697 1639 quod
720 1575 778 1618 nec
803 1556 870 1639 ipsa
894 1575 953 1618 nec
982 1556 1049 1638 ipse
1073 1554 1161 1617 solus
1185 1554 1317 1637 aliquod
1342 1553 1474 1637 dampni

210 1662 250 1724 de
273 1663 351 1724 vino
376 1662 474 1724 blasii
498 1661 679 1726 intulissent
701 1663 773 1726 sibi.

314 1769 392 1831 ltem
418 1769 511 1850 jurati
537 1768 812 1851 adjudicaverunt,
836 1769 924 1851 quod
947 1768 1101 1830 Podoben
1125 1768 1330 1850 capisterium
1356 1769 1473 1830 debeat

211 1893 378 1937 removere
402 1895 419 1936 a
442 1876 563 1959 pariete
586 1876 638 1938 vel
662 1875 782 1938 ibidem
807 1888 916 1938 tenere
937 1876 1058 1958 absque
1083 1874 1225 1957 dampno
1250 1874 1346 1936 vicini
1370 1873 1429 1936 aui.

228 2111 324 2186 Faria
353 2121 452 2186 serta
480 2117 634 2205 proxima
663 2123 739 2204 post
766 2116 889 2188 festam
916 2115 1012 2186 beate
1041 2111 1133 2184 llnne
1163 2115 1284 2185 matris
1311 2114 1454 2202 virginis

771 2239 924 2330 gloriose.

758 2407 824 2489 (28.
840 2410 936 2487 juro.

319 2569 399 2632 ltem
433 2568 592 2651 Georgius
623 2569 821 2652 Forgachich
853 2583 964 2633 contra
995 2568 1194 2652 Stephanum
1227 2569 1332 2652 primo
1364 2569 1477 2630 citatus

211 2695 277 2739 non
302 2677 493 2758 comparuit.

320 2781 400 2844 Item
432 2781 526 2864 jurati
557 2781 837 2864 adjudicaverunt,
873 2783 961 2865 quod
997 2781 1128 2844 domina
1161 2779 1335 2842 Katherina
1367 2779 1476 2842 relicta

215 2887 339 2969 Saphar
362 2887 447 2950 Petri
472 2900 586 2950 octavo
613 2887 665 2954 die
682 2888 778 2950 debet
801 2888 869 2951 sola
887 2889 988 2971 jurare
1006 2907 1102 2970 super
1124 2887 1222 2950 altare
1247 2905 1342 2968 super
1366 2885 1474 2947 valore

213 2995 308 3056 unius
325 2995 429 3074 bovis,
453 2995 543 3077 quod
559 2995 680 3057 valeret
703 3008 842 3077 quatuor
858 2993 927 3058 flor.
945 2995 996 3056 vel
1021 2995 1145 3070 minus;
1170 3006 1201 3055 et
1225 2991 1371 3074 deposito
1389 2990 1472 3072 jura-

215 3115 324 3164 mento
348 3101 388 3164 de
414 3101 556 3184 dampno
589 3101 732 3164 medium
761 3101 857 3164 debet
887 3101 1003 3164 suffere
1027 3115 1058 3163 et
1090 3099 1296 3163 Sebastianus
1319 3097 1474 3162 medium.

321 3224 399 3287 ltem
413 3224 505 3307 jurati
531 3224 807 3306 adjudicaverunt,
824 3225 913 3307 quod
931 3225 1042 3288 Petrus
1065 3223 1225 3286 aurifaber
1242 3223 1337 3284 debet
1360 3235 1474 3284 octavo

215 3331 267 3392 die
292 3330 508 3412 juramentum
533 3332 707 3414 deponere,
731 3331 819 3414 quod
844 3332 911 3414 ipse
935 3329 1061 3394 nullum
1094 3330 1236 3413 precium
1261 3349 1279 3390 a
1303 3329 1475 3390 tricesima·

214 3453 283 3502 tore
296 3439 485 3502 Hermanno
503 3439 639 3522 recepit;
653 3437 693 3502 de
710 3459 776 3520 quo
793 3437 914 3520 judicio
930 3437 1025 3520 judex
1044 3437 1198 3500 Miklinus
1215 3455 1280 3498 non
1305 3447 1474 3498 contentus

215 3546 256 3608 ad
280 3546 431 3627 antiquos
455 3545 576 3624 judices
599 3545 784 3628 appellavit.

322 3651 401 3714 ltem
425 3651 517 3732 jurati
544 3651 818 3734 adjudicaverunt,
843 3650 931 3733 quod
954 3650 1121 3713 Elizabeth
1145 3649 1254 3712 relicta
1278 3647 1375 3711 Blasii
1400 3647 1476 3710 Pur·

213 3757 357 3840 garichin
383 3771 497 3820 octavo
521 3758 573 3820 die
597 3757 693 3820 debet
717 3757 931 3835 juramentum
960 3757 1132 3838 deponere,
1165 3755 1253 3838 quod
1277 3775 1337 3816 nec
1362 3775 1380 3815 a
1405 3754 1474 3816 Ste-

214 3863 323 3946 phano
336 3864 481 3928 institere
498 3884 556 3926 nec
581 3884 679 3926 uxore
696 3883 752 3926 sua
777 3863 903 3926 nullum
927 3863 1069 3946 precium
1087 3863 1206 3944 recepit
1224 3861 1263 3922 de
1276 3859 1476 3942 repositione

214 3971 299 4048 vini;
324 3983 355 4032 et
379 3983 535 4052 quantum
559 3969 687 4052 jurabit,
710 3984 786 4034 tunc
814 3971 873 4032 sibi
896 3969 1076 4053 Stephanus
1102 3969 1197 4032 debet
1228 3965 1408 4031 satisfacere
1433 3965 1473 4029 de

215 4077 428 4160 reposicione.

321 4183 401 4246 ltem
421 4182 514 4265 jurati
538 4183 814 4263 adjudicaverunt,
838 4182 926 4264 quod
956 4181 1149 4243 Benedictus
1174 4179 1336 4242 Dudinich
1362 4191 1476 4240 octavo

216 4289 267 4352 die
291 4289 521 4352 secundusmet
537 4290 633 4352 debet
646 4289 861 4370 juramentum
879 4288 1051 4372 deponere,
1069 4308 1134 4370 quo
1151 4287 1298 4370 deposito
1316 4285 1477 4349 Maschich

214 4396 332 4459 debeat
358 4395 419 4458 sibi
443 4396 634 4458 satisfacere.

322 4520 401 4582 ltem
438 4521 531 4603 jurati
566 4520 841 4603 adjudicaverunt,
878 4519 967 4602 quod
1002 4520 1077 4601 quia
1112 4519 1302 4582 Valentinus
1337 4515 1477 4580 carnifex

216 4639 325 4689 contra
343 4625 424 4688 Wlk
448 4626 488 4688 ad
511 4627 642 4690 terciam
660 4627 850 4689 citacionem
868 4645 934 4688 non
959 4627 1138 4708 comparuit
1155 4645 1213 4688 nec
1237 4637 1477 4708 procuratorem

217 4732 339 4811 habuit,
365 4731 439 4794 ideo
464 4733 530 4815 ipse
554 4733 633 4795 Wllr
666 4733 761 4794 debet
793 4732 970 4815 producere
994 4745 1088 4794 testes
1119 4733 1333 4794 victimatores
1363 4743 1477 4792 octavo

218 4839 269 4900 die
296 4851 371 4901 ante
388 4857 470 4920 quos
492 4839 552 4900 sibi
570 4839 680 4900 vinum
698 4857 792 4901 suum
813 4839 1010 4917 vendiderat,
1028 4851 1059 4901 et
1082 4838 1160 4920 quid
1178 4839 1236 4921 ipsi
1253 4837 1477 4918 testificabunt,

219 4944 257 5006 de
282 4944 340 5007 illo
364 4945 425 5006 sibi
450 4943 545 5006 debet
568 4943 746 5007 satisfacere
770 4945 825 5006 tali
842 4945 952 5025 modo,
977 4945 1065 5027 quod
1090 4945 1168 5006 Wllr
1193 4945 1288 5007 debet
1312 4944 1473 5027 deponere

221 5049 448 5133 jurameutum,
472 5049 560 5134 quod
585 5051 651 5133 ipse
676 5070 693 5111 a
717 5051 860 5134 predicto
876 5051 1049 5114 Valentino
1074 5051 1196 5114 nullam
1220 5051 1420 5116 solucionem
1437 5049 1476 5120 de
