3734 5796
600 530 687 589 Anno
709 543 803 609 1439.
828 563 868 574 -
892 543 945 606 29.
968 527 1054 591 mne'i.
1396 551 1456 613 313

198 742 350 826 expendit
376 763 473 826 super
497 742 630 805 domum
659 755 690 804 et
720 741 782 804 alia
814 742 944 804 servicia
969 742 1008 803 de
1033 741 1145 804 eadem
1178 743 1277 804 domo
1303 743 1361 804 rite
1387 762 1459 826 pro·

196 850 374 930 veniencia,
399 849 527 912 nullum
551 849 680 932 penitus
696 847 891 931 adjutorium
915 849 1015 931 ipsius
1031 848 1156 910 dom‘ni
1170 849 1293 912 Nowalr
1319 849 1402 912 Petri
1420 848 1462 910 ad

198 957 281 1039 ipsas
305 975 459 1039 expensas
483 955 614 1018 habens.

303 1062 381 1125 ltem
406 1062 499 1142 jurati
524 1062 790 1144 adjudicaverunt
821 1061 909 1144 quod
942 1060 1102 1144 Georgius
1127 1062 1332 1146 Oprasnycza
1366 1061 1462 1124 debet

198 1167 302 1250 jurare
327 1181 441 1232 octavo
466 1168 518 1231 die
541 1187 636 1250 super
660 1187 747 1231 aram
771 1179 881 1232 contra
904 1169 1041 1231 Paulum
1066 1170 1207 1252 Zagorcz
1232 1187 1403 1252 supereo,
1428 1182 1462 1230 ut

197 1274 265 1357 ipsa
290 1295 385 1338 vacca
410 1295 507 1358 quam
541 1275 608 1357 ipse
633 1275 750 1337 Paulus
781 1275 822 1336 ab
854 1275 924 1358 ipso
950 1273 1093 1358 Georgia
1125 1276 1245 1358 recepit
1268 1295 1325 1358 per
1357 1275 1461 1357 ipsum

198 1378 256 1444 luit
281 1395 388 1470 empta
412 1401 471 1464 pro
496 1401 549 1444 sex
574 1393 605 1444 et
628 1379 735 1444 media
758 1381 865 1463 pensis
889 1381 1105 1444 denariorum.

306 1487 385 1550 Item
411 1487 486 1570 quia
511 1487 570 1550 viri
594 1486 721 1570 providi
745 1501 777 1549 et
800 1485 926 1549 honesti
944 1486 1097 1550 Clemens
1118 1487 1291 1570 agricultor
1308 1503 1338 1549 et
1361 1487 1462 1549 Bene·

199 1593 303 1656 dictus
326 1609 428 1658 sartor
451 1593 509 1656 filii
534 1593 664 1656 Andree
686 1594 834 1655 concives
857 1594 969 1673 nostri,
994 1593 1027 1656 id
1052 1613 1125 1656 curn
1142 1593 1313 1656 sufficienti
1338 1607 1369 1656 et
1385 1591 1462 1656 fide·

200 1699 300 1782 digno
318 1715 499 1763 nostrorum
518 1700 700 1762 concivium
718 1700 906 1762 testimonio
922 1700 954 1762 in
971 1700 1046 1762 sede
1071 1715 1178 1763 nostra
1197 1699 1363 1782 judiciaria
1379 1699 1463 1762 clare

198 1819 229 1868 et
251 1807 370 1869 seriose
395 1827 502 1868 coram
527 1806 622 1870 nobis
645 1807 678 1868 in
702 1806 822 1890 judicio
854 1808 1117 1890 comprobarunt,
1149 1821 1184 1870 ut
1208 1807 1285 1869 dum
1310 1805 1464 1890 providus

198 1913 336 1975 condam
357 1915 405 1975 vir
428 1913 554 1976 Blasius
578 1911 678 1992 faber,
702 1913 791 1997 olym
822 1914 964 1976 concivis
992 1929 1111 1996 noster,
1143 1912 1228 1976 filius
1252 1913 1351 1975 lwecz
1374 1912 1460 1974 simi·

197 2019 270 2082 liter
293 2016 385 2098 fabri,
409 2019 622 2102 propinquus,
645 2017 750 2081 affinis
773 2033 805 2081 et
828 2020 1088 2101 consanguineus
1116 2021 1259 2103 ipsorum
1285 2017 1464 2081 Clementis

200 2138 230 2186 et
256 2125 432 2204 Benedicti,
455 2124 519 2206 jam
544 2125 668 2188 dudum
692 2127 732 2187 ab
748 2123 807 2188 hac
832 2125 902 2188 luce
927 2126 1081 2206 sublatus,
1106 2127 1138 2188 in
1156 2125 1305 2188 extremis
1328 2126 1393 2188 vite
1409 2145 1464 2186 sue

201 2233 388 2315 temporalis
411 2233 597 2312 laborasset,
621 2245 698 2294 tunc
723 2232 790 2315 ipse
815 2234 971 2315 quasdam
989 2234 1068 2296 duas
1091 2253 1164 2294 suas
1187 2233 1298 2296 vineas
1315 2233 1464 2310 desertas,

199 2336 263 2420 jam
289 2338 321 2400 in
346 2337 442 2401 silvas
465 2335 606 2402 totaliter
630 2338 774 2401 redactas
804 2352 835 2401 et
866 2339 1071 2418 redundatas,
1096 2339 1128 2402 in
1160 2339 1321 2402 territorio
1354 2351 1464 2402 nostro

198 2463 256 2506 seu
279 2443 415 2507 civitatis
438 2445 580 2528 predicte
604 2445 739 2525 habitas,
764 2465 899 2528 quarum
924 2446 1027 2528 prima
1051 2447 1133 2510 inter
1156 2447 1269 2508 silvam
1294 2445 1465 2528 hospitalis

200 2551 300 2612 nostri
331 2551 513 2614 communia
545 2571 562 2613 a
595 2551 775 2614 meridione
808 2567 838 2614 et
861 2552 943 2615 inter
974 2551 1089 2614 silvam
1113 2553 1171 2614 viri
1203 2551 1330 2636 providi
1355 2551 1465 2614 Jacobi

200 2657 294 2718 aliter
317 2657 420 2720 larini
444 2659 561 2737 vocati,
584 2657 710 2740 pridem
734 2657 828 2739 jurati
853 2671 884 2721 et
908 2659 1049 2721 concivis
1073 2659 1172 2721 nostri
1196 2657 1253 2720 lilii
1280 2658 1364 2720 Petri
1389 2657 1465 2719 dicti

204 2762 328 2846 Saphar
351 2763 408 2826 aits
433 2763 568 2828 habetur
596 2775 676 2828 etse
700 2765 837 2846 desuper
853 2785 870 2826 a
887 2765 1005 2827 vertice
1023 2777 1054 2827 et
1069 2763 1150 2827 infra
1175 2783 1276 2846 usque
1294 2765 1466 2828 decursum

202 2889 286 2951 aque
310 2889 382 2932 cum
406 2871 546 2953 virgulto
570 2871 796 2954 protenderet;
828 2871 890 2933 alia
920 2891 997 2934 vero
1022 2871 1115 2933 vinea
1148 2871 1271 2934 deserta
1297 2871 1328 2932 in
1352 2871 1466 2934 silvam

201 2975 346 3038 totaliter
370 2977 497 3040 redacta
521 2992 556 3040 ut
580 2975 747 3060 prefertur,
773 2978 887 3040 Korito
911 2978 1010 3060 vulgo
1038 2991 1149 3040 vocata
1174 2978 1255 3040 inter
1278 2977 1387 3040 vineas
1410 2997 1466 3040 seu

201 3082 300 3144 silvas
323 3082 498 3145 liberorum
523 3083 661 3146 condam
679 3083 807 3146 Aadree
832 3098 863 3146 et
887 3083 1035 3165 Gregorii
1052 3083 1329 3167 chheylrovych
1353 3097 1384 3146 et
1400 3084 1467 3147 vias

202 3207 393 3265 communes
416 3190 524 3252 habita
561 3188 629 3253 iore
661 3189 857 3273 perhibetur,
890 3192 993 3273 ipsum
1026 3191 1147 3253 scilicet
1170 3190 1313 3253 Blasiurn
1334 3190 1466 3273 juridice

202 3307 234 3357 et
258 3295 436 3358 literatorie
460 3309 702 3376 concernentes,
726 3316 798 3359 cum
823 3297 975 3360 omnibus
1007 3297 1071 3360 suis
1094 3317 1150 3359 aeu
1183 3298 1324 3380 ipsarum
1348 3297 1466 3360 utilita-

201 3402 289 3464 tibus
313 3414 345 3464 et
367 3403 575 3485 pertinenciis
591 3403 758 3483 universis,
775 3403 905 3486 prefatis
930 3403 1091 3466 Clementi
1108 3403 1293 3485 agricultori
1310 3415 1341 3465 et
1366 3403 1466 3466 Bene·

203 3508 290 3570 dicto
315 3509 428 3571 samari
460 3522 626 3592 tamquam
659 3509 859 3593 propinquis,
891 3508 1041 3572 affinibus
1070 3523 1101 3573 et
1132 3510 1379 3593 consanguineis
1402 3509 1468 3572 suis

202 3613 372 3696 legavisset
396 3629 427 3678 et
451 3615 624 3677 dimisisset
649 3615 717 3697 jure
741 3615 928 3699 perhennali
946 3615 1174 3699 possidendas;
1191 3631 1223 3678 et
1246 3615 1322 3698 quia
1347 3635 1364 3678 a
1387 3629 1466 3678 tem·

202 3740 280 3804 pore
305 3721 413 3784 obitus
437 3723 537 3805 ipsius
560 3722 698 3786 condam
723 3723 823 3786 Blasii
850 3721 931 3784 fabri
957 3737 988 3786 et
1019 3741 1120 3805 usque
1144 3743 1230 3785 nunc
1254 3721 1367 3806 prelati
1393 3721 1467 3785 Cle·

202 3847 294 3890 mens
318 3843 349 3891 et
373 3829 567 3892 Benedictus
591 3830 623 3892 in
648 3830 795 3892 dominio
819 3829 976 3892 dictarum
998 3831 1163 3892 vinearum
1189 3829 1385 3892 desertarum
1403 3829 1467 3912 jam

204 3935 236 3996 in
253 3935 350 3997 silvas
366 3936 505 3998 totaliter
520 3935 719 3999 redacturum
744 3935 875 4019 pacifice
889 3951 920 3999 et
932 3937 1040 4019 quiete
1057 3949 1311 4019 permanserunt,
1329 3953 1466 4018 quorum

204 4041 337 4123 quidem
362 4041 541 4105 Clementis
565 4055 596 4104 et
620 4043 785 4105 Benedicti
807 4041 953 4104 dominio
974 4062 1031 4126 per
1054 4043 1140 4125 ipsos
1164 4043 1196 4104 in
1214 4041 1343 4124 prelatis
1366 4041 1468 4104 vineis

203 4149 335 4212 desertis
359 4167 416 4210 seu
438 4148 527 4211 silvis
550 4149 650 4212 modo
673 4149 829 4232 premisso
854 4147 934 4211 facte
970 4149 1011 4211 ad
1033 4150 1150 4212 trinam
1176 4147 1336 4211 forensem
1361 4148 1467 4230 publi-

204 4275 272 4318 cam
298 4255 593 4338 proclamacionem
611 4276 667 4338 per
684 4277 743 4320 nos
759 4255 932 4340 superinde
950 4275 1038 4318 more
1056 4255 1151 4317 solito
1176 4254 1243 4316 fieri
1263 4254 1468 4316 commissam

204 4381 301 4425 nemo
327 4362 455 4446 penitus
486 4363 702 4426 contradictor
734 4364 893 4447 apparuit,
927 4362 1065 4444 ideoque
1090 4381 1149 4423 nos
1179 4361 1337 4444 predictas
1359 4361 1469 4423 vineas

204 4469 345 4532 desertas
371 4467 434 4552 jam
459 4469 493 4530 in
525 4469 621 4532 silvas
653 4469 793 4534 totaliter
827 4483 860 4532 ut
891 4468 1065 4553 predicitur
1096 4468 1250 4547 redactas,
1274 4468 1370 4530 simul
1395 4486 1468 4529 cum

204 4574 356 4638 omnibus
378 4576 445 4637 suis
467 4596 524 4639 seu
548 4577 689 4659 ipsarum
721 4575 911 4639 utilitatibus
936 4588 967 4638 et
983 4575 1188 4657 pertinenciis
1212 4575 1380 4654 universis,
1397 4593 1468 4657 pre·

204 4681 321 4746 notatis
346 4681 509 4747 Clementi
534 4697 565 4746 et
589 4683 764 4745 Benedieto
790 4702 826 4744 ac
850 4701 906 4765 per
930 4701 985 4743 eos
1002 4681 1145 4763 ipsorum
1170 4680 1343 4744 heredibus
1366 4680 1468 4742 racio·

205 4791 301 4852 nibus
324 4805 355 4854 et
379 4791 482 4852 causis
498 4809 536 4852 ex
559 4791 722 4874 premissis
745 4789 913 4852 statuimus
937 4801 967 4850 et
984 4788 1204 4850 commisimus
1221 4787 1287 4868 jure
1312 4798 1468 4870 perpetuo

205 4909 236 4958 et
260 4896 513 4958 irrevocabiliter
543 4895 752 4978 possidendas
776 4909 807 4957 et
824 4893 1132 4977 quomodocumque
1165 4893 1327 4955 voluerint
1359 4893 1467 4976 dispo·

205 5002 330 5065 nendas
353 5003 438 5084 juxta
456 5001 681 5064 condicionem
707 5001 842 5064 civitatis
858 5012 1025 5083 prenotate
1038 5001 1078 5062 ab
1096 5000 1230 5082 antiquo
1247 5000 1467 5082 approbatam.
