3876 5798
828 557 915 613 Anno
940 553 1035 633 1448.
1063 589 1103 598 -
1128 553 1177 614 16.
1195 556 1355 630 februarii.

775 767 851 829 Item
876 765 1060 828 Anthonius
1084 764 1224 826 carnifex
1249 764 1448 848 Oprasnych.

775 873 853 935 Item
879 872 1014 953 Egidius
1042 869 1193 934 carnifex.

777 979 855 1041 Item
881 977 1027 1060 Mathyas
1050 975 1199 1040 carnifex.

778 1085 856 1147 Item
881 1085 1018 1146 lacobus
1042 1082 1191 1146 carnifex.

780 1192 858 1253 Item
883 1190 1000 1252 Paulus
1023 1188 1194 1252 aurifaber.

774 1298 852 1360 ltem
879 1297 996 1359 Paulus
1021 1295 1119 1358 faber.

776 1405 854 1466 ltern
879 1404 1072 1466 Benedictus
1096 1401 1194 1466 faber.

778 1511 855 1571 ltem
881 1508 1034 1572 Clemens
1057 1507 1156 1572 faber.

776 1617 855 1678 ltem
879 1617 1045 1678 Emericus
1069 1614 1167 1677 faber.

778 1723 856 1784 ltern
883 1723 1049 1784 Ladislaus
1073 1721 1362 1804 Czaranthowych.

779 1830 857 1891 ltem
882 1828 1000 1890 Paulus
1023 1828 1108 1890 filius
1136 1828 1219 1891 Petri
1245 1828 1401 1910 Hungari.

778 1937 855 1998 ltem
881 1936 991 1997 Petrus
1014 1934 1098 1997 filius
1126 1935 1216 1996 Pauli
1242 1934 1350 1997 Sulelt.

778 2041 854 2104 Item
881 2041 1056 2123 Gregorius
1079 2039 1164 2103 filius
1189 2040 1340 2122 Symonis
1364 2040 1403 2102 de
1429 2041 1572 2104 Raboch.

777 2150 856 2210 ltem
881 2148 999 2210 Paulus
1022 2147 1106 2209 filius
1131 2148 1282 2231 Symonis
1309 2147 1510 2229 carpentarii.

778 2255 856 2317 Item
881 2255 1027 2338 Mathyas
1050 2253 1251 2337 Trunthych.

778 2361 857 2423 ltem
881 2361 1027 2423 Thomas
1051 2360 1202 2442 frenipar.

778 2467 855 2529 ltem
880 2467 1046 2528 Emericus
1069 2465 1218 2548 frenipar.

777 2573 856 2634 ltem
881 2573 1036 2634 Martinus
1058 2585 1156 2633 sutor.

779 2679 856 2740 Item
881 2679 1006 2740 Blasius
1029 2691 1128 2740 sutor.

781 2785 858 2847 ltem
883 2786 980 2868 Elyas
1007 2799 1105 2847 sutor.

777 2892 853 2953 Item
880 2892 982 2954 Lucas
1005 2905 1103 2954 sutor.

566 3103 644 3164 ltem
663 3101 804 3184 prefatus
821 3103 976 3164 Martinus
993 3102 1088 3182 judex
1114 3104 1212 3186 ipsius
1240 3105 1376 3166 civitatis
1393 3104 1568 3166 modernus
1584 3125 1729 3167 unacum

458 3208 570 3290 juratis
593 3223 624 3269 et
648 3209 837 3270 consiliariis
861 3209 1024 3270 modernis
1048 3211 1222 3291 prenotatis
1247 3231 1319 3272 cum
1342 3230 1499 3272 consensu
1523 3211 1673 3272 unanimi
1700 3227 1731 3272 et

460 3315 612 3376 concordi
637 3315 801 3375 voluntate
838 3335 874 3375 ac
906 3315 1034 3376 decreto
1065 3316 1168 3376 tocius
1199 3316 1440 3378 communitatis
1463 3315 1572 3376 omnia
1604 3329 1730 3377 statuta

458 3435 553 3503 atque
577 3421 713 3499 decreta,
737 3434 802 3482 tam
828 3422 859 3481 in
884 3421 1024 3502 antiquis
1051 3441 1147 3503 quam
1174 3421 1205 3482 in
1230 3421 1369 3503 presenti
1395 3421 1533 3483 fraternis
1558 3435 1729 3500 contenta,

459 3527 636 3608 conscripta
661 3541 692 3589 ct
719 3527 903 3606 consignata
928 3527 1035 3608 quoad
1056 3547 1168 3588 omnes
1185 3528 1353 3606 clausulas,
1377 3541 1496 3610 puncta
1514 3541 1544 3589 et
1568 3528 1728 3590 articulos

460 3634 648 3696 eorumdem
680 3647 870 3694 statutorum
904 3649 933 3694 et
965 3634 1166 3694 decretorum
1199 3654 1255 3715 per
1286 3647 1389 3695 totum
1421 3652 1542 3694 annum
1568 3635 1730 3714 presentis

458 3741 616 3822 judicatus
639 3740 739 3820 ipsius
772 3740 899 3800 Martini
932 3739 1047 3818 judicis
1078 3740 1224 3800 moderni
1256 3759 1291 3800 ac
1317 3739 1468 3821 deinceps
1503 3751 1664 3820 perpetuo
1700 3756 1730 3801 et

458 3845 708 3907 irrevocabiliter
725 3844 858 3906 valitura
884 3859 914 3906 et
939 3844 1137 3906 observanda
1163 3843 1402 3906 confirmarunt.

563 3951 639 4012 Item
664 3951 756 4031 jurati
781 3951 914 4032 predicti
940 3971 1067 4011 causam
1085 3951 1183 4012 debiti
1209 3951 1321 4032 viginti
1346 3951 1492 4032 quinque
1526 3949 1729 4012 florenorum

459 4059 527 4120 auri
553 4058 634 4119 inter
658 4057 786 4118 Petrum
825 4057 985 4118 literatum
1010 4056 1111 4118 filium
1141 4057 1318 4120 Sebastiani
1351 4071 1386 4118 ut
1409 4071 1548 4119 actorem
1587 4071 1619 4118 et
1644 4059 1731 4119 inter

458 4166 630 4226 Nicolaum
663 4162 857 4225 aurifabrum
896 4163 996 4224 filium
1032 4165 1114 4224 Petri
1148 4164 1271 4246 pridem
1303 4163 1454 4244 judicem,
1487 4163 1728 4246 concivemque

459 4285 614 4349 nostrum,
639 4289 746 4331 coram
772 4270 893 4330 eisdem
917 4269 1026 4350 juratis
1050 4285 1170 4330 motam
1196 4283 1226 4330 et
1251 4283 1440 4347 vertentem,
1465 4269 1497 4330 in
1522 4289 1587 4350 quo
1612 4269 1730 4332 debito

459 4379 548 4440 XXV
572 4377 767 4438 florenorum
793 4377 861 4436 auri
880 4376 984 4457 ipsum
1004 4376 1174 4437 Nicolaum
1191 4375 1387 4438 aurifabrum
1414 4376 1499 4436 idem
1521 4376 1635 4437 Petrus
1654 4379 1729 4440 lite-

459 4497 544 4546 ratus
569 4484 629 4543 sibi
647 4483 827 4544 debitorem
844 4481 911 4542 fore
936 4483 1104 4559 asserebat,
1123 4502 1161 4542 eo
1179 4482 1277 4543 modo
1295 4481 1571 4562 adjudicaverunt,
1596 4495 1631 4543 ut
1649 4485 1729 4563 quia

460 4591 528 4673 ipse
554 4589 706 4650 Nicolaus
723 4587 883 4649 aurifaber
900 4589 1003 4670 ipsum
1029 4589 1173 4650 debitum
1192 4588 1318 4668 penitus
1335 4589 1473 4668 negabat
1497 4587 1615 4664 dicens,
1634 4589 1729 4668 quod

460 4697 527 4778 ipse
553 4695 705 4756 Nicolaus
730 4693 889 4756 aurifaber
921 4695 1041 4756 eisdem
1076 4695 1165 4756 XXV
1197 4693 1266 4756 flor.
1291 4695 1360 4756 auri
1392 4694 1451 4776 ipsi
1477 4695 1570 4755 Petro
1595 4694 1728 4757 literato

461 4822 525 4862 non
551 4801 757 4881 obligaretur,
783 4815 812 4860 et
829 4802 902 4861 ideo
927 4801 994 4881 ipse
1011 4801 1164 4861 Nicolaus
1188 4799 1347 4861 aurifaber
1370 4800 1437 4861 sola
1455 4819 1510 4860 sua
1537 4801 1567 4860 in
1586 4819 1729 4881 persona

460 4908 563 4990 jurare
580 4908 740 4969 tenebitur
764 4906 841 4968 feria
859 4921 944 4968 sexta
961 4908 1106 4988 proxima
1127 4921 1197 4988 post
1214 4921 1358 4968 octavam
1378 4905 1447 4968 festi
1474 4906 1570 4967 Pasce
1589 4906 1729 4969 Domini

462 5015 493 5078 in
519 5015 650 5077 ecclesia
678 5015 761 5078 beati
788 5015 884 5077 Marci
904 5013 1107 5095 ewangeliste
1132 5033 1226 5097 super
1243 5032 1329 5076 aram
1354 5025 1460 5076 sancte
1480 5011 1593 5076 Crucis
1610 5029 1727 5078 contra
