3876 5798
818 559 901 617 Anno
925 573 1016 636 ¹4⁷²]-
1046 593 1079 600 —
1107 571 1155 635 27.
1180 561 1308 632 augusti.

432 665 447 671 ι-
458 665 490 670 -
505 666 757 672 -—-——-.-—-
770 665 895 672 --.——-.
912 665 986 671 .-.-...
996 665 1166 670 ..—.——....
1184 665 1278 672 -.-—-..-

484 777 579 851 Feria
609 791 732 869 quarta
761 781 913 870 proxima
942 791 1018 868 post
1046 779 1167 850 festum
1196 782 1304 850 sancti
1334 780 1423 866 regis
1452 779 1619 866 Stephani.

940 912 1005 992 (21.
1028 913 1171 990 auguste).

535 1037 613 1098 Item
637 1037 729 1116 jurati
756 1055 882 1096 causam
907 1033 980 1096 furti
1014 1007 1222 1116 pecuniarum
1247 1035 1365 1096 XXXll
1397 1034 1466 1096 flor.
1491 1036 1559 1096 auri
1584 1049 1614 1097 et
1638 1055 1690 1096 sex

430 1144 480 1206 vel
512 1145 588 1204 citra
622 1162 799 1204 marcarum
833 1141 1049 1220 denariorum,
1082 1141 1260 1220 quamlibet
1295 1161 1435 1202 marcam
1466 1163 1522 1223 per
1554 1155 1690 1223 quatuor

430 1271 543 1332 pensas
568 1250 771 1311 denariorum
791 1249 1020 1330 computando,
1037 1267 1135 1329 quam
1156 1249 1277 1310 scilicet
1294 1268 1420 1308 causam
1439 1249 1577 1330 ipsarum
1595 1267 1691 1329 pecu·

430 1357 554 1416 niarum
589 1357 819 1416 subtractarum
852 1355 990 1416 lacobus
1013 1353 1097 1416 filius
1130 1355 1220 1415 Pauli
1250 1355 1289 1414 de
1315 1356 1442 1436 Noryna
1476 1369 1586 1416 contra
1612 1353 1690 1415 Gre-

429 1464 556 1542 gorium
581 1463 730 1543 juratum,
755 1460 855 1522 filium
891 1459 988 1538 Galli,
1014 1461 1044 1520 in
1078 1461 1167 1521 cuius
1197 1461 1295 1521 domo
1329 1462 1395 1542 ipse
1420 1463 1558 1522 lacobus
1582 1461 1689 1541 hospi·

430 1569 515 1628 cium
540 1582 571 1629 et
595 1585 786 1628 nocturnum
813 1567 934 1644 habuit,
960 1587 1065 1628 eoram
1089 1566 1198 1644 juratis
1222 1585 1306 1628 nunc
1331 1571 1541 1648 proponebat,
1567 1567 1611 1627 sic
1635 1567 1690 1627 ad·

430 1675 662 1754 iudicaverunt,
676 1690 709 1736 ut
728 1675 794 1757 ipse
810 1673 984 1754 Gregorius
1002 1674 1120 1754 juratus
1134 1675 1231 1734 tercio
1247 1693 1278 1734 se
1296 1675 1440 1754 personis
1456 1674 1515 1734 sibi
1533 1673 1691 1734 similibus

430 1783 460 1842 in
486 1783 618 1844 ecclesia
644 1796 751 1843 nostra
784 1779 958 1862 parochiali
992 1781 1076 1840 beati
1111 1781 1207 1840 Marci
1239 1781 1445 1860 ewangeliste
1477 1799 1572 1860 super
1603 1800 1690 1839 aram

429 1903 535 1950 sancte
561 1888 674 1950 Crucis
707 1887 782 1948 seria
812 1887 907 1947 tercia
940 1887 1084 1968 proxima
1118 1901 1189 1966 post
1213 1885 1328 1946 festum
1360 1887 1442 1946 beati
1468 1885 1689 1946 Bartholomei

428 1995 566 2077 apostoli
591 2015 675 2055 nunc
708 1994 851 2076 proxime
883 2007 1065 2070 venturum,
1097 2005 1241 2073 presente
1267 2012 1332 2053 uno
1365 2012 1401 2052 ex
1427 1991 1536 2071 juratis
1561 1992 1685 2068 nostris,

429 2115 538 2162 contra
563 2099 722 2181 prefatum
741 2101 895 2160 Jacobum
918 2114 1058 2160 actorem
1082 2097 1185 2178 jurare
1201 2101 1362 2159 tenebitur
1379 2117 1473 2179 super
1498 2117 1547 2174 eo,
1573 2111 1606 2157 ut
1622 2097 1690 2179 ipse

428 2207 688 2291 prefatoJacobo
722 2207 753 2268 id
779 2226 842 2267 non
869 2205 1104 2286 assumpssisset
1132 2205 1219 2285 quod
1252 2205 1318 2286 ipse
1343 2205 1482 2266 lacobus
1510 2203 1535 2263 si
1565 2216 1691 2264 tanturn

428 2335 540 2376 aurum
566 2315 696 2375 haberet
728 2326 866 2394 quantus
897 2312 983 2373 solus
1016 2325 1106 2389 esset,
1142 2331 1271 2372 securus
1295 2325 1376 2372 esset
1400 2311 1432 2370 in
1465 2309 1563 2370 domo
1589 2309 1689 2391 ipsius

429 2421 577 2502 Gregorii
594 2421 773 2502 hospicium
795 2420 911 2480 habere
937 2431 967 2479 et
984 2438 1180 2499 permanere,
1199 2431 1229 2478 et
1245 2417 1334 2498 quod
1351 2419 1417 2498 ipse
1442 2415 1617 2496 Gregorius
1641 2415 1691 2496 ju-

428 2541 513 2589 ratus
537 2528 654 2588 dictam
680 2525 848 2608 pecuniam
873 2525 972 2606 ipsius
997 2525 1117 2602 Jacobi,
1152 2543 1248 2605 quam
1280 2524 1346 2605 ipse
1372 2524 1508 2584 lacobus
1533 2522 1564 2582 in
1590 2522 1690 2582 domo

428 2634 572 2694 eiusdem
599 2633 747 2712 Gregorii
773 2631 865 2712 jurati
890 2633 1081 2692 subtractam
1108 2628 1174 2692 fore
1204 2632 1372 2709 asserebat,
1397 2649 1462 2690 non
1486 2628 1692 2690 subtraxisset

427 2761 532 2822 neque
557 2741 588 2800 in
613 2739 833 2800 subtractione
859 2738 1002 2798 eiusdem
1027 2738 1160 2818 pecunie
1186 2737 1332 2797 conscius
1357 2751 1387 2798 et
1410 2736 1569 2818 particeps
1595 2749 1690 2814 esset,

427 2847 481 2908 sed
507 2847 660 2907 innocens
684 2861 714 2906 et
739 2845 889 2905 inmunis.

536 2953 612 3014 ltem
650 2951 794 3034 lvlathyas
830 2950 913 3011 filius
939 2951 1020 3010 Petri
1054 2950 1093 3011 de
1128 2949 1302 3032 Radochay
1338 2964 1447 3011 contra
1482 2949 1689 3011 Salamonem

428 3061 566 3121 ludeum
591 3073 621 3120 et
646 3078 777 3119 uxorem
797 3058 895 3138 ipsius
913 3058 944 3117 in
970 3056 1053 3117 facto
1071 3058 1236 3118 cuiusdam
1256 3056 1325 3118 lalsi
1350 3056 1463 3118 floreni
1481 3057 1567 3138 apud
1584 3058 1690 3138 ipsum

429 3167 592 3248 Mathyam
619 3166 755 3246 repperti
775 3185 831 3244 per
848 3163 1124 3243 adjudicacionem
1139 3163 1314 3242 juratorum
1333 3162 1589 3244 (modernorum)
1606 3163 1692 3242 jura-

428 3289 572 3334 mentum
599 3272 657 3331 sibi
685 3291 740 3350 per
764 3271 892 3330 eosdem
920 3269 1038 3349 juratos
1062 3269 1281 3350 adjudicatum
1306 3269 1402 3330 hodie
1426 3269 1530 3330 taliter
1555 3270 1693 3350 prestitit

430 3395 459 3440 et
485 3379 633 3459 deposuit
659 3397 753 3457 super
778 3397 863 3436 aram
889 3391 995 3436 sancte
1021 3375 1133 3436 Crucis
1151 3377 1181 3436 in
1207 3375 1339 3436 ecclesia
1357 3389 1463 3436 nostra
1489 3376 1571 3436 beati
1591 3376 1691 3435 Marci

429 3486 634 3565 ewangeliste
659 3504 753 3564 super
778 3503 828 3561 e0,
853 3497 886 3543 ut
912 3485 975 3564 ipse
995 3483 1140 3564 Mathyas
1165 3503 1229 3543 non
1255 3483 1350 3542 habet
1367 3501 1424 3542 nec
1448 3481 1559 3542 habuit
1583 3481 1691 3563 plures

429 3591 524 3652 falsos
550 3589 687 3650 florenos
713 3590 771 3649 nisi
804 3590 898 3650 istum
932 3609 1031 3649 unum
1061 3591 1146 3670 apud
1180 3591 1284 3671 ipsum
1316 3604 1511 3670 reppertum,
1536 3603 1566 3649 et
1599 3589 1688 3669 quod

428 3699 522 3758 istum
554 3695 711 3756 florenum
746 3693 859 3755 falsum
894 3697 958 3776 ipse
992 3695 1137 3777 Mathyas
1169 3697 1288 3777 recepit
1312 3715 1369 3776 pro
1401 3715 1433 3756 re
1464 3715 1521 3755 sua
1545 3695 1625 3775 justa
1659 3709 1692 3756 et

428 3804 514 3884 quod
540 3802 677 3862 eundern
703 3801 817 3862 falsum
850 3801 1007 3862 florenum
1040 3803 1124 3883 apud
1157 3803 1260 3883 ipsum
1295 3801 1458 3884 llrlathyam
1491 3816 1689 3882 reppertum,

429 3910 514 3969 idem
542 3907 686 3988 Mathyas
711 3909 843 3968 nescivit
868 3929 933 3968 esse
960 3909 1083 3970 l'alsum.

534 4015 610 4074 ltem
629 4014 729 4074 eciam
756 4015 785 4072 in
813 4013 894 4075 lacto
920 4016 1019 4096 ipsius
1044 4013 1112 4075 falsi
1136 4014 1247 4074 floreni
1274 4019 1383 4074 Annas
1409 4013 1527 4074 Judeus
1552 4033 1606 4094 per
1631 4013 1687 4073 ad-

427 4121 660 4202 judicationem
691 4119 906 4200 predictorum
940 4121 1116 4200 juratorum
1149 4121 1245 4182 hodie
1274 4121 1423 4182 similiter
1454 4119 1570 4202 juravit
1592 4139 1690 4201 super

428 4249 477 4306 eo,
502 4227 589 4308 quod
609 4229 650 4288 ita
668 4226 805 4287 eundem
824 4231 950 4286 Annam
977 4228 1115 4288 ludeum
1140 4227 1219 4288 hdes
1236 4247 1291 4288 sua
1317 4242 1347 4287 et
1364 4227 1417 4288 ille
1440 4227 1518 4288 deus
1542 4226 1597 4308 qui
1622 4246 1690 4287 cre-

427 4335 491 4395 avit
517 4334 621 4395 celum
648 4349 677 4393 et
701 4347 817 4393 terram
836 4332 975 4411 adjuvet,
1000 4335 1087 4413 quod
1106 4335 1171 4415 ipse
1190 4334 1367 4415 predictum
1386 4333 1544 4394 florenum
1561 4331 1690 4412 falsum,

427 4460 523 4522 quem
548 4441 613 4520 ipse
640 4440 784 4521 Mathyas
810 4439 1017 4500 Corintianus
1041 4441 1100 4500 sibi
1126 4441 1164 4500 ad
1191 4440 1436 4521 ponderandum
1462 4421 1702 4521 assignaverats

427 4567 491 4608 non
517 4547 697 4606 inmutavit.

427 4731 523 4804 Feria
554 4735 659 4803 tercia
697 4735 850 4820 proxima
889 4741 963 4821 post
993 4733 1114 4803 [estam
1157 4736 1246 4803 beati
1276 4732 1502 4803 bartholomei
1533 4732 1690 4820 apostoli.

947 4882 1008 4944 (27·
1033 4871 1171 4942 testati·

534 4993 609 5052 ltem
643 5013 768 5052 causam
803 4993 1094 5053 transsessionalem
1136 4993 1216 5052 inter
1250 4993 1457 5053 benedictum
1494 4991 1597 5052 lilium
1630 4992 1691 5053 Mi·

427 5100 544 5160 chaelis
569 5099 748 5159 Sebastiani
774 5115 804 5159 et
829 5101 909 5160 inter
932 5099 1097 5180 llathyam
1124 5099 1240 5158 Farkas
1257 5099 1384 5160 racione
1410 5099 1576 5160 cuiusdam
1599 5097 1691 5179 joba·
