3734 5796
450 568 513 629 260
832 573 1029 645 Ann01437.
1057 605 1095 614 -
1123 584 1168 631 rr.
1186 572 1336 645 januaria.

449 781 573 842 Nicolai
599 781 775 863 Lrppowcz
799 781 946 842 similiter
969 801 1042 842 cum
1074 781 1230 862 terragiis,
1254 781 1381 843 stabulo
1407 795 1438 842 et
1462 779 1536 842 leno
1562 779 1699 862 predictis

448 905 504 968 per
528 889 730 968 emptionem
755 888 894 949 similem
918 887 1074 968 legittime
1103 888 1244 950 obtinuit
1268 901 1300 948 et
1324 887 1446 948 habuit.

554 991 632 1054 Item
659 993 840 1076 Stephanus
857 992 942 1054 lilius
959 993 1137 1054 Clementis
1162 993 1237 1054 dicti
1256 992 1414 1054 Prandich
1432 993 1549 1074 jurabit
1569 993 1601 1053 in
1621 1011 1700 1054 causa

449 1100 616 1162 cuiusdam
640 1101 733 1162 bovis
756 1120 853 1182 quem
883 1100 1047 1182 Stephano
1079 1101 1169 1162 Bano
1193 1114 1405 1178 mutuaverat,
1438 1117 1548 1162 contra
1572 1099 1700 1161 eundem

449 1207 646 1289 Stephanum
671 1207 794 1268 Battum
820 1220 933 1268 octavo
959 1208 1010 1268 die
1033 1226 1088 1288 per
1112 1206 1390 1284 adjudicationem
1415 1207 1593 1288 juratorum
1618 1206 1699 1266 debet

447 1313 551 1393 jurare
576 1333 744 1395 supereo,
769 1327 925 1395 quantum
952 1313 1068 1374 valoris
1094 1312 1152 1374 luit
1169 1314 1236 1394 ipse
1261 1315 1319 1374 bos
1336 1327 1366 1375 et
1391 1327 1548 1394 quantum
1575 1311 1701 1374 retarda-

447 1421 549 1480 cionis
573 1419 719 1482 habuerit
743 1421 774 1480 in
800 1420 990 1501 agricultura
1016 1439 1090 1494 sua;
1115 1435 1146 1480 et
1162 1420 1239 1480 dum
1265 1419 1416 1500 juraverit
1433 1433 1509 1482 tunc
1533 1420 1629 1481 debet
1650 1417 1699 1478 sibi

447 1523 628 1588 satisfacere
654 1525 834 1608 Stephanus
858 1527 965 1588 Banus
990 1539 1184 1607 prenotatus.

447 1743 543 1818 Faria
572 1755 669 1818 sexta
698 1750 851 1835 proxima
890 1758 967 1836 post
1005 1747 1127 1818 testum
1160 1749 1250 1818 beati
1280 1747 1375 1818 Pauli
1406 1747 1505 1835 primi
1535 1745 1699 1816 heremite

842 1903 925 1972 (ann.
951 1914 1051 1978 1437,
1076 1914 1123 1962 11.
1139 1897 1308 1982 januarii).

556 2055 633 2118 ltem
654 2057 803 2138 quamvis
819 2058 975 2119 medietas
992 2057 1159 2120 cuiusdam
1176 2058 1303 2136 domus,
1321 2055 1412 2119 fundi
1438 2071 1469 2118 et
1486 2055 1700 2119 hedificiorum

447 2163 479 2224 in
504 2162 587 2224 dicta
612 2164 739 2226 civitate
764 2165 845 2226 inter
870 2164 984 2225 domos
1008 2166 1150 2226 virorum
1172 2165 1381 2247 providorum
1406 2164 1497 2225 Pauli
1523 2163 1649 2225 cultoris
1672 2175 1699 2222 et

448 2269 530 2330 Petri
555 2267 710 2350 luciliguli
736 2273 776 2332 ab
801 2289 863 2331 una
888 2284 919 2331 et
942 2286 1030 2352 parte
1059 2273 1098 2332 ab
1123 2272 1220 2332 altera
1246 2271 1371 2332 Nicolai
1402 2270 1550 2332 similiter
1574 2267 1694 2330 cultoris

447 2389 479 2435 et
503 2375 628 2455 Agathe
646 2376 789 2438 mulieris
806 2377 924 2454 habite,
949 2377 1089 2438 mediam
1107 2378 1228 2438 curiam
1247 2378 1278 2438 in
1310 2391 1379 2439 toto
1397 2378 1428 2437 in
1446 2397 1479 2438 se
1497 2375 1696 2448 continentis;

447 2479 600 2542 medietas
618 2480 767 2543 videlicet
783 2483 882 2564 ipsius
906 2483 1032 2561 domus,
1050 2481 1141 2544 fundi
1159 2497 1189 2544 et
1208 2481 1441 2562 hedificiorum,
1461 2484 1573 2565 porcio
1589 2482 1699 2543 scilicet

447 2587 530 2649 Petri
555 2588 653 2670 patris
676 2588 832 2651 Anthonii
858 2589 1000 2667 cultoris,
1030 2609 1126 2651 unam
1157 2589 1306 2652 videlicet
1337 2605 1483 2672 quartam
1508 2591 1595 2652 curie
1618 2589 1647 2650 io
1671 2607 1700 2648 se

447 2695 636 2770 continens;
660 2696 735 2756 item
761 2696 916 2757 medietas
933 2697 1099 2758 cuiusdam
1127 2697 1220 2758 vinee
1236 2695 1469 2758 condicionalis
1494 2696 1527 2757 in
1551 2694 1699 2757 territorio

447 2814 559 2862 nostro
584 2801 667 2862 inter
688 2802 798 2862 vineas
821 2802 996 2864 liberorum
1022 2822 1078 2862 seu
1109 2821 1328 2864 successorum
1360 2802 1498 2864 condam
1524 2801 1618 2862 Blasii
1641 2815 1698 2860 tex·

446 2908 523 2969 toris
547 2909 587 2969 ab
615 2928 678 2969 una
702 2921 801 2988 parte,
825 2909 865 2970 ab
897 2908 995 2970 altera
1019 2928 1095 2970 vero
1127 2909 1274 2970 similiter
1297 2909 1472 2972 liberorum
1506 2929 1563 2970 seu
1586 2925 1698 2968 succes·

446 3033 554 3076 sorum
579 3015 716 3076 condam
742 3014 874 3076 Hernko
899 3015 1017 3092 habite,
1042 3015 1189 3076 similiter
1219 3015 1330 3097 porcio
1354 3013 1469 3097 prefati
1494 3015 1577 3076 Petri
1601 3014 1696 3094 ipsum

446 3119 582 3199 juridice
606 3135 636 3181 et
661 3121 834 3182 literatorie
851 3140 1057 3198 concernens,
1082 3140 1138 3202 per
1156 3121 1294 3182 eundem
1321 3122 1448 3182 Petrum
1468 3134 1503 3182 ut
1526 3132 1697 3182 testatorem

447 3239 518 3308 post
543 3241 680 3288 mortem
705 3227 818 3288 Vrsule
842 3226 906 3288 filie
930 3247 996 3304 sue,
1022 3227 1151 3309 Mathye
1176 3226 1243 3288 filio
1260 3227 1393 3308 predicti
1418 3227 1575 3289 Anthonii
1597 3223 1696 3306 nepoti

446 3333 597 3395 videlicet
622 3334 720 3415 ipsius
739 3333 834 3413 Petri,
858 3333 961 3414 legata
987 3347 1017 3395 et
1040 3353 1097 3415 per
1113 3353 1171 3395 nos
1196 3353 1233 3394 ex
1249 3331 1419 3395 sufficienti
1438 3333 1693 3415 comprobacione

448 3439 525 3502 dicti
550 3439 705 3502 Anthonii
732 3440 810 3502 alias
835 3441 866 3501 in
892 3443 1023 3502 lraterno
1048 3453 1157 3501 nostro
1189 3440 1387 3521 consignata,
1411 3439 1569 3520 legittime
1590 3451 1695 3500 statuta

447 3545 602 3606 extitisset
618 3544 687 3626 jure
703 3545 891 3628 perhennali
916 3547 1119 3627 possidenda,
1143 3561 1250 3607 tamen
1275 3546 1350 3627 quia
1368 3565 1424 3627 per
1441 3545 1695 3608 incurabilitatem

446 3651 545 3733 ipsius
570 3652 698 3735 Mathye
724 3653 807 3714 dicta
833 3653 988 3714 medietas
1013 3653 1111 3734 ipsius
1135 3653 1227 3714 vinee
1252 3653 1291 3712 ad
1309 3651 1588 3714 inforestacionem
1610 3663 1639 3711 et
1655 3649 1694 3709 in-

445 3758 651 3840 putacionem
676 3778 712 3820 ac
736 3759 960 3820 omnimodam
977 3759 1216 3820 desolationem
1234 3759 1400 3820 devenisse
1427 3759 1645 3820 dinoscebatur
1660 3773 1693 3815 ex

445 3879 562 3942 acerto,
586 3885 642 3946 per
666 3865 753 3946 quod
780 3865 874 3927 nobis
898 3879 930 3928 et
954 3866 1175 3928 communitati
1193 3881 1300 3926 nostre
1324 3884 1380 3926 seu
1405 3865 1576 3927 comitibus
1592 3861 1694 3923 uostris

445 3990 503 4053 pro
525 3985 670 4054 ternpore
694 3972 875 4034 constitutis
898 3993 1052 4053 magnum
1077 3972 1253 4054 dampnum
1274 3972 1402 4034 evenire
1427 3972 1593 4034 videbatur
1612 3967 1693 4030 certi·

445 4077 642 4158 tudinaliter,
667 4093 763 4160 prout
786 4079 957 4161 superinde
982 4099 1038 4160 per
1063 4079 1195 4140 comites
1219 4093 1345 4140 nostros
1369 4089 1400 4140 et
1424 4077 1506 4140 alios
1530 4076 1692 4156 fidedignos

446 4184 531 4245 viros
555 4185 729 4248 certissime
755 4186 917 4248 extitimus
934 4185 1108 4264 informati,
1133 4199 1164 4246 et
1188 4186 1262 4266 quia
1280 4186 1380 4248 eciam
1400 4185 1541 4268 prelatus
1565 4182 1693 4263 Mathyas

445 4289 529 4351 filius
553 4291 652 4371 ipsius
676 4291 833 4353 Anthonii
857 4293 897 4353 de
913 4293 1055 4374 predicta
1080 4292 1251 4354 medietate
1270 4292 1386 4354 domus
1403 4307 1434 4354 et
1451 4292 1544 4354 fundi
1568 4311 1599 4354 ac
1613 4289 1692 4350 hedi-

445 4395 592 4458 ficiorum
606 4398 835 4479 predictorum,
850 4400 1003 4480 porcione
1017 4398 1167 4460 videlicet
1183 4418 1250 4476 sua,
1268 4418 1365 4460 unam
1381 4413 1414 4460 ut
1431 4399 1549 4460 dicitur
1565 4409 1691 4479 quartam

446 4504 532 4564 curie
556 4503 589 4564 in
613 4525 646 4566 se
671 4506 867 4582 continente,
899 4527 916 4566 a
950 4506 1061 4567 decem
1087 4505 1136 4566 vel
1169 4505 1315 4586 pluribus
1339 4507 1504 4568 retroactis
1532 4505 1614 4568 annis
1634 4517 1691 4563 tam

446 4612 569 4672 domini
594 4613 693 4673 nostri
718 4613 801 4692 regis
835 4613 923 4674 dacia
957 4631 1054 4694 quarn
1087 4625 1209 4673 nostras
1238 4631 1427 4674 communes
1458 4627 1557 4692 taxas,
1580 4610 1690 4689 aliaque

445 4718 552 4780 debita
577 4732 607 4780 et
631 4733 811 4800 opportuna
837 4720 970 4780 servicia
994 4739 1082 4780 more
1107 4733 1138 4778 et
1155 4717 1295 4780 adinstar
1319 4731 1500 4780 ceterorum
1524 4715 1688 4781 concivium

446 4840 476 4886 et
506 4825 760 4886 cohabitatorum
796 4840 977 4887 nostrorum
1010 4839 1075 4887 tarn
1109 4825 1167 4906 ipsi
1205 4825 1339 4886 domino
1372 4839 1481 4886 nostro
1513 4827 1578 4907 regi
1605 4837 1688 4900 quam

446 4931 539 4993 nobis
554 4931 689 5012 persolvi
704 4932 850 4993 debenda
866 4947 896 4992 et
917 4932 1106 5009 exhibenda,
1129 4931 1248 5013 pluries
1265 4945 1372 4992 tamen
1390 4932 1533 4994 monitus
1546 4946 1576 4993 et
1589 4929 1615 4988 in
1628 4924 1688 4986 loro

445 5039 573 5122 publice
597 5039 823 5120 proclamatus,
849 5040 982 5100 minime
1007 5039 1082 5100 dare
1107 5053 1137 5100 et
1154 5038 1336 5120 persolvere
1361 5038 1494 5118 curavit,
1518 5038 1573 5100 sed
1592 5023 1687 5114 sepe·
