3678 5800
415 555 474 616 160
806 557 893 616 Anno
915 571 1007 632 1432.
1034 591 1073 600 -
1099 572 1145 618 11.
1169 559 1284 632 aprilis.

408 784 467 826 nos
498 765 678 847 predictum
704 767 856 848 (h)ortum
889 767 987 850 ipsius
1018 768 1149 828 domine
1186 770 1312 830 Luczke
1345 771 1448 851 ipsam
1483 771 1666 832 hereditarie

408 885 665 950 concernentem‚
690 893 727 933 ex
751 874 912 955 premissis
937 874 1031 936 Clare
1055 873 1163 956 puelle
1187 873 1251 936 filie
1276 875 1463 938 Peterkonis
1486 877 1576 938 iuxta
1599 895 1663 957 pre-

408 977 490 1040 dicte
515 977 646 1040 domine
673 979 798 1040 Luczke
819 979 965 1040 ultimam
982 980 1253 1042 testamentariam
1278 995 1309 1042 et
1332 979 1452 1063 prefate
1471 980 1566 1044 Clare
1582 979 1663 1042 soili-

410 1085 546 1146 cientem
561 1086 864 1168 comprobacionem
882 1086 1065 1168 nuperrime
1082 1084 1216 1162 factam3
1234 1086 1409 1168 predictam
1423 1101 1530 1149 autem
1545 1087 1665 1148 vineam

408 1204 559 1253 annotate
583 1191 713 1252 domine
732 1192 858 1253 Luczlte
883 1192 984 1273 ipsam
1005 1191 1151 1253 similiter
1168 1212 1185 1253 a
1202 1190 1332 1273 prefatis
1356 1192 1502 1255 Johanne
1520 1191 1664 1275 Grachyn

407 1310 496 1378 patre
521 1310 552 1357 et
584 1297 716 1358 domina
749 1297 916 1358 Francisca
949 1310 1050 1358 matre
1082 1298 1157 1376 suis,
1189 1296 1379 1358 hereditarie
1415 1311 1667 1375 concernentem,

407 1401 554 1463 similiter
579 1401 665 1463 iuxta
689 1402 789 1481 ipsius
813 1403 944 1464 domine
972 1403 1097 1464 Luczke
1122 1403 1269 1464 ultimam
1293 1404 1564 1466 testamentariam
1588 1403 1668 1484 lega·

409 1507 536 1568 cionem
554 1508 729 1589 predictam
747 1523 778 1568 et
801 1508 929 1570 discreti
953 1509 1011 1569 viri
1036 1509 1159 1570 domini
1176 1509 1332 1571 Anthonii
1353 1509 1520 1592 presbiteri
1546 1509 1669 1591 plebani

407 1613 539 1674 ecclesie
564 1627 670 1674 nostre
702 1614 893 1696 parochialis
926 1617 1008 1676 beati
1039 1615 1137 1676 Marci
1169 1615 1373 1696 ewangeliste
1405 1614 1617 1677 sufficientem
1641 1629 1670 1675 et

406 1717 600 1801 fidedignam
623 1721 928 1802 comprobationem
952 1740 1060 1782 coram
1085 1721 1178 1782 nobis
1202 1719 1372 1783 efficaciter
1396 1720 1525 1800 factam,
1549 1719 1666 1803 prefate

407 1827 540 1888 ecclesie
571 1827 670 1888 sancti
705 1827 801 1888 Marci
836 1827 1039 1907 ewangeliste
1074 1827 1105 1888 itt
1137 1841 1327 1910 perpetuum
1359 1847 1417 1910 pro
1451 1827 1669 1889 celebracione

406 1933 573 1994 missarum
610 1952 668 2014 pro
699 1934 867 1994 animabus
900 1933 1040 2015 predicte
1073 1933 1204 1995 domine
1237 1934 1363 1996 Luczke
1396 1947 1427 1996 et
1451 1933 1668 2015 predictorum

406 2053 575 2120 parentum
600 2059 635 2100 ac
660 2052 849 2100 cunctorum
874 2039 1136 2120 predecessorum
1164 2057 1295 2100 suorum
1321 2058 1446 2121 semper
1470 2052 1501 2101 et
1526 2039 1557 2100 in
1575 2057 1669 2100 evum

407 2145 523 2224 fienda,
547 2145 717 2207 statuimus
741 2159 771 2207 et
794 2146 1016 2206 commisimus
1040 2165 1076 2206 ex
1108 2145 1270 2226 premissis
1293 2145 1520 2228 possidendam
1546 2160 1668 2206 contra-

407 2251 552 2313 diccione
578 2252 697 2312 nullius
722 2252 862 2312 hominis
886 2252 1012 2332 penitus
1036 2265 1219 2332 apparente.

513 2359 589 2419 Item
615 2359 690 2438 quia
719 2358 885 2418 Ladislaus
908 2355 1067 2418 aurifaber
1099 2357 1222 2438 pridem
1255 2358 1385 2440 juratus,
1421 2356 1507 2418 filius
1530 2357 1667 2434 Nicolai,

407 2463 537 2525 Gallum
570 2464 756 2526 servitorem
789 2483 883 2524 suum
909 2479 942 2524 ut
973 2477 1113 2525 actorem
1147 2463 1178 2524 in
1204 2462 1286 2525 facto
1318 2463 1562 2546 depredacionis
1586 2465 1666 2525 inter

407 2571 545 2630 eundem
577 2585 608 2630 et
633 2571 851 2632 Mraukonem
885 2569 985 2630 filium
1018 2569 1173 2630 Anthonii
1206 2584 1240 2631 ut
1272 2571 1303 2630 in
1336 2589 1463 2632 causam
1487 2585 1666 2648 attractum,

406 2695 511 2737 coram
532 2678 624 2738 nobis
641 2691 740 2755 moto,
758 2677 867 2737 habito
883 2690 914 2737 et
927 2688 1079 2754 vertente,
1093 2677 1133 2736 ad
1151 2677 1338 2738 instanciam
1358 2679 1457 2760 ipsius
1475 2678 1671 2739 Mrawkonis

408 2783 583 2864 producere
609 2803 672 2844 non
701 2783 803 2864 potuit
822 2783 852 2842 in
871 2782 1024 2864 judicium
1047 2801 1103 2843 seu
1120 2782 1151 2842 in
1177 2783 1252 2844 sede
1269 2781 1435 2863 judiciaria
1451 2803 1559 2844 coram
1577 2783 1670 2844 nobis

406 2890 446 2950 ad
471 2890 643 2951 terminum
669 2910 725 2972 per
750 2909 808 2950 nos
832 2890 951 2970 pluries
975 2888 1081 2950 eidem
1106 2889 1306 2970 deputatum,
1331 2889 1470 2970 ideoque
1494 2889 1587 2970 jurati
1613 2889 1667 2950 ad-

406 2995 638 3077 judicaverunt,
663 3009 697 3057 ut
721 2994 861 3077 prefatus
887 2995 1030 3055 Mrawlto
1062 2995 1161 3056 tercio
1192 3015 1225 3055 se
1249 2995 1395 3078 personis
1425 2995 1485 3056 sibi
1510 2995 1670 3056 similibus

405 3103 483 3166 seria
508 3118 595 3166 sexta
621 3104 766 3186 proxima
790 3115 861 3184 post
884 3115 1012 3162 octavas
1044 3102 1141 3162 Pasce
1173 3101 1305 3162 Domini
1336 3101 1431 3163 debet
1450 3101 1553 3182 jurare
1577 3121 1673 3182 super

409 3231 458 3289 eo,
483 3223 518 3272 ut
542 3211 608 3292 ipse
641 3210 671 3270 in
704 3207 828 3292 prefato
861 3206 944 3268 facto
976 3207 1219 3290 depredacionis
1251 3219 1360 3268 contra
1393 3207 1498 3289 ipsum
1522 3225 1579 3288 per
1603 3225 1673 3288 pre·

411 3315 532 3376 dictum
559 3314 689 3377 Gallum
707 3315 872 3397 proposito
890 3327 921 3375 et
944 3314 1115 3395 superinde
1132 3314 1237 3394 ipsum
1255 3314 1467 3374 Mraukonem
1491 3313 1669 3394 capitaliter

409 3421 575 3483 detentum
601 3435 632 3484 et
655 3421 789 3482 detineri
814 3419 931 3482 factum
957 3421 1092 3483 minime
1116 3418 1198 3481 foret
1216 3419 1385 3501 culpabilis
1407 3417 1464 3480 sed
1488 3418 1601 3500 pocius
1626 3419 1673 3478 in-

409 3529 536 3606 noxius,
559 3541 589 3588 et
614 3527 691 3588 dum
710 3527 869 3607 juraverit,
894 3541 970 3587 tunc
987 3524 1127 3608 prefatus
1145 3525 1312 3586 Ladislaus
1336 3525 1456 3606 juratus
1477 3523 1537 3606 ipsi
1557 3525 1673 3585 Mratv-

408 3633 484 3694 koni
509 3653 567 3715 pro
592 3633 790 3695 fideiussoris
815 3633 978 3711 mucione,
1003 3623 1100 3713 quam
1125 3651 1183 3713 pro
1212 3631 1281 3714 ipso
1307 3629 1402 3692 Gallo
1424 3649 1516 3692 servo
1540 3650 1599 3691 suo
1626 3628 1670 3689 fe-

409 3753 494 3800 cerat
517 3760 624 3800 coram
649 3741 752 3818 nobis,
777 3741 808 3800 in
827 3740 901 3799 vivo
921 3739 1098 3822 (h)omagio
1123 3737 1300 3800 remanebit
1322 3737 1445 3819 justicia
1469 3751 1500 3798 et
1524 3737 1672 3798 libertate

409 3845 547 3906 civitatis
570 3846 762 3927 requirente.

513 3952 589 4014 ltem
614 3952 690 4033 quia
714 3951 934 4012 testimonium
959 3950 1047 4032 quod
1080 3951 1111 4010 in
1138 3949 1220 4011 lacto
1253 3947 1419 4010 cuiusdam
1443 3949 1508 4009 vini
1535 3947 1670 4030 Georgii

408 4061 464 4122 lilii
491 4060 638 4140 Gregorii
663 4059 738 4120 dicti
758 4057 941 4135 Thuchelh‚
959 4057 1118 4138 Georgius
1135 4056 1239 4118 dictus
1257 4055 1464 4139 Gyurgethek
1481 4055 1520 4116 de
1537 4055 1675 4133 Novak,

407 4167 549 4228 concivis
578 4179 693 4243 noster,
711 4184 818 4226 coram
843 4164 936 4224 nobis
953 4163 1146 4244 produxerat
1170 4161 1283 4224 contra
1303 4159 1462 4243 prefatum
1488 4159 1672 4240 Georgium

408 4287 548 4334 actorem
575 4292 639 4332 non
666 4271 872 4332 concordavit
897 4271 927 4330 in
953 4269 1162 4347 testificando,
1184 4268 1240 4328 sed
1262 4268 1401 4329 eundem
1427 4265 1611 4349 Gyurgetek
1639 4267 1673 4327 in

411 4399 503 4440 causa
528 4399 585 4439 sua
610 4361 665 4458 pet
690 4378 793 4459 ipsum
811 4377 937 4438 actitata
959 4375 1086 4458 penitus
1103 4374 1284 4456 dereliquit,
1309 4373 1447 4454 ideoque
1474 4372 1540 4453 ipse
1566 4370 1675 4454 Gyur-

406 4487 498 4566 getek
524 4505 579 4567 per
603 4484 880 4544 adiudicacionem
905 4482 1079 4564 juratorum
1098 4495 1280 4542 nostrorum
1305 4480 1535 4541 modernorum
1559 4497 1672 4559 super·

409 4593 484 4654 inde
508 4592 634 4670 factam,
660 4593 761 4672 ipsum
788 4591 898 4650 vinum
923 4609 978 4649 seu
1000 4588 1144 4669 precium
1169 4587 1313 4648 eiusdem
1330 4605 1388 4668 pro
1412 4604 1479 4666 quo
1503 4584 1672 4646 venditum

406 4699 465 4760 fuit
491 4697 639 4759 Michaeli
665 4697 789 4778 Syrow,
814 4696 909 4756 debet
933 4693 1114 4776 persolvere
1131 4693 1310 4754 secundum
1333 4693 1429 4752 ritum
1455 4703 1486 4751 et
1509 4690 1671 4771 justiciam

408 4806 560 4880 civitatis;
585 4804 624 4864 de
649 4822 714 4884 quo
738 4802 857 4884 judicio
889 4803 954 4883 ipse
980 4800 1139 4880 Georgius
1165 4798 1372 4881 Gyurgethek
1396 4815 1461 4858 non
1486 4809 1670 4874 contentus,

406 4912 580 4995 appellavit
612 4929 739 4971 causam
771 4909 834 4990 jam
867 4909 949 4968 dicte
981 4906 1234 4967 adiudicacionis
1266 4904 1443 4986 juratorum
1475 4921 1530 4963 seu
1568 4903 1671 4984 ipsam

408 5018 684 5100 adiudicacionem
710 5015 750 5076 ad
775 5014 1052 5097 adiudicacionem
1076 5011 1219 5094 judicum
1244 5011 1419 5074 seniorum.
