3734 5796
551 532 638 589 Anno
660 543 755 609 1437.
773 565 817 575 —
841 543 888 607 15.
912 531 1085 592 novembris.
1381 550 1444 614 275

180 633 259 641 —

179 739 274 801 dibus
304 741 474 803 statuimus
506 761 544 804 ex
576 741 737 824 premissis
768 741 836 823 jure
868 755 1023 824 perpetuo
1051 742 1279 826 possidendam
1311 757 1343 804 et
1366 763 1446 824 quo-

178 847 421 929 modocumque
444 849 583 911 voluerit
604 849 839 930 disponendam
865 848 951 930 juxta
967 848 1192 911 condicionem
1220 849 1356 910 civitatis
1372 868 1443 931 pre-

178 967 286 1015 notate
311 955 351 1016 ab
375 956 510 1036 antiquo
534 956 756 1037 approbatam.

284 1061 362 1122 ltem
389 1061 464 1142 quia
489 1063 548 1122 viri
566 1061 692 1144 providi
718 1075 748 1124 et
773 1060 898 1125 honesti
920 1063 1110 1126 Valentinus
1134 1063 1254 1144 juratus
1278 1061 1362 1124 filius
1379 1063 1444 1126 lwk

179 1182 211 1228 et
235 1165 412 1248 Gregorius
437 1167 522 1228 filius
546 1168 708 1230 Valentini
733 1189 769 1230 ac
787 1169 933 1252 Mathyas
950 1168 1034 1232 filius
1058 1169 1213 1232 lobannis
1239 1170 1442 1253 Kunsychac

177 1273 310 1336 honesta
335 1275 450 1336 mulier
475 1278 582 1355 Agnes
606 1289 718 1337 vocata
742 1276 852 1338 relicta
875 1276 973 1358 ipsius
997 1277 1152 1339 lobannis
1176 1276 1341 1360 Kunsych,
1365 1297 1443 1338 con-

177 1380 264 1442 cives
287 1381 398 1460 nostri,
424 1381 455 1442 id
480 1402 553 1442 cum
583 1379 753 1444 sufficienti
787 1395 818 1444 et
849 1381 1013 1463 fidedigno
1045 1396 1227 1445 nostrorum
1261 1383 1443 1446 concivium

175 1487 361 1548 testimonio
386 1487 417 1548 in
439 1487 513 1549 sede
531 1502 638 1550 nostra
655 1488 821 1570 judiciaria
839 1489 922 1550 clare
940 1491 1192 1572 comprobarunt
1212 1509 1318 1551 coram
1338 1490 1442 1570 nobis,

176 1608 211 1654 ut
235 1593 314 1655 dum
338 1593 478 1676 prefatus
502 1593 665 1656 lohannes
686 1595 840 1677 Kunsych
867 1595 898 1656 in
924 1597 1073 1657 extremis
1089 1597 1152 1657 vite
1176 1617 1231 1657 sue
1256 1596 1443 1678 temporalis

175 1699 364 1779 laborasset,
387 1715 463 1762 tunc
488 1701 554 1784 ipse
579 1701 786 1763 medietatem
810 1702 975 1762 cuiusdam
993 1703 1096 1780 vinee,
1122 1702 1227 1785 ipsum
1243 1701 1365 1763 scilicet
1388 1702 1443 1763 Jo-

174 1805 315 1868 hannem
341 1806 474 1887 juridice
499 1821 756 1885 concernentem,
774 1809 806 1868 in
824 1808 985 1870 territorio
1003 1809 1123 1870 scilicet
1140 1809 1275 1870 civitatis
1299 1808 1442 1891 predicte

174 1913 294 1991 habite,
319 1912 448 1996 prefatis
471 1914 547 1975 viris
571 1927 601 1976 et
625 1914 690 1996 ipsi,
710 1914 836 1974 mulieri
866 1927 1032 1995 tamquam
1064 1915 1290 1976 commissariis
1314 1929 1345 1975 et
1369 1934 1440 1976 exe·

174 2020 340 2082 tutoribus
363 2020 429 2080 suis
459 2021 542 2082 veris
573 2020 743 2100 legavisset
774 2034 805 2080 et
836 2021 1083 2082 recommisisset
1106 2021 1246 2082 vendere
1279 2033 1310 2082 et
1333 2020 1440 2082 debita

174 2145 231 2186 sua
256 2127 449 2208 persolvere,
474 2127 612 2207 ideoque
638 2145 695 2187 nos
718 2125 854 2186 eandem
883 2127 1089 2188 medietatem
1122 2127 1223 2209 ipsius
1247 2127 1341 2188 vinee
1366 2147 1438 2188 cum

173 2233 240 2292 suis
264 2232 469 2314 pertinenciis
492 2230 622 2314 prefatis
646 2232 873 2294 commissoriis
896 2232 995 2314 ipsius
1020 2233 1175 2294 Johannis
1200 2233 1352 2316 Kunsych
1377 2247 1439 2294 sta·

173 2339 296 2399 tuimus
319 2339 502 2400 vendicioni
527 2338 750 2420 exponendam
769 2339 951 2400 racionibus
975 2353 1006 2401 et
1030 2339 1133 2402 causis
1157 2359 1194 2400 ex
1219 2340 1391 2420 premissis.

282 2445 360 2506 ltem
386 2445 460 2526 quia
486 2445 678 2506 Benedictus
694 2444 815 2527 juratus
831 2443 916 2506 filius
933 2444 1070 2528 Gywani
1093 2446 1156 2526 jam
1174 2446 1213 2508 de
1239 2447 1439 2527 consangui-

177 2551 295 2612 neitate
321 2551 421 2612 Elene
447 2551 600 2630 mulieris,
625 2571 688 2633 que
705 2551 841 2612 condam
868 2566 933 2612 erat
957 2571 1037 2614 uxor
1053 2553 1209 2633 legittima
1230 2553 1321 2614 Pauli
1345 2551 1439 2632 jurati

173 2655 231 2717 filii
257 2657 345 2738 olym
371 2657 471 2739 ipsius
495 2657 633 2739 Gywani
657 2657 783 2738 judicis,
809 2655 912 2718 fratris
942 2678 1017 2718 vero
1042 2658 1176 2741 predicti
1202 2659 1367 2720 benedicti
1391 2658 1439 2740 ju·

174 2762 244 2840 rati,
268 2783 353 2824 nunc
377 2763 532 2824 consortis
556 2763 711 2844 legittime
744 2763 873 2824 Martini
907 2763 1038 2824 cultoris
1067 2763 1124 2826 filii
1149 2764 1314 2844 lobannis,
1339 2765 1437 2826 exivit

173 2883 246 2950 post
270 2881 406 2930 mortem
432 2869 565 2950 predicti
590 2868 681 2930 Pauli
710 2869 804 2950 jurati
836 2882 867 2931 et
890 2868 956 2931 filie
980 2889 1047 2950 sue,
1079 2871 1218 2953 ideoque
1243 2873 1311 2953 ipse
1336 2873 1439 2934 Bene-

173 2975 277 3036 dictus
302 2973 421 3054 juratus
446 2995 501 3056 per
525 2975 864 3056 consanguineitatem
889 2995 953 3037 non
978 2989 1082 3058 potest
1107 2997 1213 3039 emere
1237 2979 1338 3060 ipsam
1364 2997 1437 3060 por-

173 3081 300 3142 cionem
324 3081 485 3143 vinealem
509 3101 526 3143 a
550 3081 691 3164 predicta
714 3081 815 3143 Elena
832 3082 967 3144 muliere
992 3103 1089 3164 quam
1114 3085 1192 3146 emit
1209 3085 1320 3146 Petrus
1345 3084 1437 3146 Hun-

172 3207 268 3268 garus
292 3187 397 3269 judex,
422 3188 497 3270 quia
521 3187 585 3269 jam
609 3189 670 3250 sibi
695 3209 759 3250 non
784 3203 829 3250 est
854 3191 1122 3271 consanguineus,
1157 3211 1214 3252 uec
1242 3210 1300 3273 per
1324 3191 1434 3252 vicini·

172 3307 270 3356 tatem
296 3295 371 3375 quia
395 3315 410 3356 a
436 3307 526 3377 parte
543 3295 697 3357 Anthonii
724 3293 996 3378 Cheztnikowych
1015 3297 1081 3378 ipsa
1104 3299 1214 3379 porcio
1239 3297 1373 3360 vinealis
1390 3311 1437 3360 est

172 3399 302 3461 vendita
327 3401 377 3462 cui
402 3401 469 3482 ipse
493 3401 686 3462 Benedictus
717 3400 838 3482 juratus
862 3421 920 3463 nec
945 3417 991 3463 est
1014 3403 1138 3465 vicinus
1162 3423 1220 3463 nec
1244 3403 1435 3482 consangui-

171 3523 262 3585 neus,
287 3505 342 3567 sed
361 3526 431 3568 eam
456 3507 525 3589 ipso
543 3507 637 3569 Petro
653 3505 751 3588 judici
776 3507 873 3590 digne
890 3507 1153 3590 adjudicaverunt
1176 3509 1269 3590 jurati
1286 3509 1434 3570 moderni

170 3613 343 3676 emendam
368 3628 400 3676 et
416 3614 643 3695 possidendam
662 3629 826 3696 tamquam
851 3615 957 3698 primo
975 3616 1110 3698 emptori
1128 3636 1165 3678 ex
1190 3635 1347 3678 consensu
1364 3635 1435 3698 pre·

170 3721 247 3782 dicti
273 3720 431 3783 Anthonii
455 3721 563 3784 vicini.

278 3825 355 3888 ltem
381 3846 508 3888 causam
533 3846 629 3907 quam
653 3827 764 3888 Petrus
788 3825 920 3889 Pethera
946 3827 1050 3888 dictus
1074 3826 1157 3888 filius
1182 3826 1267 3889 Galli
1291 3827 1369 3890 alias
1386 3825 1433 3908 ju-

169 3947 258 3994 ratus
282 3946 313 3994 et
337 3933 479 3994 concivis
495 3947 604 3994 noster
628 3948 738 3996 contra
757 3934 933 4016 Georgium
958 3934 1061 3997 filium
1080 3934 1163 3996 Petri
1188 3933 1227 3994 de
1254 3933 1433 3995 Petrowina

171 4039 294 4100 dictum
311 4038 485 4100 Wllxanich
510 4059 595 4100 nunc
620 4059 748 4102 movere
767 4039 891 4118 habeat,
916 4061 951 4101 ex
977 4062 1042 4122 quo
1060 4043 1126 4123 ipse
1144 4039 1304 4120 Georgius
1320 4039 1433 4101 Wllra-

170 4143 244 4206 nich
269 4157 399 4225 propter
416 4145 549 4207 nimiam
567 4165 650 4227 aque
675 4145 924 4208 inundacionem
941 4145 1029 4208 fluvii
1047 4149 1140 4208 Zawe
1169 4165 1254 4208 nunc
1280 4147 1432 4207 interesse

170 4271 235 4314 nou
268 4251 374 4333 potuit
401 4251 432 4314 in
458 4251 589 4334 judicie,
619 4254 657 4314 ad
690 4253 868 4334 quindenas
899 4253 1054 4335 presentis
1085 4252 1162 4314 ferie
1192 4267 1277 4315 sexte
1311 4254 1432 4334 absque

170 4359 259 4420 omni
286 4360 424 4440 birsagio
449 4373 480 4421 et
503 4360 686 4421 variacione
714 4359 846 4441 aliquali
875 4359 1025 4420 duximus
1047 4359 1079 4420 in
1111 4359 1227 4421 eodem
1251 4372 1334 4420 statu
1358 4379 1432 4441 pro-

169 4465 358 4546 rogandam.

275 4570 355 4633 ltem
380 4571 533 4652 providus
557 4572 605 4633 vir
630 4572 811 4634 Anthonius
835 4571 973 4634 carnifex
999 4571 1083 4633 filius
1100 4572 1254 4634 lobannis
1278 4571 1336 4634 filii
1362 4572 1455 4654 My·-

170 4677 248 4737 klini
274 4677 416 4738 concivis
440 4659 557 4756 noster,
582 4679 613 4740 id
639 4698 711 4739 cum
732 4677 902 4740 sufficienti
927 4693 957 4741 et
974 4677 1137 4758 fidedigno
1156 4691 1337 4740 nostrorum
1355 4697 1430 4739 con·

170 4783 288 4844 civium
312 4785 498 4846 testimonio
523 4786 605 4846 clare
631 4785 861 4866 comprobavit,
887 4799 921 4846 ut
944 4785 1021 4846 dum
1039 4786 1191 4867 providus
1214 4786 1262 4844 vir
1280 4786 1431 4866 magister

170 4887 314 4950 Thomas
332 4888 473 4952 literatus
497 4888 581 4951 filius
608 4891 680 4972 lsipi
699 4891 838 4952 Delosau
860 4892 939 4952 olim
957 4893 1098 4952 notarius
1115 4904 1145 4953 et
1162 4891 1304 4952 concivis
1319 4905 1426 4952 noster

170 5011 241 5057 ante
265 5010 404 5058 mortem
429 5017 519 5059 suam
549 4997 613 5058 vita
644 4999 814 5079 temporali
846 4999 906 5060 sibi
938 4999 1054 5061 comite
1080 5019 1152 5061 cum
1184 4999 1330 5082 pluribus
1353 4999 1429 5060 fide-

1312 5101 1326 5128 1
