3734 5796
350 505 411 568 286
759 507 846 565 Anno
868 501 961 582 1458.
988 539 1027 548 -
1049 518 1083 580 9.
1107 507 1187 566 maii.

349 733 455 780 nostra
479 718 643 800 judiciaria
669 719 751 780 clare
776 731 806 780 et
830 717 948 779 seriose
973 736 1081 778 coram
1106 717 1199 779 nobis
1223 719 1456 800 comprobavit,
1481 733 1517 782 ut
1532 721 1612 782 dum

348 826 396 886 vir
419 824 574 907 providus
599 825 785 886 Leonardus
820 823 947 886 Italicus
970 821 1055 884 filius
1080 823 1241 886 Dominici
1272 823 1312 885 de
1336 825 1537 905 Attawantis,
1572 827 1611 886 de

349 931 476 992 civitate
501 931 643 1012 predicta
668 945 699 992 et
723 930 791 991 eius
814 930 976 992 territorio
1000 949 1109 992 versus
1132 944 1236 1011 partes
1258 930 1412 992 italicales
1436 951 1511 1012 erga
1536 932 1612 993 Flo-

349 1037 488 1098 renciam
506 1037 565 1098 iter
586 1056 679 1098 suurn
704 1037 843 1118 arripere
861 1035 1024 1114 voluisset,
1042 1035 1163 1097 ibidem
1182 1055 1305 1098 moram
1323 1050 1353 1097 et
1369 1037 1611 1099 habitacionem

349 1143 452 1206 facere
477 1144 600 1223 volens,
624 1157 700 1206 tunc
724 1144 791 1225 ipse
823 1142 996 1224 quemdam
1028 1141 1181 1224 (h)0rtum
1210 1161 1304 1204 suum
1337 1157 1424 1204 extra
1450 1143 1616 1206 civitatem

348 1267 379 1312 et
402 1271 512 1312 muros
535 1251 604 1312 eius
635 1251 667 1312 in
700 1251 790 1310 Nova
825 1249 973 1310 videlicet
1004 1247 1079 1310 villa
1108 1248 1253 1310 eiusdem
1284 1249 1420 1310 civitatis
1452 1249 1615 1328 habitum,

349 1359 488 1420 mediam
514 1358 634 1419 curiam
660 1357 699 1417 ad
725 1356 860 1417 civitatis
887 1355 1028 1437 predicte
1060 1374 1152 1416 usum
1184 1355 1415 1434 continentem,
1439 1375 1514 1417 cum
1547 1359 1616 1418 suis

348 1463 553 1546 pertinenciis
569 1463 713 1545 predicto
738 1461 887 1523 Michaeli
906 1461 1040 1522 institori
1059 1481 1166 1523 curam
1184 1461 1329 1543 pluribus
1346 1460 1518 1543 fidedignis
1535 1463 1614 1524 viris

347 1571 536 1632 concivibus
560 1570 681 1631 scilicet
705 1569 821 1630 nostris
844 1566 1008 1630 confessus
1032 1583 1078 1628 est
1100 1568 1234 1629 donasse
1259 1583 1290 1630 et
1313 1569 1446 1630 donavit
1470 1569 1509 1629 de
1527 1568 1616 1631 lacto

348 1698 385 1738 ex
410 1689 527 1754 acerto,
552 1677 690 1757 ideoque
709 1695 767 1736 nos
790 1675 929 1736 eundem
948 1673 1100 1756 (hlortum
1118 1675 1224 1736 medie
1241 1675 1328 1736 curie
1345 1694 1417 1736 cum
1435 1675 1501 1736 suis
1517 1677 1618 1757 perti·

349 1783 472 1844 nenciis
497 1794 528 1843 et
552 1783 745 1844 utilitatibus
778 1781 935 1842 universis
967 1781 1111 1863 predicto
1144 1779 1293 1842 Michaeli
1325 1781 1463 1843 instituti
1488 1801 1525 1842 ac
1559 1802 1619 1864 per

348 1908 421 1950 eum
447 1889 513 1950 suis
538 1888 710 1950 heredibus
733 1888 903 1949 statuimus
925 1903 955 1948 et
972 1887 1193 1948 commisimus
1216 1886 1284 1967 jure
1300 1903 1458 1969 perpetuo
1483 1903 1514 1948 et
1538 1889 1618 1950 irre-

348 1995 535 2056 vocabiliter
560 1994 788 2076 possidendum
815 2008 845 2054 et
869 1993 1178 2075 quomodocumque
1210 1995 1348 2055 voluerit
1372 1995 1615 2077 disponendum

347 2101 433 2182 juxta
458 2101 682 2162 condicionem
708 2101 844 2162 civitatis
869 2113 1034 2180 prenotate
1058 2101 1255 2181 abantiquo
1280 2103 1502 2182 approbatam.

456 2207 534 2268 Item
561 2205 652 2287 jurati
678 2207 766 2266 illam
793 2205 996 2281 divisionem,
1020 2224 1118 2287 quam
1150 2206 1282 2287 plurimi
1314 2207 1407 2288 probi
1432 2221 1464 2269 et
1488 2208 1616 2270 honesti

348 2315 405 2374 viri
432 2313 512 2374 inter
536 2313 656 2374 Lucam
683 2327 714 2373 et
739 2311 916 2392 Georgium
949 2311 1032 2373 filios
1056 2312 1153 2374 Blasii
1187 2312 1262 2374 dicti
1287 2313 1366 2375 Wlk
1391 2327 1422 2376 et
1446 2315 1615 2398 Mathyam

349 2433 502 2482 sartorem
527 2418 630 2479 filium
649 2417 778 2500 Mathye
803 2418 834 2478 in
853 2417 951 2479 domo
976 2431 1100 2480 murata
1116 2420 1254 2480 condam
1278 2418 1401 2502 Gaspar
1417 2419 1476 2482 filii
1495 2421 1617 2484 Cosme

346 2525 497 2588 aurifabri
523 2525 611 2608 olym
636 2525 751 2586 notarii
783 2537 813 2586 et
836 2525 977 2586 concivis
1009 2526 1126 2604 nostri,
1158 2525 1396 2606 predecessoris
1420 2547 1546 2608 eorum,
1579 2550 1616 2590 ac

348 2631 448 2694 fundo
473 2647 504 2694 et
527 2631 684 2694 hedificiis
709 2631 804 2692 unius
829 2631 950 2710 integre
971 2631 1056 2692 curie
1079 2645 1224 2712 ternpore
1241 2631 1402 2712 judicatus
1427 2635 1538 2696 Jacobi
1564 2635 1614 2716 ju·

348 2739 426 2801 dicis
450 2738 600 2816 fecerant,
625 2737 855 2800 confirmarunt
879 2750 1033 2818 perpetuo
1059 2738 1140 2799 inter
1164 2757 1219 2798 eos
1242 2738 1424 2802 valituram.

457 2845 533 2906 ltern
558 2844 650 2926 jurati
684 2843 948 2924 adjudicaverunt
978 2843 1011 2903 in
1043 2863 1135 2905 causa
1161 2845 1242 2904 inter
1275 2845 1426 2926 Egidium
1458 2867 1615 2926 generum

349 2952 589 3014 Stamberchich
614 2965 645 3013 et
662 2951 744 3012 inter
769 2950 880 3011 Koncz
897 2949 1000 3010 filiurn
1025 2949 1191 3012 Benedicti
1209 2949 1386 3012 Doclenich
1412 2950 1556 3014 habitam
1582 2955 1615 3014 in

348 3058 431 3120 facto
456 3060 551 3119 unius
575 3056 649 3118 ferri
675 3057 780 3132 aratri,
806 3057 894 3137 quod
919 3057 985 3137 ipse
1014 3055 1149 3135 Egidius
1173 3056 1269 3118 debet
1301 3056 1405 3138 jurare
1429 3059 1617 3120 terciusmet

349 3179 463 3226 octavo
488 3165 539 3225 die
564 3184 659 3246 super
684 3182 782 3240 aram,
807 3162 894 3244 quod
918 3162 984 3244 ipse
1009 3161 1114 3243 ipsum
1133 3161 1250 3223 lerrutn
1276 3163 1370 3226 aratri
1395 3165 1530 3245 predicti
1555 3163 1613 3225 lilii

347 3271 446 3352 ipsius
470 3271 635 3332 Benedicti
661 3288 725 3330 non
749 3268 913 3331 subtraxit.

458 3378 535 3438 ltenr
553 3377 701 3438 Vrbanus
714 3374 798 3436 filius
812 3375 914 3436 Elene
927 3375 958 3434 in
973 3375 1127 3436 suburbio
1142 3375 1278 3436 civitatis
1292 3375 1450 3455 habitans,
1469 3375 1613 3454 claudus,

347 3484 531 3545 terciusmet
556 3483 652 3543 debet
675 3481 778 3562 jurare
802 3494 916 3542 octavo
941 3480 993 3542 die
1020 3500 1115 3564 super
1140 3501 1228 3542 aram
1260 3482 1349 3563 quod
1374 3483 1441 3564 ipse
1468 3483 1500 3544 in
1525 3481 1613 3545 furtu

348 3590 448 3670 ipsius
472 3589 602 3650 scolaris
627 3588 758 3649 nomine
783 3587 892 3648 lacobi
918 3585 975 3648 filii
1000 3587 1126 3648 Nicolai
1161 3587 1385 3666 Ladomerich,
1408 3589 1499 3670 quod
1524 3589 1611 3650 idem

348 3697 378 3757 in
398 3697 496 3758 domo
514 3697 611 3777 ipsius
628 3696 747 3757 Vrbani
773 3707 958 3776 reposuerat
975 3693 1074 3755 nichil
1091 3692 1150 3755 fuit
1167 3696 1314 3756 conscius
1337 3715 1444 3776 neque
1470 3696 1612 3777 aliquam

348 3803 630 3883 participationem
656 3801 767 3862 habuit
791 3820 864 3861 curn
889 3819 928 3860 eo
953 3800 986 3860 in
1011 3800 1081 3881 ipso
1105 3799 1201 3863 furtu.

455 3909 531 3969 ltem
556 3909 632 3988 quia
657 3908 811 3968 discretus
835 3907 882 3967 vir
907 3907 1058 3968 dominus
1087 3907 1232 3989 Mathyas
1264 3909 1421 3988 presbiter
1445 3906 1530 3969 filius
1555 3907 1613 3990 Sy-

311 3989 321 4009 ’
350 4016 455 4076 monis
479 4012 644 4090 carnificis,
672 4012 902 4094 prebendarius
934 4011 1023 4073 chori
1055 4013 1187 4074 ecclesie
1218 4014 1318 4074 sancti
1348 4014 1433 4094 regis
1459 4013 1613 4094 Stephani

349 4123 563 4202 juramentum
589 4119 648 4179 sibi
674 4139 730 4200 per
754 4117 873 4199 juratos
897 4118 1116 4198 adjudicatum
1138 4119 1169 4180 in
1195 4117 1278 4181 lacto
1299 4120 1480 4182 concambii
1498 4119 1615 4180 domus

349 4243 380 4290 et
404 4227 494 4288 fundi
520 4247 555 4287 ac
580 4225 801 4286 hedificiorum
827 4239 857 4286 et
874 4224 994 4286 cellarii
1020 4226 1139 4286 sotoris
1162 4246 1218 4287 sue
1235 4225 1311 4305 filie,
1336 4226 1445 4287 relicte
1463 4226 1613 4288 videlicet

349 4335 431 4395 Petri
457 4333 583 4410 sutoris,
617 4333 648 4393 in
681 4333 784 4413 platea
816 4347 960 4393 sutorum
992 4331 1111 4412 habite,
1143 4333 1219 4394 feria
1247 4347 1333 4394 sexta
1365 4333 1512 4414 proxima
1541 4346 1614 4414 post

350 4455 494 4500 octavam
521 4440 616 4500 Pasce
652 4438 782 4500 Domini
816 4457 901 4498 nunc
930 4439 1075 4520 proxime
1107 4439 1292 4521 preteritam
1323 4437 1463 4501 infesto
1495 4439 1613 4500 scilicet

350 4547 448 4607 sancti
475 4547 572 4606 Marci
599 4545 802 4623 ewangeliste
828 4545 972 4625 proxime
1005 4545 1114 4626 elapso
1140 4565 1205 4606 non
1230 4545 1379 4627 deposuit
1403 4565 1463 4607 nec
1486 4544 1611 4625 juravit,

350 4652 404 4712 sed
430 4653 534 4732 ipsum
560 4651 772 4730 juramentum
798 4649 960 4730 deponere
991 4651 1132 4730 neglexit
1164 4653 1240 4712 hora
1274 4651 1380 4712 debita
1406 4664 1437 4714 et
1461 4665 1609 4713 consveta

351 4772 446 4837 prout
469 4759 589 4835 debuit,
615 4757 687 4817 ideo
712 4756 804 4836 jurati
830 4756 1093 4836 adjudicaverunt
1115 4759 1146 4818 in
1172 4759 1239 4840 ipsa
1264 4777 1358 4819 causa
1382 4758 1499 4838 taliter,
1523 4757 1607 4838 quod

353 4863 418 4942 ipse
443 4865 593 4924 dominus
618 4863 764 4944 Mathyas
785 4865 939 4944 presbiter
963 4866 1063 4946 ipsam
1082 4885 1208 4926 causam
1234 4884 1330 4945 quam
1356 4865 1607 4946 prosequebatur

353 4971 458 5029 amisit
482 4985 589 5030 contra
617 4969 778 5051 Mathyam
804 4970 962 5031 decanum
986 4983 1131 5032 sutorum
1164 4971 1377 5048 modernum
1410 4970 1451 5032 de
1475 4991 1540 5052 quo
1562 4968 1606 5050 ju·
