3876 5798
397 561 459 642 396
777 567 974 641 Ann01443.
997 599 1042 608 -
1064 575 1113 640 27.
1138 567 1266 638 augusti.

501 776 578 838 Item
605 775 765 856 Georgius
781 776 903 858 juratus
926 776 1011 840 filius
1036 776 1122 840 Galli
1140 777 1237 839 bodie
1253 778 1353 838 tercio
1378 799 1410 838 se
1436 778 1580 861 personis
1597 779 1659 840 sibi

395 882 554 943 similibus
585 883 617 944 in
653 883 784 945 ecclesia
816 884 900 945 beati
932 885 1030 946 Marci
1067 885 1271 966 ewangeliste
1306 903 1402 966 super
1432 903 1519 946 aram
1551 898 1657 946 sancte

394 989 508 1052 Crucis
532 1006 642 1053 contra
667 992 823 1053 Iacobum
847 990 948 1053 filium
979 992 1069 1053 Pauli
1094 992 1134 1052 de
1158 993 1298 1074 Nernya,
1320 1005 1465 1072 presente
1492 991 1584 1052 Petro
1609 990 1658 1072 ju·

393 1111 461 1158 rato
486 1110 595 1158 nostro
619 1097 787 1176 moderno,
811 1097 1026 1178 juramentum
1050 1099 1111 1160 sibi
1136 1099 1167 1159 In
1192 1098 1414 1160 subtraccione
1438 1097 1655 1178 quorumdam

392 1204 511 1266 XXXII
535 1203 603 1267 flor.
627 1206 694 1266 auri
731 1219 762 1265 et
785 1223 840 1267 sex
868 1223 1046 1266 marcarum
1079 1205 1284 1266 denariorum
1317 1203 1516 1286 perjuratus
1540 1223 1656 1286 nuper-

393 1311 471 1371 rime
497 1311 726 1390 adjudicatum,
750 1331 789 1372 eo
814 1310 913 1372 modo
937 1312 1073 1393 prestitit
1102 1325 1133 1374 et
1157 1312 1306 1394 deposuit
1337 1330 1431 1392 super
1455 1332 1505 1389 eo,
1530 1324 1564 1372 ut
1588 1311 1656 1392 ipse

392 1415 515 1498 prefato
540 1418 661 1480 Iacobo
686 1417 717 1478 id
743 1437 808 1479 non
833 1419 1063 1500 assumpsisset,
1088 1418 1176 1500 quod
1205 1418 1271 1500 ipse
1291 1417 1322 1478 in
1348 1417 1446 1478 domo
1470 1436 1526 1477 sua
1550 1416 1576 1476 si
1599 1436 1656 1476 au-

393 1544 463 1584 rsus
488 1538 569 1586 esset
586 1538 682 1604 totus,
699 1539 780 1586 esset
795 1545 925 1586 securus
949 1539 981 1588 et
997 1526 1087 1604 liber,
1105 1525 1240 1607 ecquod
1258 1526 1325 1607 ipse
1343 1525 1519 1605 Gregorius
1537 1524 1654 1584 dictam

392 1631 560 1710 pecuniam
587 1631 685 1713 ipsius
717 1631 827 1693 Jacobi
859 1651 924 1692 non
957 1633 1178 1708 subtraxisset,
1211 1631 1326 1692 necin
1360 1631 1428 1713 ipso
1454 1629 1539 1692 furtu
1573 1646 1655 1691 esset

391 1735 537 1798 conscius
562 1756 619 1797 nec
643 1738 812 1818 particeps,
837 1737 893 1798 sed
918 1737 948 1798 in
981 1739 1071 1799 totali
1097 1738 1227 1799 accione
1254 1752 1284 1799 et
1314 1737 1531 1819 acquisicione
1556 1737 1656 1819 ipsius

391 1843 501 1904 Iacobi
526 1843 643 1904 actoris
667 1844 794 1904 racione
823 1843 905 1905 dicte
940 1845 1170 1906 subtraccionis
1202 1845 1301 1926 ipsius
1332 1845 1469 1926 pecunie
1501 1844 1656 1904 innocens

391 1963 472 2010 esset
496 1949 624 2030 penitus
648 1963 678 2009 er
695 1949 859 2030 innoxius;
885 1963 915 2012 et
939 1952 980 2012 ob
1006 1951 1065 2012 boc
1091 1951 1196 2033 ipsum
1214 1950 1409 2031 Gregorium
1426 1949 1510 2011 Iacto
1535 1950 1567 2010 in
1583 1969 1655 2032 pre-

391 2055 488 2116 misso
520 2054 562 2116 ad
593 2057 780 2118 instanciam
815 2057 925 2118 Jacobi
957 2059 1115 2140 prenotati
1148 2058 1313 2120 reddimus
1344 2056 1411 2120 fore
1444 2057 1571 2140 penitus
1602 2077 1655 2118 ex-

388 2162 544 2244 peditum.
