3876 5798
660 541 746 598 Anno
768 551 859 617 1445.
884 573 928 582 -
950 553 981 616 4.
1001 539 1095 615 junii.
1442 555 1507 617 419

245 753 468 834 complendos,
493 753 525 813 in
557 771 697 833 quorum
730 751 829 812 tercio
860 750 998 810 termino
1031 748 1195 811 citacionis
1223 750 1291 830 ipse
1315 750 1452 810 lacobus
1475 749 1507 809 in

245 879 373 921 causam
397 873 546 921 attractus
570 858 609 919 ad
634 857 797 918 accionem
824 856 922 938 ipsius
945 855 1107 916 Valentini
1137 855 1252 917 actoris
1274 855 1436 916 tenebitur
1459 873 1508 915 re·

244 965 403 1047 spondere
427 963 707 1027 consuetudinaria
732 963 803 1044 lege
827 961 963 1024 civitatis
987 975 1152 1044 prenotate
1177 962 1371 1043 requirente.

356 1089 434 1150 ltem
460 1089 617 1150 Martinus
641 1086 848 1149 Corintianus
865 1085 1007 1147 secundo
1031 1105 1064 1146 se
1088 1086 1232 1168 personis
1248 1099 1362 1148 octavo
1387 1085 1439 1146 die
1463 1081 1509 1165 ju·

250 1215 317 1256 rare
334 1196 494 1258 tenebitur
511 1214 609 1277 penes
626 1193 814 1254 effusionem
833 1191 1004 1274 sangwinis
1021 1212 1115 1274 super
1132 1211 1171 1254 eo
1188 1206 1297 1254 contra
1311 1191 1508 1275 Stephanum

245 1301 408 1383 pistorem,
433 1315 468 1363 ut
498 1302 566 1383 ipse
599 1301 779 1383 Stephanus
810 1300 909 1381 pistor
941 1299 1046 1381 ipsum
1080 1300 1253 1361 Martinum
1279 1301 1507 1362 Corintianum

245 1407 424 1469 carnificem
450 1409 481 1468 in
506 1407 605 1468 domo
629 1427 684 1468 sua
709 1407 887 1468 verberavit
920 1405 1085 1486 usquead
1110 1406 1282 1487 sangwinis
1306 1405 1509 1486 effusionem,

245 1533 342 1596 penes
366 1513 642 1594 adjudicationem
666 1512 853 1593 juratorum.

352 1639 430 1700 ltem
462 1638 536 1699 licet
559 1643 667 1718 Agnes
697 1636 761 1698 filia
793 1637 939 1698 Barnabe
971 1636 1010 1698 de
1043 1637 1189 1698 Dombro
1213 1649 1245 1700 et
1277 1637 1394 1700 Paulus
1424 1636 1509 1700 filius

246 1743 374 1805 Thome
392 1744 589 1826 Prozowych
614 1744 653 1804 de
671 1743 782 1804 eadem
802 1742 957 1821 Dombro,
974 1757 1105 1825 propter
1120 1743 1375 1805 subtractionem
1400 1743 1507 1806 lintia·

246 1850 340 1911 minis
365 1863 396 1912 et
419 1850 547 1912 camisie
572 1869 608 1912 ac
626 1849 900 1930 manutergiorum
918 1849 1014 1910 Blasii
1036 1849 1128 1930 jurati
1154 1851 1252 1912 nostri
1271 1849 1416 1912 moderni
1449 1849 1507 1911 filii

246 1954 374 2016 Thome
391 1955 634 2038 Wgrinowych,
652 1976 708 2038 per
728 1955 1005 2036 adjudicacionem
1024 1955 1200 2035 juratorum
1217 1975 1334 2038 penam
1358 1955 1505 2038 supplicii

246 2080 342 2142 quam
361 2061 590 2124 demeruerunt
614 2063 677 2144 pati
696 2061 890 2140 debuissent,
915 2075 1022 2124 tameo
1047 2063 1122 2144 quia
1139 2082 1195 2144 per
1212 2076 1315 2124 certos
1335 2063 1453 2146 probos
1479 2075 1510 2123 et

246 2165 397 2228 honestos
415 2168 500 2229 viros
517 2169 601 2228 cives
619 2168 767 2230 videlicet
783 2167 1017 2229 Dombrenses:
1036 2165 1212 2250 Georgium
1232 2167 1333 2229 filium
1352 2169 1448 2230 Blasii
1466 2169 1505 2230 de

247 2272 390 2334 Dombro
415 2287 446 2334 et
470 2274 680 2336 Benedictum
697 2273 799 2335 lilium
823 2273 956 2354 Georgii
973 2293 1009 2334 ac
1027 2273 1190 2356 Mathyam
1208 2272 1309 2335 filium
1336 2273 1504 2354 Demetrii,

246 2399 393 2440 necnon
419 2380 597 2440 Fabianum
621 2379 722 2441 filium
749 2379 877 2442 Thome
902 2379 941 2440 de
974 2379 1086 2441 eadem
1112 2379 1257 2441 Dombro
1295 2381 1388 2442 nobis
1412 2401 1508 2463 super

246 2505 284 2546 eo
309 2486 522 2567 supplicatum
540 2486 643 2548 extitit
665 2505 723 2568 pro
741 2485 874 2564 eisdem,
898 2499 933 2546 ut
956 2486 1032 2568 ipsis
1060 2485 1339 2567 videlicetAgneti
1358 2501 1389 2549 et
1407 2487 1508 2548 Paulo

246 2591 374 2652 racione
399 2591 474 2652 dicti
507 2591 658 2653 furticinii
691 2593 834 2674 ipsorum
866 2612 922 2674 per
954 2591 1084 2654 eosdem
1117 2597 1275 2673 Agnetem
1310 2605 1340 2654 et
1372 2592 1507 2654 Paulum

246 2699 427 2779 perpetrati,
461 2698 712 2760 misericordiam
746 2697 849 2760 facere
881 2699 1106 2780 dignaremur,
1141 2699 1280 2780 ideoque
1305 2718 1363 2760 nos
1387 2699 1507 2761 eisdem

246 2805 362 2884 Agneti
387 2818 418 2866 et
442 2805 543 2866 Paulo
567 2806 694 2866 racione
719 2805 794 2866 dicti
815 2803 966 2866 furticinii
993 2824 1105 2866 eorum
1123 2823 1161 2865 eo
1187 2805 1285 2866 modo
1309 2805 1450 2884 graciam
1477 2819 1508 2867 et

246 2909 497 2971 misericordiam
516 2909 649 2972 lecimus
665 2911 837 2993 specialem
858 2931 951 2972 causa
968 2911 1136 2993 peticionis
1153 2911 1311 2973 dictorum
1330 2914 1506 2990 proborum

246 3016 399 3094 virorum,
424 3031 458 3078 ut
483 3017 541 3099 ipsi
567 3017 606 3078 de
631 3031 736 3079 cetero
761 3017 901 3100 predicta
918 3016 1000 3079 lacta
1021 3017 1104 3078 mala
1129 3037 1194 3078 non
1219 3017 1432 3097 committant,
1450 3017 1507 3080 sed

247 3123 313 3204 ipsa
339 3123 507 3184 commissa
533 3142 644 3184 eorum
670 3123 781 3205 pocius
810 3122 959 3202 defleant,
984 3137 1014 3184 et
1038 3124 1125 3205 quod
1159 3123 1303 3205 predicto
1329 3124 1435 3185 Blasio
1461 3123 1509 3204 ju-

247 3241 314 3289 rato
339 3244 370 3290 et
395 3229 463 3289 eius
488 3227 609 3290 familie
634 3228 757 3291 nullum
786 3243 1018 3291 nocumentum
1042 3227 1190 3308 inferant,
1215 3229 1304 3311 quod
1328 3230 1353 3290 si
1377 3227 1511 3292 fecerint

247 3335 379 3416 aliquod
413 3349 662 3413 nocumentum,
694 3357 730 3397 ex
762 3349 838 3397 tunc
869 3335 1002 3419 predicti
1035 3335 1127 3417 probi
1160 3336 1218 3396 viri
1243 3337 1328 3398 cives
1359 3335 1508 3398 videlicet

248 3444 464 3504 Dombrenses
487 3443 585 3504 totale
610 3442 786 3524 dampnum
813 3443 871 3524 ipsi
899 3443 1007 3503 Blasio
1032 3441 1135 3521 jurato
1160 3455 1191 3504 et
1215 3443 1283 3503 eius
1307 3441 1427 3504 familie
1453 3463 1508 3525 per

247 3550 406 3632 predictos
430 3547 651 3610 malefactores
682 3569 738 3610 seu
770 3547 854 3610 lures
885 3548 1009 3610 illatum
1046 3546 1216 3609 refundere
1249 3549 1444 3610 tenebuntur
1477 3562 1508 3610 et

247 3656 419 3718 debebunt.

292 3873 390 3948 Feria
418 3883 517 3947 serta
547 3877 701 3965 proxima
729 3883 807 3966 post
834 3881 990 3948 octavam
1018 3873 1174 3964 Corporis
1203 3873 1326 3946 domini
1354 3878 1463 3948 nostri

748 3999 843 4072 lhesu
872 3997 1008 4072 Christi.

791 4169 833 4247 (4.
857 4168 963 4244 junii).

354 4330 432 4392 ltem
458 4331 595 4392 lacobus
619 4343 650 4390 et
675 4327 855 4410 Stephanus
887 4339 1010 4389 sutores
1040 4338 1151 4388 contra
1174 4325 1380 4388 Valentinum
1406 4323 1508 4388 lilium

248 4436 372 4498 Nicolai
399 4435 577 4520 Lyubnych
603 4436 707 4516 primo
732 4434 818 4496 citati
842 4452 907 4494 non
932 4445 1190 4514 comparuerunt.

353 4561 429 4622 ltem
455 4561 608 4621 Nicolaus
633 4559 817 4622 Mechotreb
843 4571 952 4620 contra
971 4557 1147 4640 Elyzabeth
1172 4556 1385 4618 consutricem
1410 4557 1509 4618 carni·

247 4667 363 4728 siarum
390 4665 597 4726 muliebrium
623 4665 728 4746 primo
752 4665 866 4726 citatus
891 4683 955 4726 non
981 4662 1171 4744 comparuit.

351 4772 428 4834 Item
448 4771 608 4852 Georgius
632 4770 772 4853 lrenipar
791 4770 876 4832 lilius
900 4768 1033 4850 Georgii
1051 4769 1176 4831 clientis
1199 4782 1314 4832 octavo
1337 4767 1388 4829 die
1413 4787 1510 4850 super

248 4919 334 4960 aram
360 4911 470 4960 contra
495 4917 628 4959 uxorem
654 4897 813 4958 Francisci
839 4895 1007 4978 lreniparis
1029 4894 1132 4976 jurare
1155 4894 1316 4956 tenebitur
1339 4913 1434 4975 super
1457 4911 1507 4971 eo,

248 5017 283 5066 ut
306 5005 374 5086 ipse
393 5005 569 5086 predictam
590 5023 721 5065 uxorem
739 5004 839 5086 ipsius
856 5002 1014 5064 Francisci
1032 4999 1200 5083 lreniparis
1217 5020 1281 5062 non
1305 4999 1507 5082 vituperavit.

1389 5101 1403 5128 ί
