3876 5798
668 527 868 642 Ann0144'2.
893 597 936 607 —
961 578 1010 642 14.
1034 563 1192 624 decembris.
1495 581 1555 644 375

355 779 451 855 Faria
479 793 577 854 sexta
606 785 760 872 proxima
790 791 865 870 post
893 783 1023 876 festum·
1049 784 1144 854 beate
1172 783 1270 856 Lucie
1299 784 1442 870 virginis
1472 791 1504 852 et

770 909 925 977 martiris
954 905 1090 978 Christi.

782 1054 848 1136 (14.
882 1058 1062 1132 recanere).

399 1198 630 1272 Itemcausam
656 1198 738 1260 inter
763 1198 974 1260 benedictum
998 1196 1101 1260 filium
1126 1197 1292 1260 Michaelis
1317 1197 1495 1262 sebastiani
1521 1212 1556 1261 ut

295 1320 435 1368 actorem
461 1317 492 1367 et
514 1303 595 1366 inter
620 1305 782 1366 Thomam
807 1319 960 1367 sartorem
984 1324 1139 1386 generum
1157 1304 1254 1366 Blasii
1278 1303 1555 1387 Czaranthowych

295 1427 330 1476 ut
355 1414 387 1474 in
412 1431 538 1474 causam
557 1425 735 1489 attractum,
753 1430 858 1473 coram
884 1411 978 1473 nobis
997 1431 1055 1493 per
1071 1412 1176 1491 ipsum
1195 1411 1405 1473 benedictum
1421 1426 1554 1489 motam,

294 1519 454 1583 Martinus
477 1517 572 1600 judex
593 1529 627 1580 'et
644 1517 834 1580 Valentinus
857 1516 942 1579 filius
958 1517 1022 1578 lwlt
1043 1537 1079 1578 ac
1104 1517 1265 1578 Fabianus
1281 1516 1366 1579 filius
1389 1499 1554 1596 lobannis,

293 1626 399 1709 jurati,
407 1624 531 1688 tamdiu
540 1642 710 1706 quousque
721 1624 865 1685 Andreas
874 1638 974 1684 sartor
988 1621 1072 1684 filius
1081 1621 1256 1685 Zernchich
1267 1623 1305 1684 de
1317 1623 1448 1685 vulnere
1458 1643 1553 1706 super

295 1733 401 1816 ipsum
418 1729 502 1794 lecto
519 1731 727 1810 resanabitur,
751 1750 788 1790 ex
805 1717 969 1811 judiciaria
993 1729 1127 1792 licencia
1144 1729 1184 1792 ad
1201 1749 1311 1812 pacem
1330 1715 1552 1812 prorogarunt.

300 1863 308 1870 ¹·
402 1837 481 1900 ltem
513 1837 626 1900 Petrus
657 1838 782 1919 Ztoyko
806 1849 914 1898 contra
947 1836 1154 1898 Valentinum
1184 1835 1419 1917 Tergowchich
1447 1837 1555 1920 'primo

293 1945 407 2008 citatus
430 1963 497 2006 non
523 1943 712 2025 comparuit.

402 2050 481 2112 ltem
506 2049 653 2132 Mathyas
677 2048 845 2110 Farlrasius
872 2047 993 2130 juratus
1024 2061 1131 2110 noster
1163 2049 1337 2111 modernus
1361 2048 1478 2130 jurabit
1501 2028 1557 2131 per

292 2157 569 2240 adjudicaciouem
592 2155 773 2238 juratorum
798 2169 912 2216 octavo
937 2154 988 2215 die
1012 2169 1121 2216 contra
1139 2153 1302 2218 Thomam
1326 2153 1430 2216 filium
1445 2139 1553 2217 'Marci

294 2264 334 2326 de
355 2263 465 2326 'Mlaka
491 2263 523 2324 in
549 2261 632 2325 facto
657 2275 795 2344 quatuor
819 2274 849 2324 et
873 2259 971 2323 medii
996 2259 1065 2323 flor.
1098 2281 1193 2343 super
1216 2280 1303 2323 aram
1327 2264 1422 2344 super
1446 2281 1496 2341 eo,-
1522 2275 1556 2324 ut

295 2371 361 2454 ipse
388 2370 535 2452 Mathyas
551 2369 721 2432 Farlrasius
744 2369 803 2452 ipsi
823 2368 951 2430 Thome
969 2368 1066 2430 actori
1092 2368 1208 2431 dictam
1227 2368 1397 2451 pecuniam
1421 2369 1554 2431 minime

294 2477 391 2539 debet
414 2496 472 2538 nec
498 2490 635 2539 tenerur.

400 2583 477 2645 ltem
510 2582 697 2644 Franciscus
731 2580 872 2664 frenipar
906 2595 1015 2644 contra
1055 2581 1219 2644 Thomam
1255 2583 1437 2666 privignum
1473 2585 1554 2646 Zore

293 2689 400 2773 primo
428 2689 542 2752 citatus
565 2708 631 2750 non
656 2688 845 2770 comparuit.
924 2681 925 2684 '

401 2795 479 2857 ltem
504 2794 580 2876 quia
596 2793 774 2878 Elyzabeth
801 2795 904 2876 Draga
928 2794 1023 2874 dicta,
1040 2795 1149 2858 relicta
1173 2795 1311 2864 condam
1328 2795 1424 2857 lwani
1443 2797 1555 2860 decani

294 2900 326 2962 id
353 2900 447 2963 nobis
470 2901 641 2982 querulosa
665 2901 815 2982 detegere
847 2901 978 2979 curavit,
1002 2913 1037 2962 ut
1068 2900 1158 2962 litere
1191 2916 1297 2962 nostre
1329 2922 1384 2964 seu
1417 2903 1552 2966 civitatis

293 3007 435 3090 predicte
452 3007 668 3090 privilegiales
684 3025 742 3090 pro
765 3022 853 3090 parte
870 3007 970 3089 ipsius
987 3007 1162 3090 Elyzabeth
1181 3007 1323 3070 mulieris
1340 3029 1435 3091 super
1452 3011 1550 3073 domo

295 3129 325 3176 et
352 3112 453 3176 fundo
478 3134 514 3176 ac
537 3112 695 3176 hedificiis
722 3113 787 3176 suis
811 3114 843 3175 in
864 3113 936 3175 vico
953 3127 1061 3174 nostro
1090 3114 1237 3176 exteriori
1262 3127 1406 3176 sutorum
1434 3116 1552 3196 habita,

295 3218 451 3299 conlecta,
467 3232 613 3302 tempore
630 3220 775 3282 disturbii
790 3219 955 3282 cuiusdam
973 3238 1038 3300 quo
1057 3219 1122 3301 ipse
1139 3220 1228 3281 vicus
1244 3239 1300 3302 ρετ
1320 3223 1551 3285 exercituantes

295 3327 419 3388 domini
441 3326 568 3388 comitis
586 3325 669 3388 Cilie
687 3326 868 3388 devastatus
884 3325 1046 3403 extitisset,
1064 3327 1198 3387 omnino
1212 3326 1376 3408 deperdite
1394 3343 1424 3389 et
1440 3330 1554 3392 amisse

295 3432 439 3512 luissent,
461 3432 653 3513 easdemque
671 3433 777 3494 literas
795 3431 1008 3513 privilegiales
1031 3432 1071 3492 ad
1096 3433 1210 3494 trinam
1236 3445 1376 3496 nostram
1394 3431 1553 3498 forensem

294 3539 458 3622 publicam
483 3538 774 3620 proclamacionem
799 3537 968 3620 superinde
994 3557 1050 3619 per
1068 3557 1125 3598 nos
1149 3537 1276 3617 factam,
1301 3539 1414 3601 eadem
1440 3541 1553 3622 Elyza·

296 3644 370 3708 beth
398 3644 514 3706 nullibi
539 3644 681 3706 invenire
713 3644 829 3727 potuit,
861 3645 1000 3725 ideoque
1032 3663 1091 3704 nos
1115 3644 1291 3726 predictam
1323 3645 1457 3706 domurn
1483 3665 1555 3707 cum

296 3749 397 3812 fundo
423 3763 453 3812 et
477 3748 633 3812 hedificiis
649 3751 785 3832 aliisque
802 3750 924 3812 cunctis
940 3749 1005 3810 suis
1029 3749 1233 3829 pertinenciis
1250 3749 1355 3812 eidem
1374 3751 1552 3835 Elyzab'eth

294 3855 422 3920 mulieri
447 3857 616 3919 statuimus
639 3870 794 3938 perpetuo
818 3855 1046 3938 possidendam
1070 3871 1100 3917 et
1128 3857 1437 3939 quomodocumque
1461 3858 1552 3920 volu·

296 3965 356 4028 erit
380 3962 614 4047 disponendam
640 3961 725 4043 juata
750 3962 974 4025 condicionem
1008 3963 1143 4024 civitatis
1169 3976 1333 4045 prenotate
1358 3941 1403 4025 ab
1422 3941 1555 4045 antiquo

295 4071 517 4154 approbatam.

401 4176 479 4239 ltem
496 4176 572 4258 quia
597 4176 735 4238 lacobus
751 4176 871 4258 juratus
894 4175 978 4238 filius
997 4175 1079 4236 Petri
1109 4173 1232 4257 Saphar
1255 4187 1364 4236 contra
1391 4174 1555 4257 Mathyam

298 4281 468 4346 Ztakorich
493 4283 525 4344 in
549 4279 633 4344 facto
667 4281 740 4345 furti
774 4282 988 4364 quorumdam
1017 4299 1188 4364 porcorum
1214 4280 1313 4362 ipsius
1345 4279 1474 4362 Mathye
1498 4300 1555 4362 ρετ

296 4391 401 4473 ipsum
419 4389 575 4451 lacobum
592 4390 826 4451 subtractorum
851 4403 881 4450 et
905 4402 1014 4449 contra
1031 4387 1111 4448 alios
1129 4401 1250 4448 actores
1267 4385 1365 4466 ipsius
1383 4386 1493 4448 iacobi
1509 4385 1555 4468 ju-

296 4485 355 4558 rati
381 4509 412 4558 et
435 4496 615 4578 specialiter
646 4509 755 4558 contra
787 4494 951 4576 Mathyam
983 4513 1156 4576 preconem
1179 4512 1276 4575 quem
1308 4492 1426 4554 occidit
1450 4493 1559 4580 minus

296 4602 391 4686 juste,
413 4603 465 4665 vel
490 4602 558 4666 eius
574 4616 814 4686 procuratorem
831 4601 976 4662 recciario
998 4599 1038 4662 ad
1055 4599 1307 4682 comparendum
1332 4597 1372 4659 ad
1396 4597 1555 4678 justiciam

297 4729 384 4773 nunc
408 4729 474 4772 non
497 4709 586 4771 venit
609 4727 714 4790 neque
735 4707 877 4790 aliquem
898 4725 957 4789 pro
981 4726 1014 4768 se
1040 4706 1135 4768 misit.

404 4815 482 4877 ltem
506 4815 581 4896 quia
599 4815 679 4876 Pero
696 4815 817 4897 juratus
833 4812 918 4876 filius
936 4813 1018 4874 Petri
1037 4811 1159 4893 Saphar
1175 4811 1206 4872 in
1225 4809 1309 4872 lacto
1325 4811 1468 4892 quinque
1485 4807 1555 4871 flor.

303 4922 384 5000 auri,
407 4941 489 5003 quos
513 4921 579 5003 ipse
604 4921 685 4982 Pero
710 4919 830 5002 juratus
854 4932 962 4980 contra
994 4917 1098 4999 ipsum
1123 4915 1264 4978 blasium
1290 4915 1427 4996 judicem
1453 4913 1557 4976 lilium

298 5029 389 5092 Pauli
413 5030 667 5111 prosequebatur
699 5045 805 5089 coram
838 5024 958 5107 juratis,
990 5043 1048 5106 pro
1073 5024 1189 5105 quibus
1220 5023 1287 5105 ipse
1313 5021 1436 5084 Blasius
1460 5021 1554 5104 judex
