<?xml version="1.0" encoding="UTF-8"?>
<!DOCTYPE html PUBLIC "-//W3C//DTD XHTML 1.0 Transitional//EN"
    "http://www.w3.org/TR/xhtml1/DTD/xhtml1-transitional.dtd">
<html xmlns="http://www.w3.org/1999/xhtml" xml:lang="en" lang="en">
 <head>
  <title>
</title>
<meta http-equiv="Content-Type" content="text/html;charset=utf-8" />
  <meta name='ocr-system' content='tesseract 3.04.00' />
  <meta name='ocr-capabilities' content='ocr_page ocr_carea ocr_par ocr_line ocrx_word'/>
</head>
<body>
  <div class='ocr_page' id='page_1' title='image "./monumentahistor14laszgoog_0482.png"; bbox 0 0 3876 5798; ppageno 0'>
   <div class='ocr_carea' id='block_1_1' title="bbox 424 512 1321 593">
    <p class='ocr_par' dir='ltr' id='par_1_1' title="bbox 424 512 1321 593">
     <span class='ocr_line' id='line_1_1' title="bbox 424 512 1321 593; baseline -0.002 -19"><span class='ocrx_word' id='word_1_1' title='bbox 424 530 488 593; x_wconf 85' lang='lat'>432</span> <span class='ocrx_word' id='word_1_2' title='bbox 794 513 996 592; x_wconf 71' lang='lat' dir='ltr'>Anno1445.</span> <span class='ocrx_word' id='word_1_3' title='bbox 1023 547 1063 556; x_wconf 98' lang='lat'>-</span> <span class='ocrx_word' id='word_1_4' title='bbox 1088 522 1135 589; x_wconf 86' lang='lat'>17.</span> <span class='ocrx_word' id='word_1_5' title='bbox 1159 512 1321 572; x_wconf 77' lang='lat' dir='ltr'><em>decembris.</em></span> 
     </span>
    </p>
   </div>
   <div class='ocr_carea' id='block_1_2' title="bbox 453 730 1669 1084">
    <p class='ocr_par' dir='ltr' id='par_1_2' title="bbox 453 730 1669 1084">
     <span class='ocr_line' id='line_1_2' title="bbox 453 730 1669 824; baseline -0.002 -19"><span class='ocrx_word' id='word_1_6' title='bbox 453 731 548 805; x_wconf 84' lang='lat' dir='ltr'>leria</span> <span class='ocrx_word' id='word_1_7' title='bbox 576 743 675 806; x_wconf 85' lang='lat' dir='ltr'>sexta</span> <span class='ocrx_word' id='word_1_8' title='bbox 716 735 870 824; x_wconf 84' lang='lat' dir='ltr'>proxima</span> <span class='ocrx_word' id='word_1_9' title='bbox 898 739 975 822; x_wconf 87' lang='lat' dir='ltr'>post</span> <span class='ocrx_word' id='word_1_10' title='bbox 1002 731 1125 803; x_wconf 76' lang='lat' dir='ltr'>festum</span> <span class='ocrx_word' id='word_1_11' title='bbox 1162 730 1398 822; x_wconf 85' lang='lat' dir='ltr'>Concepclonis</span> <span class='ocrx_word' id='word_1_12' title='bbox 1434 731 1531 804; x_wconf 88' lang='lat' dir='ltr'>beate</span> <span class='ocrx_word' id='word_1_13' title='bbox 1560 733 1669 804; x_wconf 85' lang='lat' dir='ltr'>llarie</span> 
     </span>
     <span class='ocr_line' id='line_1_3' title="bbox 898 857 1210 945; baseline 0 -18"><span class='ocrx_word' id='word_1_14' title='bbox 898 875 1028 945; x_wconf 83' lang='lat' dir='ltr'>semper</span> <span class='ocrx_word' id='word_1_15' title='bbox 1058 857 1210 945; x_wconf 86' lang='lat' dir='ltr'>virginis.</span> 
     </span>
     <span class='ocr_line' id='line_1_4' title="bbox 924 1007 1184 1084; baseline 0.012 -18"><span class='ocrx_word' id='word_1_16' title='bbox 924 1012 987 1082; x_wconf 87' lang='grc' dir='ltr'><em>(ιο.</em></span> <span class='ocrx_word' id='word_1_17' title='bbox 1009 1007 1184 1084; x_wconf 78' lang='lat' dir='ltr'><em>decembris).</em></span> 
     </span>
    </p>
   </div>
   <div class='ocr_carea' id='block_1_3' title="bbox 423 1147 1692 1872">
    <p class='ocr_par' dir='ltr' id='par_1_3' title="bbox 423 1147 1691 1444">
     <span class='ocr_line' id='line_1_5' title="bbox 530 1147 1691 1232; baseline 0 -22"><span class='ocrx_word' id='word_1_18' title='bbox 530 1149 609 1212; x_wconf 89' lang='lat' dir='ltr'>Item</span> <span class='ocrx_word' id='word_1_19' title='bbox 633 1169 727 1212; x_wconf 88' lang='lat' dir='ltr'>causa</span> <span class='ocrx_word' id='word_1_20' title='bbox 745 1147 874 1232; x_wconf 81' lang='lat' dir='ltr'>Mathye</span> <span class='ocrx_word' id='word_1_21' title='bbox 898 1147 992 1229; x_wconf 85' lang='lat' dir='ltr'>jurati</span> <span class='ocrx_word' id='word_1_22' title='bbox 1016 1147 1127 1228; x_wconf 79' lang='lat' dir='ltr'>generi</span> <span class='ocrx_word' id='word_1_23' title='bbox 1145 1147 1313 1232; x_wconf 82' lang='lat' dir='ltr'>Rakarych</span> <span class='ocrx_word' id='word_1_24' title='bbox 1337 1161 1368 1210; x_wconf 90' lang='lat' dir='ltr'>et</span> <span class='ocrx_word' id='word_1_25' title='bbox 1392 1147 1559 1211; x_wconf 74' lang='lat' dir='ltr'>Elisabeth</span> <span class='ocrx_word' id='word_1_26' title='bbox 1577 1148 1691 1210; x_wconf 89' lang='lat' dir='ltr'>relicte</span> 
     </span>
     <span class='ocr_line' id='line_1_6' title="bbox 424 1253 1688 1338; baseline 0 -22"><span class='ocrx_word' id='word_1_27' title='bbox 424 1275 460 1316; x_wconf 86' lang='lat' dir='ltr'>ac</span> <span class='ocrx_word' id='word_1_28' title='bbox 485 1253 634 1337; x_wconf 81' lang='lat' dir='ltr'>Gregorii</span> <span class='ocrx_word' id='word_1_29' title='bbox 658 1254 715 1317; x_wconf 90' lang='lat' dir='ltr'>filii</span> <span class='ocrx_word' id='word_1_30' title='bbox 747 1255 886 1316; x_wconf 88' lang='lat' dir='ltr'>condam</span> <span class='ocrx_word' id='word_1_31' title='bbox 917 1255 1047 1316; x_wconf 83' lang='lat' dir='ltr'>Andree</span> <span class='ocrx_word' id='word_1_32' title='bbox 1079 1253 1231 1318; x_wconf 87' lang='lat' dir='ltr'>Zwechar</span> <span class='ocrx_word' id='word_1_33' title='bbox 1267 1273 1325 1337; x_wconf 89' lang='lat' dir='ltr'>pro</span> <span class='ocrx_word' id='word_1_34' title='bbox 1357 1255 1567 1338; x_wconf 88' lang='lat' dir='ltr'>producendo</span> <span class='ocrx_word' id='word_1_35' title='bbox 1598 1255 1688 1316; x_wconf 84' lang='lat' dir='ltr'>testi·</span> 
     </span>
     <span class='ocr_line' id='line_1_7' title="bbox 423 1360 1583 1444; baseline 0.002 -22"><span class='ocrx_word' id='word_1_36' title='bbox 423 1363 534 1424; x_wconf 93' lang='lat' dir='ltr'>monio</span> <span class='ocrx_word' id='word_1_37' title='bbox 558 1362 598 1424; x_wconf 87' lang='lat' dir='ltr'>ad</span> <span class='ocrx_word' id='word_1_38' title='bbox 624 1363 763 1444; x_wconf 88' lang='lat' dir='ltr'>primum</span> <span class='ocrx_word' id='word_1_39' title='bbox 788 1360 943 1442; x_wconf 89' lang='lat' dir='ltr'>judicium</span> <span class='ocrx_word' id='word_1_40' title='bbox 967 1361 1111 1444; x_wconf 83' lang='lat' dir='ltr'>proxime</span> <span class='ocrx_word' id='word_1_41' title='bbox 1136 1381 1307 1424; x_wconf 88' lang='lat' dir='ltr'>occurrens</span> <span class='ocrx_word' id='word_1_42' title='bbox 1331 1375 1378 1424; x_wconf 90' lang='lat' dir='ltr'>est</span> <span class='ocrx_word' id='word_1_43' title='bbox 1400 1375 1583 1444; x_wconf 85' lang='lat' dir='ltr'>prorogata.</span> 
     </span>
    </p>

    <p class='ocr_par' dir='ltr' id='par_1_4' title="bbox 423 1467 1687 1656">
     <span class='ocr_line' id='line_1_8' title="bbox 529 1467 1687 1552; baseline 0.001 -24"><span class='ocrx_word' id='word_1_44' title='bbox 529 1467 606 1530; x_wconf 89' lang='lat' dir='ltr'>ltem</span> <span class='ocrx_word' id='word_1_45' title='bbox 623 1467 731 1529; x_wconf 87' lang='lat' dir='ltr'>relicta</span> <span class='ocrx_word' id='word_1_46' title='bbox 748 1467 904 1529; x_wconf 81' lang='lat' dir='ltr'>Anthonii</span> <span class='ocrx_word' id='word_1_47' title='bbox 923 1467 1142 1550; x_wconf 89' lang='lat' dir='ltr'>Kerzowaych</span> <span class='ocrx_word' id='word_1_48' title='bbox 1156 1481 1265 1530; x_wconf 88' lang='lat' dir='ltr'>contra</span> <span class='ocrx_word' id='word_1_49' title='bbox 1279 1468 1409 1531; x_wconf 86' lang='lat' dir='ltr'>Petrum</span> <span class='ocrx_word' id='word_1_50' title='bbox 1427 1469 1548 1532; x_wconf 87' lang='lat' dir='ltr'>dictum</span> <span class='ocrx_word' id='word_1_51' title='bbox 1566 1469 1687 1552; x_wconf 86' lang='lat' dir='ltr'>Braysa</span> 
     </span>
     <span class='ocr_line' id='line_1_9' title="bbox 423 1573 1156 1656; baseline -0.001 -19"><span class='ocrx_word' id='word_1_52' title='bbox 423 1573 603 1638; x_wconf 83' lang='lat' dir='ltr'>carnificem</span> <span class='ocrx_word' id='word_1_53' title='bbox 628 1575 733 1656; x_wconf 87' lang='lat' dir='ltr'>primo</span> <span class='ocrx_word' id='word_1_54' title='bbox 757 1575 851 1636; x_wconf 89' lang='lat' dir='ltr'>citata</span> <span class='ocrx_word' id='word_1_55' title='bbox 876 1593 940 1635; x_wconf 89' lang='lat' dir='ltr'>non</span> <span class='ocrx_word' id='word_1_56' title='bbox 965 1574 1156 1656; x_wconf 87' lang='lat' dir='ltr'>comparuit.</span> 
     </span>
    </p>

    <p class='ocr_par' dir='ltr' id='par_1_5' title="bbox 428 1679 1692 1872">
     <span class='ocr_line' id='line_1_10' title="bbox 529 1679 1689 1766; baseline 0.002 -24"><span class='ocrx_word' id='word_1_57' title='bbox 529 1681 607 1742; x_wconf 90' lang='lat' dir='ltr'>ltem</span> <span class='ocrx_word' id='word_1_58' title='bbox 634 1699 728 1743; x_wconf 82' lang='lat' dir='ltr'>causa</span> <span class='ocrx_word' id='word_1_59' title='bbox 751 1681 914 1742; x_wconf 89' lang='lat' dir='ltr'>Valentini</span> <span class='ocrx_word' id='word_1_60' title='bbox 938 1679 1032 1762; x_wconf 89' lang='lat' dir='ltr'>jurati</span> <span class='ocrx_word' id='word_1_61' title='bbox 1057 1693 1089 1742; x_wconf 89' lang='lat' dir='ltr'>et</span> <span class='ocrx_word' id='word_1_62' title='bbox 1112 1679 1209 1743; x_wconf 85' lang='lat' dir='ltr'>Blasii</span> <span class='ocrx_word' id='word_1_63' title='bbox 1238 1681 1367 1744; x_wconf 87' lang='lat' dir='ltr'>sartoris</span> <span class='ocrx_word' id='word_1_64' title='bbox 1390 1701 1450 1766; x_wconf 91' lang='lat' dir='ltr'>pro</span> <span class='ocrx_word' id='word_1_65' title='bbox 1474 1682 1689 1765; x_wconf 87' lang='lat' dir='ltr'>producendo</span> 
     </span>
     <span class='ocr_line' id='line_1_11' title="bbox 428 1787 1692 1872; baseline 0.003 -24"><span class='ocrx_word' id='word_1_66' title='bbox 428 1787 615 1851; x_wconf 88' lang='lat' dir='ltr'>testimonio</span> <span class='ocrx_word' id='word_1_67' title='bbox 640 1787 678 1848; x_wconf 90' lang='lat' dir='ltr'>ad</span> <span class='ocrx_word' id='word_1_68' title='bbox 710 1787 850 1870; x_wconf 88' lang='lat' dir='ltr'>primum</span> <span class='ocrx_word' id='word_1_69' title='bbox 881 1787 1036 1870; x_wconf 83' lang='lat' dir='ltr'>judicium</span> <span class='ocrx_word' id='word_1_70' title='bbox 1068 1788 1214 1870; x_wconf 80' lang='lat' dir='ltr'>proxime</span> <span class='ocrx_word' id='word_1_71' title='bbox 1244 1807 1415 1852; x_wconf 86' lang='lat' dir='ltr'>occurrens</span> <span class='ocrx_word' id='word_1_72' title='bbox 1437 1804 1484 1852; x_wconf 86' lang='lat' dir='ltr'>est</span> <span class='ocrx_word' id='word_1_73' title='bbox 1506 1802 1692 1872; x_wconf 84' lang='lat' dir='ltr'>prorogata.</span> 
     </span>
    </p>
   </div>
   <div class='ocr_carea' id='block_1_4' title="bbox 475 1988 1636 2187">
    <p class='ocr_par' dir='ltr' id='par_1_6' title="bbox 475 1988 1636 2187">
     <span class='ocr_line' id='line_1_12' title="bbox 475 1988 1636 2080; baseline -0.002 -18"><span class='ocrx_word' id='word_1_74' title='bbox 475 1988 571 2062; x_wconf 72' lang='lat' dir='ltr'>terta</span> <span class='ocrx_word' id='word_1_75' title='bbox 601 1999 700 2062; x_wconf 84' lang='lat' dir='ltr'>sexta</span> <span class='ocrx_word' id='word_1_76' title='bbox 729 1993 883 2080; x_wconf 88' lang='lat' dir='ltr'>proxima</span> <span class='ocrx_word' id='word_1_77' title='bbox 912 1997 989 2080; x_wconf 81' lang='lat' dir='ltr'>post</span> <span class='ocrx_word' id='word_1_78' title='bbox 1021 1990 1142 2062; x_wconf 82' lang='lat' dir='ltr'>testum</span> <span class='ocrx_word' id='word_1_79' title='bbox 1181 1991 1277 2062; x_wconf 79' lang='lat' dir='ltr'>beate</span> <span class='ocrx_word' id='word_1_80' title='bbox 1304 1990 1402 2064; x_wconf 85' lang='lat' dir='ltr'>lucie</span> <span class='ocrx_word' id='word_1_81' title='bbox 1430 1992 1573 2078; x_wconf 85' lang='lat' dir='ltr'>virginis</span> <span class='ocrx_word' id='word_1_82' title='bbox 1601 1999 1636 2061; x_wconf 87' lang='lat' dir='ltr'>et</span> 
     </span>
     <span class='ocr_line' id='line_1_13' title="bbox 899 2113 1215 2187; baseline -0.003 0"><span class='ocrx_word' id='word_1_83' title='bbox 899 2117 1053 2187; x_wconf 86' lang='lat' dir='ltr'>martiris</span> <span class='ocrx_word' id='word_1_84' title='bbox 1080 2113 1215 2187; x_wconf 81' lang='lat' dir='ltr'>Christi.</span> 
     </span>
    </p>
   </div>
   <div class='ocr_carea' id='block_1_5' title="bbox 911 2263 1190 2346">
    <p class='ocr_par' dir='ltr' id='par_1_7' title="bbox 911 2263 1190 2346">
     <span class='ocr_line' id='line_1_14' title="bbox 911 2263 1190 2346; baseline 0.007 -21"><span class='ocrx_word' id='word_1_85' title='bbox 911 2263 975 2346; x_wconf 89' lang='lat'><em>(17.</em></span> <span class='ocrx_word' id='word_1_86' title='bbox 1009 2267 1190 2341; x_wconf 83' lang='lat' dir='ltr'>decembris).</span> 
     </span>
    </p>
   </div>
   <div class='ocr_carea' id='block_1_6' title="bbox 417 2406 1692 5144">
    <p class='ocr_par' dir='ltr' id='par_1_8' title="bbox 418 2406 1692 3955">
     <span class='ocr_line' id='line_1_15' title="bbox 525 2406 1689 2490; baseline -0.003 -20"><span class='ocrx_word' id='word_1_87' title='bbox 525 2407 604 2470; x_wconf 90' lang='lat' dir='ltr'>Item</span> <span class='ocrx_word' id='word_1_88' title='bbox 628 2407 702 2490; x_wconf 89' lang='lat' dir='ltr'>quia</span> <span class='ocrx_word' id='word_1_89' title='bbox 721 2407 905 2490; x_wconf 73' lang='lat' dir='ltr'>Stephanus</span> <span class='ocrx_word' id='word_1_90' title='bbox 921 2421 1010 2470; x_wconf 85' lang='lat' dir='ltr'>sutor</span> <span class='ocrx_word' id='word_1_91' title='bbox 1034 2408 1138 2470; x_wconf 89' lang='lat' dir='ltr'>dictus</span> <span class='ocrx_word' id='word_1_92' title='bbox 1155 2406 1293 2470; x_wconf 90' lang='lat' dir='ltr'>Kondek</span> <span class='ocrx_word' id='word_1_93' title='bbox 1321 2407 1445 2490; x_wconf 88' lang='lat' dir='ltr'>pridem</span> <span class='ocrx_word' id='word_1_94' title='bbox 1471 2407 1592 2490; x_wconf 81' lang='lat' dir='ltr'>juratus</span> <span class='ocrx_word' id='word_1_95' title='bbox 1607 2426 1689 2468; x_wconf 90' lang='lat' dir='ltr'>con·</span> 
     </span>
     <span class='ocr_line' id='line_1_16' title="bbox 424 2514 1690 2596; baseline -0.001 -22"><span class='ocrx_word' id='word_1_96' title='bbox 424 2514 567 2595; x_wconf 80' lang='lat' dir='ltr'>civisque</span> <span class='ocrx_word' id='word_1_97' title='bbox 591 2528 710 2592; x_wconf 85' lang='lat' dir='ltr'>noster,</span> <span class='ocrx_word' id='word_1_98' title='bbox 733 2514 820 2576; x_wconf 88' lang='lat' dir='ltr'>solus</span> <span class='ocrx_word' id='word_1_99' title='bbox 844 2515 895 2575; x_wconf 91' lang='lat' dir='ltr'>vel</span> <span class='ocrx_word' id='word_1_100' title='bbox 920 2514 1055 2596; x_wconf 80' lang='lat' dir='ltr'>ipsemet</span> <span class='ocrx_word' id='word_1_101' title='bbox 1074 2514 1206 2596; x_wconf 92' lang='lat' dir='ltr'>proprio</span> <span class='ocrx_word' id='word_1_102' title='bbox 1230 2533 1289 2576; x_wconf 89' lang='lat' dir='ltr'>suo</span> <span class='ocrx_word' id='word_1_103' title='bbox 1313 2532 1368 2575; x_wconf 89' lang='lat' dir='ltr'>ore</span> <span class='ocrx_word' id='word_1_104' title='bbox 1385 2527 1416 2576; x_wconf 91' lang='lat' dir='ltr'>et</span> <span class='ocrx_word' id='word_1_105' title='bbox 1439 2514 1523 2574; x_wconf 89' lang='lat' dir='ltr'>bona</span> <span class='ocrx_word' id='word_1_106' title='bbox 1548 2531 1603 2574; x_wconf 86' lang='lat' dir='ltr'>sua</span> <span class='ocrx_word' id='word_1_107' title='bbox 1628 2532 1690 2573; x_wconf 91' lang='lat' dir='ltr'>vo·</span> 
     </span>
     <span class='ocr_line' id='line_1_17' title="bbox 427 2617 1690 2706; baseline 0 -26"><span class='ocrx_word' id='word_1_108' title='bbox 427 2621 549 2682; x_wconf 88' lang='lat' dir='ltr'>luntate</span> <span class='ocrx_word' id='word_1_109' title='bbox 574 2639 680 2682; x_wconf 88' lang='lat' dir='ltr'>coram</span> <span class='ocrx_word' id='word_1_110' title='bbox 698 2619 804 2706; x_wconf 65' lang='lat' dir='ltr'>jtgiice</span> <span class='ocrx_word' id='word_1_111' title='bbox 828 2633 859 2681; x_wconf 94' lang='lat' dir='ltr'>et</span> <span class='ocrx_word' id='word_1_112' title='bbox 875 2620 984 2701; x_wconf 87' lang='lat' dir='ltr'>juratis</span> <span class='ocrx_word' id='word_1_113' title='bbox 1001 2639 1037 2682; x_wconf 91' lang='lat' dir='ltr'>ac</span> <span class='ocrx_word' id='word_1_114' title='bbox 1053 2634 1118 2681; x_wconf 88' lang='lat' dir='ltr'>tota</span> <span class='ocrx_word' id='word_1_115' title='bbox 1136 2620 1367 2682; x_wconf 84' lang='lat' dir='ltr'>communitate</span> <span class='ocrx_word' id='word_1_116' title='bbox 1389 2620 1420 2682; x_wconf 94' lang='lat' dir='ltr'>in</span> <span class='ocrx_word' id='word_1_117' title='bbox 1438 2617 1558 2700; x_wconf 88' lang='lat' dir='ltr'>judicio</span> <span class='ocrx_word' id='word_1_118' title='bbox 1574 2631 1690 2680; x_wconf 87' lang='lat' dir='ltr'>nostro</span> 
     </span>
     <span class='ocr_line' id='line_1_18' title="bbox 426 2725 1692 2808; baseline 0 -20"><span class='ocrx_word' id='word_1_119' title='bbox 426 2727 592 2788; x_wconf 90' lang='lat' dir='ltr'>communi</span> <span class='ocrx_word' id='word_1_120' title='bbox 617 2740 648 2788; x_wconf 87' lang='lat' dir='ltr'>et</span> <span class='ocrx_word' id='word_1_121' title='bbox 671 2727 816 2808; x_wconf 87' lang='lat' dir='ltr'>generali</span> <span class='ocrx_word' id='word_1_122' title='bbox 842 2726 1006 2788; x_wconf 83' lang='lat' dir='ltr'>confessus</span> <span class='ocrx_word' id='word_1_123' title='bbox 1030 2739 1077 2788; x_wconf 86' lang='lat' dir='ltr'>est</span> <span class='ocrx_word' id='word_1_124' title='bbox 1100 2745 1139 2789; x_wconf 90' lang='lat' dir='ltr'>eo</span> <span class='ocrx_word' id='word_1_125' title='bbox 1162 2725 1273 2806; x_wconf 90' lang='lat' dir='ltr'>modo,</span> <span class='ocrx_word' id='word_1_126' title='bbox 1297 2741 1332 2788; x_wconf 90' lang='lat' dir='ltr'>ut</span> <span class='ocrx_word' id='word_1_127' title='bbox 1354 2727 1554 2808; x_wconf 85' lang='lat' dir='ltr'>Augustinus</span> <span class='ocrx_word' id='word_1_128' title='bbox 1577 2726 1692 2788; x_wconf 88' lang='lat' dir='ltr'>Kusne</span> 
     </span>
     <span class='ocr_line' id='line_1_19' title="bbox 424 2831 1690 2914; baseline -0.002 -20"><span class='ocrx_word' id='word_1_129' title='bbox 424 2831 529 2894; x_wconf 88' lang='lat' dir='ltr'>dictus</span> <span class='ocrx_word' id='word_1_130' title='bbox 554 2831 639 2894; x_wconf 86' lang='lat' dir='ltr'>filius</span> <span class='ocrx_word' id='word_1_131' title='bbox 663 2833 753 2894; x_wconf 88' lang='lat' dir='ltr'>Pauli</span> <span class='ocrx_word' id='word_1_132' title='bbox 779 2832 903 2913; x_wconf 89' lang='lat' dir='ltr'>pridem</span> <span class='ocrx_word' id='word_1_133' title='bbox 927 2831 1048 2914; x_wconf 87' lang='lat' dir='ltr'>juratus</span> <span class='ocrx_word' id='word_1_134' title='bbox 1076 2832 1281 2914; x_wconf 89' lang='lat' dir='ltr'>concivisque</span> <span class='ocrx_word' id='word_1_135' title='bbox 1304 2847 1422 2911; x_wconf 87' lang='lat' dir='ltr'>noster,</span> <span class='ocrx_word' id='word_1_136' title='bbox 1447 2832 1478 2894; x_wconf 92' lang='lat' dir='ltr'>in</span> <span class='ocrx_word' id='word_1_137' title='bbox 1504 2831 1586 2893; x_wconf 86' lang='lat' dir='ltr'>facto</span> <span class='ocrx_word' id='word_1_138' title='bbox 1614 2851 1690 2913; x_wconf 91' lang='lat' dir='ltr'>per·</span> 
     </span>
     <span class='ocr_line' id='line_1_20' title="bbox 425 2937 1688 3021; baseline -0.002 -22"><span class='ocrx_word' id='word_1_139' title='bbox 425 2939 580 3000; x_wconf 83' lang='lat' dir='ltr'>sussionis</span> <span class='ocrx_word' id='word_1_140' title='bbox 604 2953 636 3001; x_wconf 87' lang='lat' dir='ltr'>et</span> <span class='ocrx_word' id='word_1_141' title='bbox 659 2939 920 3021; x_wconf 89' lang='lat' dir='ltr'>interempcionis</span> <span class='ocrx_word' id='word_1_142' title='bbox 936 2937 1102 3000; x_wconf 88' lang='lat' dir='ltr'>cuiusdam</span> <span class='ocrx_word' id='word_1_143' title='bbox 1122 2938 1284 3001; x_wconf 84' lang='lat' dir='ltr'>servitoris</span> <span class='ocrx_word' id='word_1_144' title='bbox 1300 2937 1348 3001; x_wconf 87' lang='lat' dir='ltr'>sui</span> <span class='ocrx_word' id='word_1_145' title='bbox 1374 2937 1459 3000; x_wconf 85' lang='lat' dir='ltr'>lwan</span> <span class='ocrx_word' id='word_1_146' title='bbox 1476 2937 1590 3015; x_wconf 85' lang='lat' dir='ltr'>vocati,</span> <span class='ocrx_word' id='word_1_147' title='bbox 1607 2955 1688 2998; x_wconf 88' lang='lat' dir='ltr'>cou-</span> 
     </span>
     <span class='ocr_line' id='line_1_21' title="bbox 427 3043 1688 3126; baseline 0.001 -22"><span class='ocrx_word' id='word_1_148' title='bbox 427 3043 603 3123; x_wconf 87' lang='lat' dir='ltr'>sangwinei</span> <span class='ocrx_word' id='word_1_149' title='bbox 636 3043 734 3125; x_wconf 90' lang='lat' dir='ltr'>ipsius</span> <span class='ocrx_word' id='word_1_150' title='bbox 766 3043 918 3126; x_wconf 81' lang='lat' dir='ltr'>Stephani</span> <span class='ocrx_word' id='word_1_151' title='bbox 951 3043 1055 3123; x_wconf 85' lang='lat' dir='ltr'>jurati,</span> <span class='ocrx_word' id='word_1_152' title='bbox 1086 3045 1142 3126; x_wconf 94' lang='lat' dir='ltr'>qui</span> <span class='ocrx_word' id='word_1_153' title='bbox 1167 3044 1245 3106; x_wconf 89' lang='lat' dir='ltr'>alias</span> <span class='ocrx_word' id='word_1_154' title='bbox 1277 3044 1336 3126; x_wconf 90' lang='lat' dir='ltr'>ipsi</span> <span class='ocrx_word' id='word_1_155' title='bbox 1360 3043 1542 3124; x_wconf 83' lang='lat' dir='ltr'>Augustino</span> <span class='ocrx_word' id='word_1_156' title='bbox 1573 3043 1688 3105; x_wconf 86' lang='lat' dir='ltr'>Kusne</span> 
     </span>
     <span class='ocr_line' id='line_1_22' title="bbox 422 3149 1688 3233; baseline 0.001 -24"><span class='ocrx_word' id='word_1_157' title='bbox 422 3150 564 3228; x_wconf 85' lang='lat' dir='ltr'>servivit,</span> <span class='ocrx_word' id='word_1_158' title='bbox 588 3149 676 3232; x_wconf 93' lang='lat' dir='ltr'>quod</span> <span class='ocrx_word' id='word_1_159' title='bbox 701 3149 822 3212; x_wconf 87' lang='lat' dir='ltr'>scilicet</span> <span class='ocrx_word' id='word_1_160' title='bbox 845 3149 963 3212; x_wconf 88' lang='lat' dir='ltr'>lactum</span> <span class='ocrx_word' id='word_1_161' title='bbox 991 3151 1206 3233; x_wconf 86' lang='lat' dir='ltr'>percussionis</span> <span class='ocrx_word' id='word_1_162' title='bbox 1236 3163 1268 3212; x_wconf 92' lang='lat' dir='ltr'>et</span> <span class='ocrx_word' id='word_1_163' title='bbox 1299 3149 1561 3232; x_wconf 90' lang='lat' dir='ltr'>interempcionis</span> <span class='ocrx_word' id='word_1_164' title='bbox 1584 3149 1688 3231; x_wconf 90' lang='lat' dir='ltr'>ipsius</span> 
     </span>
     <span class='ocr_line' id='line_1_23' title="bbox 421 3255 1686 3340; baseline 0.001 -24"><span class='ocrx_word' id='word_1_165' title='bbox 421 3255 505 3317; x_wconf 86' lang='lat' dir='ltr'>lwan</span> <span class='ocrx_word' id='word_1_166' title='bbox 531 3270 639 3318; x_wconf 91' lang='lat' dir='ltr'>contra</span> <span class='ocrx_word' id='word_1_167' title='bbox 665 3257 769 3339; x_wconf 89' lang='lat' dir='ltr'>ipsum</span> <span class='ocrx_word' id='word_1_168' title='bbox 794 3257 1010 3337; x_wconf 89' lang='lat' dir='ltr'>Augustinum</span> <span class='ocrx_word' id='word_1_169' title='bbox 1029 3256 1139 3318; x_wconf 89' lang='lat' dir='ltr'>Kusne</span> <span class='ocrx_word' id='word_1_170' title='bbox 1163 3259 1285 3338; x_wconf 84' lang='lat' dir='ltr'>absque</span> <span class='ocrx_word' id='word_1_171' title='bbox 1308 3257 1399 3318; x_wconf 88' lang='lat' dir='ltr'>omni</span> <span class='ocrx_word' id='word_1_172' title='bbox 1417 3255 1510 3340; x_wconf 89' lang='lat' dir='ltr'>culpa</span> <span class='ocrx_word' id='word_1_173' title='bbox 1534 3275 1590 3316; x_wconf 88' lang='lat' dir='ltr'>sua</span> <span class='ocrx_word' id='word_1_174' title='bbox 1607 3275 1686 3337; x_wconf 90' lang='lat' dir='ltr'>pro·</span> 
     </span>
     <span class='ocr_line' id='line_1_24' title="bbox 420 3361 1682 3444; baseline 0 -22"><span class='ocrx_word' id='word_1_175' title='bbox 420 3364 570 3443; x_wconf 88' lang='lat' dir='ltr'>ponebat,</span> <span class='ocrx_word' id='word_1_176' title='bbox 597 3375 644 3424; x_wconf 87' lang='lat' dir='ltr'>est</span> <span class='ocrx_word' id='word_1_177' title='bbox 677 3362 812 3424; x_wconf 88' lang='lat' dir='ltr'>omnino</span> <span class='ocrx_word' id='word_1_178' title='bbox 844 3363 998 3424; x_wconf 90' lang='lat' dir='ltr'>innocens</span> <span class='ocrx_word' id='word_1_179' title='bbox 1026 3375 1057 3424; x_wconf 94' lang='lat' dir='ltr'>et</span> <span class='ocrx_word' id='word_1_180' title='bbox 1088 3363 1247 3440; x_wconf 85' lang='lat' dir='ltr'>innoxius,</span> <span class='ocrx_word' id='word_1_181' title='bbox 1271 3376 1302 3424; x_wconf 92' lang='lat' dir='ltr'>et</span> <span class='ocrx_word' id='word_1_182' title='bbox 1333 3362 1438 3444; x_wconf 88' lang='lat' dir='ltr'>ipsum</span> <span class='ocrx_word' id='word_1_183' title='bbox 1462 3361 1682 3444; x_wconf 81' lang='lat' dir='ltr'>Augustinum</span> 
     </span>
     <span class='ocr_line' id='line_1_25' title="bbox 420 3466 1682 3551; baseline 0 -23"><span class='ocrx_word' id='word_1_184' title='bbox 420 3468 529 3529; x_wconf 87' lang='lat' dir='ltr'>Kusne</span> <span class='ocrx_word' id='word_1_185' title='bbox 554 3468 585 3529; x_wconf 93' lang='lat' dir='ltr'>in</span> <span class='ocrx_word' id='word_1_186' title='bbox 610 3467 725 3530; x_wconf 90' lang='lat' dir='ltr'>eodem</span> <span class='ocrx_word' id='word_1_187' title='bbox 751 3467 835 3530; x_wconf 85' lang='lat' dir='ltr'>lacto</span> <span class='ocrx_word' id='word_1_188' title='bbox 853 3468 1067 3549; x_wconf 89' lang='lat' dir='ltr'>percussionis</span> <span class='ocrx_word' id='word_1_189' title='bbox 1090 3481 1120 3530; x_wconf 92' lang='lat' dir='ltr'>et</span> <span class='ocrx_word' id='word_1_190' title='bbox 1137 3467 1398 3551; x_wconf 86' lang='lat' dir='ltr'>interempcionis</span> <span class='ocrx_word' id='word_1_191' title='bbox 1422 3467 1564 3529; x_wconf 89' lang='lat' dir='ltr'>eiusdem</span> <span class='ocrx_word' id='word_1_192' title='bbox 1582 3466 1682 3545; x_wconf 80' lang='lat' dir='ltr'>lacau,</span> 
     </span>
     <span class='ocr_line' id='line_1_26' title="bbox 418 3574 1678 3658; baseline -0.002 -23"><span class='ocrx_word' id='word_1_193' title='bbox 418 3575 492 3656; x_wconf 91' lang='lat' dir='ltr'>quia</span> <span class='ocrx_word' id='word_1_194' title='bbox 525 3575 610 3636; x_wconf 91' lang='lat' dir='ltr'>idem</span> <span class='ocrx_word' id='word_1_195' title='bbox 643 3574 727 3636; x_wconf 83' lang='lat' dir='ltr'>lwan</span> <span class='ocrx_word' id='word_1_196' title='bbox 759 3575 846 3636; x_wconf 88' lang='lat' dir='ltr'>solus</span> <span class='ocrx_word' id='word_1_197' title='bbox 876 3575 1087 3658; x_wconf 86' lang='lat' dir='ltr'>personaliter</span> <span class='ocrx_word' id='word_1_198' title='bbox 1116 3574 1214 3637; x_wconf 92' lang='lat' dir='ltr'>hodie</span> <span class='ocrx_word' id='word_1_199' title='bbox 1237 3594 1333 3636; x_wconf 88' lang='lat' dir='ltr'>sanus</span> <span class='ocrx_word' id='word_1_200' title='bbox 1364 3574 1543 3656; x_wconf 88' lang='lat' dir='ltr'>comparuit</span> <span class='ocrx_word' id='word_1_201' title='bbox 1567 3592 1678 3634; x_wconf 87' lang='lat' dir='ltr'>coram</span> 
     </span>
     <span class='ocr_line' id='line_1_27' title="bbox 421 3679 1685 3764; baseline 0.001 -24"><span class='ocrx_word' id='word_1_202' title='bbox 421 3681 526 3758; x_wconf 88' lang='lat' dir='ltr'>nobis,</span> <span class='ocrx_word' id='word_1_203' title='bbox 557 3680 642 3742; x_wconf 87' lang='lat' dir='ltr'>idern</span> <span class='ocrx_word' id='word_1_204' title='bbox 677 3679 857 3762; x_wconf 87' lang='lat' dir='ltr'>Stephanus</span> <span class='ocrx_word' id='word_1_205' title='bbox 884 3695 973 3743; x_wconf 87' lang='lat' dir='ltr'>sutor</span> <span class='ocrx_word' id='word_1_206' title='bbox 1001 3681 1122 3764; x_wconf 84' lang='lat' dir='ltr'>juratus</span> <span class='ocrx_word' id='word_1_207' title='bbox 1164 3701 1304 3744; x_wconf 90' lang='lat' dir='ltr'>unacum</span> <span class='ocrx_word' id='word_1_208' title='bbox 1332 3679 1447 3742; x_wconf 86' lang='lat' dir='ltr'>eodem</span> <span class='ocrx_word' id='word_1_209' title='bbox 1472 3680 1556 3742; x_wconf 86' lang='lat' dir='ltr'>lwan</span> <span class='ocrx_word' id='word_1_210' title='bbox 1580 3699 1617 3740; x_wconf 89' lang='lat' dir='ltr'>ex</span> <span class='ocrx_word' id='word_1_211' title='bbox 1641 3699 1685 3741; x_wconf 91' lang='lat' dir='ltr'>eo</span> 
     </span>
     <span class='ocr_line' id='line_1_28' title="bbox 420 3785 1683 3870; baseline 0 -24"><span class='ocrx_word' id='word_1_212' title='bbox 420 3786 627 3848; x_wconf 91' lang='lat' dir='ltr'>reddiderunt</span> <span class='ocrx_word' id='word_1_213' title='bbox 651 3787 834 3870; x_wconf 88' lang='lat' dir='ltr'>expeditum</span> <span class='ocrx_word' id='word_1_214' title='bbox 853 3786 936 3850; x_wconf 88' lang='lat' dir='ltr'>lacto</span> <span class='ocrx_word' id='word_1_215' title='bbox 953 3788 985 3849; x_wconf 93' lang='lat' dir='ltr'>in</span> <span class='ocrx_word' id='word_1_216' title='bbox 1010 3789 1165 3870; x_wconf 89' lang='lat' dir='ltr'>premisso</span> <span class='ocrx_word' id='word_1_217' title='bbox 1182 3801 1347 3870; x_wconf 87' lang='lat' dir='ltr'>tamquam</span> <span class='ocrx_word' id='word_1_218' title='bbox 1371 3786 1491 3868; x_wconf 81' lang='lat' dir='ltr'>justum</span> <span class='ocrx_word' id='word_1_219' title='bbox 1514 3785 1683 3848; x_wconf 88' lang='lat' dir='ltr'>hominem</span> 
     </span>
     <span class='ocr_line' id='line_1_29' title="bbox 418 3892 690 3955; baseline 0.015 -4"><span class='ocrx_word' id='word_1_220' title='bbox 418 3905 449 3952; x_wconf 87' lang='lat' dir='ltr'>et</span> <span class='ocrx_word' id='word_1_221' title='bbox 473 3892 690 3955; x_wconf 88' lang='lat' dir='ltr'>innocentem.</span> 
     </span>
    </p>

    <p class='ocr_par' dir='ltr' id='par_1_9' title="bbox 417 3997 1683 4612">
     <span class='ocr_line' id='line_1_30' title="bbox 525 3997 1682 4081; baseline -0.001 -22"><span class='ocrx_word' id='word_1_222' title='bbox 525 3998 601 4060; x_wconf 89' lang='lat' dir='ltr'>ltem</span> <span class='ocrx_word' id='word_1_223' title='bbox 632 3999 715 4060; x_wconf 90' lang='lat' dir='ltr'>lwan</span> <span class='ocrx_word' id='word_1_224' title='bbox 741 4019 869 4061; x_wconf 88' lang='lat' dir='ltr'>causam</span> <span class='ocrx_word' id='word_1_225' title='bbox 888 3999 1016 4081; x_wconf 89' lang='lat' dir='ltr'>Mathye</span> <span class='ocrx_word' id='word_1_226' title='bbox 1032 3999 1142 4080; x_wconf 87' lang='lat' dir='ltr'>generi</span> <span class='ocrx_word' id='word_1_227' title='bbox 1160 3999 1302 4080; x_wconf 84' lang='lat' dir='ltr'>magistri</span> <span class='ocrx_word' id='word_1_228' title='bbox 1321 3997 1475 4080; x_wconf 87' lang='lat' dir='ltr'>Stephani</span> <span class='ocrx_word' id='word_1_229' title='bbox 1500 3997 1682 4080; x_wconf 84' lang='lat' dir='ltr'>Rakarych,</span> 
     </span>
     <span class='ocr_line' id='line_1_31' title="bbox 419 4104 1679 4186; baseline 0 -22"><span class='ocrx_word' id='word_1_230' title='bbox 419 4104 499 4166; x_wconf 92' lang='lat' dir='ltr'>inter</span> <span class='ocrx_word' id='word_1_231' title='bbox 531 4105 669 4166; x_wconf 89' lang='lat' dir='ltr'>eundem</span> <span class='ocrx_word' id='word_1_232' title='bbox 704 4104 868 4186; x_wconf 85' lang='lat' dir='ltr'>Mathyem</span> <span class='ocrx_word' id='word_1_233' title='bbox 897 4105 1054 4167; x_wconf 89' lang='lat' dir='ltr'>Rakarich</span> <span class='ocrx_word' id='word_1_234' title='bbox 1087 4120 1121 4168; x_wconf 93' lang='lat' dir='ltr'>ut</span> <span class='ocrx_word' id='word_1_235' title='bbox 1152 4119 1293 4168; x_wconf 88' lang='lat' dir='ltr'>actorem</span> <span class='ocrx_word' id='word_1_236' title='bbox 1329 4117 1360 4167; x_wconf 92' lang='lat' dir='ltr'>et</span> <span class='ocrx_word' id='word_1_237' title='bbox 1391 4105 1473 4168; x_wconf 91' lang='lat' dir='ltr'>inter</span> <span class='ocrx_word' id='word_1_238' title='bbox 1499 4104 1679 4186; x_wconf 89' lang='lat' dir='ltr'>Elyzabeth</span> 
     </span>
     <span class='ocr_line' id='line_1_32' title="bbox 418 4210 1682 4292; baseline -0.001 -20"><span class='ocrx_word' id='word_1_239' title='bbox 418 4212 560 4273; x_wconf 87' lang='lat' dir='ltr'>relictam</span> <span class='ocrx_word' id='word_1_240' title='bbox 580 4225 612 4274; x_wconf 88' lang='lat' dir='ltr'>et</span> <span class='ocrx_word' id='word_1_241' title='bbox 636 4210 828 4292; x_wconf 91' lang='lat' dir='ltr'>Gregorium</span> <span class='ocrx_word' id='word_1_242' title='bbox 848 4211 948 4274; x_wconf 90' lang='lat' dir='ltr'>filium</span> <span class='ocrx_word' id='word_1_243' title='bbox 972 4213 1107 4274; x_wconf 87' lang='lat' dir='ltr'>condam</span> <span class='ocrx_word' id='word_1_244' title='bbox 1126 4211 1253 4274; x_wconf 80' lang='lat' dir='ltr'>Andree</span> <span class='ocrx_word' id='word_1_245' title='bbox 1278 4211 1429 4272; x_wconf 86' lang='lat' dir='ltr'>chchar</span> <span class='ocrx_word' id='word_1_246' title='bbox 1453 4223 1488 4272; x_wconf 89' lang='lat' dir='ltr'>ut</span> <span class='ocrx_word' id='word_1_247' title='bbox 1504 4211 1535 4272; x_wconf 94' lang='lat' dir='ltr'>in</span> <span class='ocrx_word' id='word_1_248' title='bbox 1552 4229 1682 4272; x_wconf 87' lang='lat' dir='ltr'>causam</span> 
     </span>
     <span class='ocr_line' id='line_1_33' title="bbox 419 4316 1683 4400; baseline -0.001 -21"><span class='ocrx_word' id='word_1_249' title='bbox 419 4332 586 4398; x_wconf 85' lang='lat' dir='ltr'>attractos,</span> <span class='ocrx_word' id='word_1_250' title='bbox 612 4318 653 4379; x_wconf 89' lang='lat' dir='ltr'>ad</span> <span class='ocrx_word' id='word_1_251' title='bbox 678 4319 818 4400; x_wconf 89' lang='lat' dir='ltr'>primum</span> <span class='ocrx_word' id='word_1_252' title='bbox 851 4318 1005 4398; x_wconf 82' lang='lat' dir='ltr'>judicium</span> <span class='ocrx_word' id='word_1_253' title='bbox 1031 4333 1102 4400; x_wconf 87' lang='lat' dir='ltr'>post</span> <span class='ocrx_word' id='word_1_254' title='bbox 1130 4316 1246 4380; x_wconf 88' lang='lat' dir='ltr'>festum</span> <span class='ocrx_word' id='word_1_255' title='bbox 1271 4317 1523 4400; x_wconf 87' lang='lat' dir='ltr'>Epiphaniarum</span> <span class='ocrx_word' id='word_1_256' title='bbox 1548 4317 1683 4378; x_wconf 85' lang='lat' dir='ltr'>Domini</span> 
     </span>
     <span class='ocr_line' id='line_1_34' title="bbox 417 4423 1681 4507; baseline -0.001 -22"><span class='ocrx_word' id='word_1_257' title='bbox 417 4425 560 4506; x_wconf 85' lang='lat' dir='ltr'>proxime</span> <span class='ocrx_word' id='word_1_258' title='bbox 593 4423 784 4503; x_wconf 86' lang='lat' dir='ltr'>affuturum,</span> <span class='ocrx_word' id='word_1_259' title='bbox 816 4425 961 4507; x_wconf 83' lang='lat' dir='ltr'>proxime</span> <span class='ocrx_word' id='word_1_260' title='bbox 992 4445 1171 4504; x_wconf 86' lang='lat' dir='ltr'>occurrens,</span> <span class='ocrx_word' id='word_1_261' title='bbox 1204 4443 1262 4506; x_wconf 92' lang='lat' dir='ltr'>pro</span> <span class='ocrx_word' id='word_1_262' title='bbox 1295 4423 1421 4486; x_wconf 85' lang='lat' dir='ltr'>meliori</span> <span class='ocrx_word' id='word_1_263' title='bbox 1454 4423 1553 4506; x_wconf 90' lang='lat' dir='ltr'>ipsius</span> <span class='ocrx_word' id='word_1_264' title='bbox 1585 4442 1681 4485; x_wconf 89' lang='lat' dir='ltr'>cause</span> 
     </span>
     <span class='ocr_line' id='line_1_35' title="bbox 417 4531 902 4612; baseline 0.006 -21"><span class='ocrx_word' id='word_1_265' title='bbox 417 4531 654 4593; x_wconf 88' lang='lat' dir='ltr'>deliberacione</span> <span class='ocrx_word' id='word_1_266' title='bbox 679 4543 902 4612; x_wconf 85' lang='lat' dir='ltr'>prorogarunt.</span> 
     </span>
    </p>

    <p class='ocr_par' dir='ltr' id='par_1_10' title="bbox 417 4634 1683 5144">
     <span class='ocr_line' id='line_1_36' title="bbox 523 4634 1683 4718; baseline 0 -20"><span class='ocrx_word' id='word_1_267' title='bbox 523 4636 601 4698; x_wconf 89' lang='lat' dir='ltr'>ltem</span> <span class='ocrx_word' id='word_1_268' title='bbox 625 4637 718 4718; x_wconf 90' lang='lat' dir='ltr'>jurati</span> <span class='ocrx_word' id='word_1_269' title='bbox 743 4657 870 4698; x_wconf 88' lang='lat' dir='ltr'>causam</span> <span class='ocrx_word' id='word_1_270' title='bbox 894 4637 1055 4698; x_wconf 90' lang='lat' dir='ltr'>Valentini</span> <span class='ocrx_word' id='word_1_271' title='bbox 1083 4635 1176 4717; x_wconf 85' lang='lat' dir='ltr'>jurati</span> <span class='ocrx_word' id='word_1_272' title='bbox 1208 4634 1265 4696; x_wconf 88' lang='lat' dir='ltr'>filii</span> <span class='ocrx_word' id='word_1_273' title='bbox 1291 4635 1355 4697; x_wconf 86' lang='lat' dir='ltr'>lwlr</span> <span class='ocrx_word' id='word_1_274' title='bbox 1380 4648 1415 4696; x_wconf 93' lang='lat' dir='ltr'>ut</span> <span class='ocrx_word' id='word_1_275' title='bbox 1445 4635 1571 4716; x_wconf 85' lang='lat' dir='ltr'>actoris,</span> <span class='ocrx_word' id='word_1_276' title='bbox 1595 4636 1683 4698; x_wconf 90' lang='lat' dir='ltr'>inter</span> 
     </span>
     <span class='ocr_line' id='line_1_37' title="bbox 420 4741 1682 4824; baseline 0.001 -21"><span class='ocrx_word' id='word_1_277' title='bbox 420 4743 525 4824; x_wconf 91' lang='lat' dir='ltr'>ipsum</span> <span class='ocrx_word' id='word_1_278' title='bbox 550 4757 581 4804; x_wconf 92' lang='lat' dir='ltr'>et</span> <span class='ocrx_word' id='word_1_279' title='bbox 605 4744 687 4804; x_wconf 91' lang='lat' dir='ltr'>inter</span> <span class='ocrx_word' id='word_1_280' title='bbox 703 4743 844 4804; x_wconf 74' lang='lat' dir='ltr'>Blasioni</span> <span class='ocrx_word' id='word_1_281' title='bbox 862 4757 1015 4804; x_wconf 89' lang='lat' dir='ltr'>sartorem</span> <span class='ocrx_word' id='word_1_282' title='bbox 1033 4741 1135 4804; x_wconf 86' lang='lat' dir='ltr'>filiurn</span> <span class='ocrx_word' id='word_1_283' title='bbox 1153 4741 1282 4803; x_wconf 84' lang='lat' dir='ltr'>Thome</span> <span class='ocrx_word' id='word_1_284' title='bbox 1311 4755 1346 4802; x_wconf 94' lang='lat' dir='ltr'>ut</span> <span class='ocrx_word' id='word_1_285' title='bbox 1362 4741 1394 4802; x_wconf 92' lang='lat' dir='ltr'>in</span> <span class='ocrx_word' id='word_1_286' title='bbox 1419 4761 1546 4804; x_wconf 87' lang='lat' dir='ltr'>causam</span> <span class='ocrx_word' id='word_1_287' title='bbox 1567 4754 1682 4804; x_wconf 87' lang='lat' dir='ltr'>attrac-</span> 
     </span>
     <span class='ocr_line' id='line_1_38' title="bbox 417 4847 1683 4932; baseline -0.001 -22"><span class='ocrx_word' id='word_1_288' title='bbox 417 4864 496 4926; x_wconf 85' lang='lat' dir='ltr'>tum,</span> <span class='ocrx_word' id='word_1_289' title='bbox 521 4869 628 4910; x_wconf 89' lang='lat' dir='ltr'>coram</span> <span class='ocrx_word' id='word_1_290' title='bbox 654 4850 748 4910; x_wconf 92' lang='lat' dir='ltr'>nobis</span> <span class='ocrx_word' id='word_1_291' title='bbox 771 4866 902 4929; x_wconf 81' lang='lat' dir='ltr'>motam,</span> <span class='ocrx_word' id='word_1_292' title='bbox 934 4851 973 4910; x_wconf 90' lang='lat' dir='ltr'>ad</span> <span class='ocrx_word' id='word_1_293' title='bbox 1008 4850 1146 4932; x_wconf 88' lang='lat' dir='ltr'>primum</span> <span class='ocrx_word' id='word_1_294' title='bbox 1179 4847 1333 4930; x_wconf 90' lang='lat' dir='ltr'>judicium</span> <span class='ocrx_word' id='word_1_295' title='bbox 1366 4863 1437 4930; x_wconf 88' lang='lat' dir='ltr'>post</span> <span class='ocrx_word' id='word_1_296' title='bbox 1462 4848 1576 4910; x_wconf 86' lang='lat' dir='ltr'>festum</span> <span class='ocrx_word' id='word_1_297' title='bbox 1602 4849 1683 4930; x_wconf 87' lang='lat' dir='ltr'>Epi-</span> 
     </span>
     <span class='ocr_line' id='line_1_39' title="bbox 420 4954 1682 5037; baseline 0.001 -21"><span class='ocrx_word' id='word_1_298' title='bbox 420 4957 608 5037; x_wconf 87' lang='lat' dir='ltr'>phaniarum</span> <span class='ocrx_word' id='word_1_299' title='bbox 637 4956 766 5016; x_wconf 88' lang='lat' dir='ltr'>Domini</span> <span class='ocrx_word' id='word_1_300' title='bbox 793 4957 936 5036; x_wconf 87' lang='lat' dir='ltr'>proxime</span> <span class='ocrx_word' id='word_1_301' title='bbox 962 4977 1046 5017; x_wconf 88' lang='lat' dir='ltr'>nunc</span> <span class='ocrx_word' id='word_1_302' title='bbox 1063 4955 1246 5031; x_wconf 82' lang='lat' dir='ltr'>affuturum,</span> <span class='ocrx_word' id='word_1_303' title='bbox 1264 4973 1444 5034; x_wconf 87' lang='lat' dir='ltr'>occurrens,</span> <span class='ocrx_word' id='word_1_304' title='bbox 1469 4974 1526 5035; x_wconf 91' lang='lat' dir='ltr'>pro</span> <span class='ocrx_word' id='word_1_305' title='bbox 1551 4954 1682 5017; x_wconf 91' lang='lat' dir='ltr'>meliori</span> 
     </span>
     <span class='ocr_line' id='line_1_40' title="bbox 418 5061 1141 5144; baseline -0.003 -20"><span class='ocrx_word' id='word_1_306' title='bbox 418 5063 516 5144; x_wconf 87' lang='lat' dir='ltr'>ipsius</span> <span class='ocrx_word' id='word_1_307' title='bbox 540 5082 633 5123; x_wconf 88' lang='lat' dir='ltr'>cause</span> <span class='ocrx_word' id='word_1_308' title='bbox 659 5061 894 5122; x_wconf 88' lang='lat' dir='ltr'>deliberacione</span> <span class='ocrx_word' id='word_1_309' title='bbox 919 5076 1141 5144; x_wconf 89' lang='lat' dir='ltr'>prorogarunt.</span> 
     </span>
    </p>
   </div>
   <div class='ocr_carea' id='block_1_7' title="bbox 0 0 1942 5798">
    <p class='ocr_par' dir='ltr' id='par_1_11' title="bbox 0 0 1942 5798">
     <span class='ocr_line' id='line_1_41' title="bbox 0 0 1942 5798; baseline 0 6"><span class='ocrx_word' id='word_1_310' title='bbox 0 0 1942 5798; x_wconf 95' lang='lat' dir='ltr'> </span> 
     </span>
    </p>
   </div>
  </div>
 </body>
</html>
