3734 5796
614 553 816 630 Anno1440.
844 585 882 594 -
907 567 936 612 2.
961 553 1119 612 decembris.

347 763 425 824 Item
452 763 527 844 quia
556 761 757 845 Margaretba
789 761 898 824 relicta
934 761 1102 824 Laurencii
1127 763 1256 824 sartoris
1288 776 1319 824 et
1343 761 1506 824 lohannes

242 867 327 931 filius
351 869 516 952 Stephani,
541 869 689 931 concives
713 869 823 948 nostri,
848 868 880 930 id
905 888 978 930 cum
1010 867 1181 930 sufficienti
1207 882 1237 932 et
1259 868 1424 950 fidedigno
1449 889 1505 930 no·

238 989 376 1038 atrorum
402 975 583 1038 concivium
607 975 793 1037 testimonio
818 975 849 1036 in
874 975 949 1036 sede
975 989 1082 1037 nostra
1107 974 1286 1057 judiciaria.
1298 975 1382 1036 clare
1415 994 1504 1036 com·

239 1083 415 1160 probarunt
438 1102 546 1144 coram
569 1082 673 1160 nobis,
698 1094 733 1144 ut
757 1081 833 1142 dum
867 1079 1007 1163 prefatus
1039 1081 1235 1142 Laurencius
1259 1095 1359 1143 sartor
1388 1081 1421 1142 in
1454 1101 1506 1142 ex·

240 1188 349 1250 tremis
372 1188 436 1250 vite
460 1207 516 1250 sue
533 1188 719 1270 temporalis
735 1187 921 1266 laborasset,
941 1199 1018 1248 tunc
1035 1187 1102 1269 ipse
1120 1187 1326 1249 medietatem
1342 1187 1506 1269 porcionis

240 1293 356 1356 domus
378 1315 434 1357 sue
459 1307 582 1357 mutate
605 1308 636 1356 et
667 1292 757 1356 fundi
783 1315 819 1356 ac
850 1294 971 1356 cellarii
1001 1307 1032 1355 et
1062 1293 1298 1372 hedificiorum,
1324 1313 1420 1354 unam
1446 1294 1505 1354 sci·

240 1401 315 1464 licet
337 1415 482 1464 octavam
508 1400 619 1484 (curie)
644 1402 676 1462 in
700 1422 734 1464 se
765 1401 995 1480 continentem,
1018 1419 1091 1462 cum
1116 1401 1181 1462 suis
1205 1400 1412 1482 pertinenciis
1435 1419 1505 1482 pre-

242 1507 325 1569 dicte
362 1507 563 1590 Margarethe
597 1527 655 1590 pro
691 1521 766 1570 tunc
801 1527 857 1570 sue
889 1507 1029 1570 consorti
1064 1507 1239 1588 legittime,
1271 1507 1366 1567 aliam
1398 1520 1505 1568 autem

240 1613 447 1676 medietatem
471 1614 614 1676 eiusdem
638 1615 801 1697 porcionis
825 1634 881 1676 sue
906 1614 1022 1674 domus
1051 1627 1184 1691 mutate,
1211 1610 1301 1674 fundi
1328 1627 1358 1674 et
1382 1613 1505 1674 cellarii

240 1732 271 1782 et
295 1719 530 1800 hedificiorum,
554 1741 652 1782 unam
680 1721 826 1782 similiter
858 1719 1014 1803 (octavam
1049 1719 1148 1796 curie)
1173 1719 1262 1779 inse
1287 1718 1504 1780 continentem

240 1846 314 1888 cum
339 1827 404 1888 suis
428 1827 633 1910 pertinenciis
656 1827 803 1889 similiter
827 1839 858 1889 et
882 1825 1073 1888 utilitatibus
1101 1825 1257 1886 universis
1280 1825 1426 1907 predicto
1452 1826 1505 1888 Jo-

240 1931 337 1994 hanni
361 1932 449 1996 fratri
485 1953 544 1996 suo
575 1933 728 2016 adoptivo
760 1933 929 2014 legavisset
961 1946 991 1994 et
1023 1931 1194 1993 dimisisset
1225 1930 1293 2012 jure
1317 1931 1505 2013 perhennali

240 2039 487 2120 possidendam,
519 2040 657 2122 ideoque
690 2059 749 2100 nos
779 2039 956 2122 predictam
990 2058 1087 2100 unam
1120 2037 1327 2098 medietatem
1359 2038 1502 2120 ipsorum

240 2145 355 2207 domus
379 2159 514 2226 mutate,
536 2145 638 2225 fundi,
663 2145 783 2208 cellarii
809 2159 839 2208 et
864 2145 1086 2208 hedificiorum
1111 2165 1183 2206 cum
1208 2144 1274 2205 suis
1297 2145 1504 2226 pertinenciis

239 2251 360 2334 prefate
385 2253 587 2336 Margarethe
612 2253 738 2315 mulieri
763 2265 794 2315 et
817 2253 913 2314 aliam
931 2251 1136 2314 medietatem
1162 2249 1352 2312 eorumdem
1376 2251 1503 2329 domus,

241 2357 344 2438 fundi,
369 2359 490 2422 cellarii
514 2360 711 2421 subterranei
737 2374 767 2420 et
796 2357 1018 2420 hedificiorum
1042 2357 1190 2419 similiter
1220 2377 1294 2418 cum
1319 2335 1387 2418 suis
1409 2358 1503 2440 pcrti-

241 2465 363 2526 nenciis
387 2479 418 2528 et
442 2465 633 2528 utilitatibus
658 2465 814 2526 universis
830 2463 955 2546 prefato
980 2463 1117 2526 Johanni
1142 2477 1172 2524 et
1188 2483 1245 2546 per
1269 2483 1343 2525 eum
1368 2463 1433 2525 suis
1450 2465 1504 2526 he·

240 2571 370 2634 cedibus
397 2572 566 2634 statuimus
593 2585 749 2654 perpetuo
773 2571 1001 2654 possidendam
1024 2583 1054 2632 et
1077 2569 1385 2651 quomodocumque
1412 2571 1504 2632 volu·

241 2678 301 2738 erit
324 2677 559 2761 disponendam
584 2677 667 2760 juxta
698 2677 924 2740 condicionem
948 2677 1084 2739 civitatis
1108 2689 1273 2758 prenotate
1306 2677 1345 2737 ab
1370 2676 1503 2758 antiquo

241 2785 460 2866 approbatam.

345 2891 422 2952 ltem
441 2891 517 2972 quia
543 2891 738 2953 Laurencius
761 2905 850 2953 sutor
872 2890 974 2953 dictus
999 2891 1114 2952 Jansek
1139 2889 1291 2973 (concivis
1315 2889 1445 2972 noster),
1471 2890 1503 2951 id

239 3017 311 3059 cum
334 2995 505 3060 sufficienti
521 2997 707 3060 testimonio
725 2998 756 3059 in
774 2997 894 3080 judicio
912 3017 1018 3060 coram
1036 2997 1145 3079 juratis
1162 2997 1394 3079 comprobavit,
1414 2997 1502 3079 quod

240 3102 400 3184 Georgius
416 3103 546 3166 sellator
564 3123 673 3166 aurem
698 3104 797 3186 ipsius
811 3105 979 3166 Laurencii
996 3104 1113 3165 sutoris
1125 3103 1306 3165 vulneravit
1323 3118 1354 3166 et
1371 3103 1501 3164 dentem

238 3209 382 3271 eiusdem
414 3209 583 3272 Laurencii
615 3211 654 3271 de
679 3209 769 3272 fauce
794 3231 850 3272 seu
882 3209 1011 3272 maxilla
1037 3209 1134 3291 ipsius
1166 3209 1394 3292 expercu(ssit),
1429 3209 1502 3271 ideo

239 3316 306 3398 ipse
331 3315 490 3397 Georgius
514 3317 643 3378 sellator
666 3317 698 3378 in
724 3315 808 3379 facto
833 3317 1069 3379 vulneracionis
1086 3317 1170 3378 dicte
1193 3317 1278 3378 auris
1303 3315 1334 3377 in
1352 3317 1501 3397 quinque

239 3423 352 3484 marcis
376 3436 408 3483 et
430 3421 462 3483 in
487 3421 571 3485 facto
589 3423 865 3510 expercu(ssionis)
883 3423 986 3484 dentis
1003 3421 1115 3506 prefati
1141 3423 1310 3484 Laurencii
1335 3423 1451 3484 sutoris
1470 3423 1502 3484 in

239 3527 350 3590 decem
375 3529 489 3589 marcis
517 3529 722 3592 denariorum
755 3543 863 3591 contra
896 3529 1000 3612 ipsum
1032 3529 1245 3590 Laurentium
1270 3542 1410 3590 sutorem
1445 3549 1501 3611 per

238 3633 515 3714 adjudicacionem
545 3635 721 3716 juratorum
754 3635 904 3697 remansit
943 3633 1135 3715 judicialiter
1166 3649 1355 3718 aggravatus
1389 3635 1501 3696 ordine

237 3739 315 3821 juris
338 3755 539 3822 exposcente.

343 3847 421 3910 ltem
446 3849 522 3929 quia
548 3849 657 3910 Petrus
682 3849 806 3932 Ztoyko
831 3849 943 3926 dictus,
968 3847 1000 3908 id
1026 3867 1099 3909 cum
1123 3846 1287 3929 fidedigno
1312 3847 1497 3910 testimonio

238 3968 419 4018 nostrorum
445 3955 626 4016 concivium
659 3953 852 4017 sufficienter
883 3953 1115 4036 comprobavit,
1145 3955 1233 4035 quod
1266 3955 1333 4036 ipse
1359 3954 1389 4015 in
1416 3953 1501 4016 facto

237 4061 447 4142 pecuniarum
465 4080 521 4122 seu
544 4079 651 4122 rerum
669 4061 970 4139 mercimonialium,
996 4079 1075 4141 quas
1090 4059 1238 4121 Vrbanua
1256 4059 1399 4120 literatus
1417 4059 1502 4121 filius

238 4166 367 4228 Thome
392 4165 581 4249 carpentarii
612 4181 720 4229 contra
755 4167 857 4249 ipsum
891 4167 1154 4248 prosequebatur,
1179 4179 1225 4227 est
1257 4166 1407 4227 innoxius
1432 4185 1501 4248 rep-

237 4287 345 4356 pertus
369 4294 473 4351 exeo,
498 4274 574 4355 quia
599 4273 711 4335 eedem
728 4274 864 4355 pecunie
881 4293 936 4334 seu
955 4292 1003 4334 res
1019 4271 1276 4334 mercimoniales
1293 4291 1349 4354 per
1366 4291 1501 4334 uxorem

237 4379 337 4462 ipsius
359 4379 480 4442 Vrbani
512 4379 639 4459 literati,
664 4399 719 4461 per
750 4395 873 4461 patrem
904 4392 935 4440 et
966 4378 1077 4440 fratres
1109 4379 1192 4440 dicte
1217 4379 1324 4440 uxoris
1350 4379 1496 4441 eiusdem

238 4485 358 4547 Vrbani
382 4485 498 4547 literati
523 4487 562 4548 ab
587 4486 657 4568 ipso
682 4485 775 4548 Petro
800 4487 967 4568 Ztoykone
999 4485 1168 4546 commisse
1198 4483 1325 4545 fuerunt
1349 4485 1501 4567 recipere,

237 4605 333 4674 prout
356 4605 387 4654 et
409 4606 535 4676 recepta
566 4606 640 4654 sunt
670 4593 710 4655 de
743 4591 826 4654 facto
858 4611 913 4675 per
937 4592 1119 4674 potenciam
1152 4591 1311 4653 dictorum
1344 4591 1441 4671 patris
1469 4603 1500 4652 et

237 4696 370 4760 fratrum
402 4697 523 4780 prefate
554 4699 661 4760 uxoris
692 4699 791 4781 ipsius
819 4699 939 4760 Vrbani
971 4699 1098 4776 literati,
1130 4697 1204 4759 ideo
1238 4698 1342 4780 ipsum
1368 4699 1501 4760 Petrum

238 4805 437 4888 Ztoykonem
463 4806 495 4867 iu
522 4804 605 4868 facto
637 4807 792 4888 premisso
825 4804 1024 4866 reddidimus
1055 4803 1257 4886 expeditum,
1294 4805 1353 4886 ipsi
1389 4818 1495 4866 autem

237 4913 367 4975 Vrbano
392 4913 517 4974 literato
542 4913 646 4995 ipsum
672 4911 789 4974 factum
813 4931 906 4973 suum
931 4931 948 4972 a
973 4911 1158 4992 parentibus
1184 4924 1215 4971 et
1239 4909 1388 4973 fratribus
1413 4911 1496 4973 dicte

239 5019 345 5081 uxoris
369 5037 425 5081 sue
448 5019 561 5081 ordine
586 5018 759 5100 justiciario
783 5018 1004 5080 commisimus
1027 5017 1301 5100 prosequendum.
