3740 5810
681 541 769 600 Anno
792 555 882 618 1419.
909 575 948 585 -
973 555 1018 602 ιι.
1036 544 1120 618 salii.
1494 565 1531 626 7¹

380 751 460 814 ltem
484 770 611 827 causam
628 753 710 814 inter
727 752 919 815 Elsabethlra
942 767 972 815 et
990 753 1136 816 Sabbalra
1164 768 1352 837 receperunt
1367 755 1407 816 ad
1424 775 1534 838 pacem

272 857 314 920 sd
339 859 483 941 primum
506 858 672 941 judicium.

380 965 459 1028 Item
494 964 685 1028 Valentinus
717 964 856 1028 carnifex
893 979 1002 1028 contra
1038 967 1126 1029 Wolr
1150 968 1292 1029 secundo
1323 969 1437 1032 citatus
1469 989 1534 1032 non

272 1074 464 1156 comparuit.

381 1179 458 1241 ltem
484 1177 655 1262 Endreylra
680 1178 789 1241 relicta
813 1178 951 1242 condam
975 1180 1100 1242 Lucasii
1133 1181 1166 1242 id
1190 1201 1297 1244 coram
1329 1183 1423 1244 nobis
1448 1202 1535 1245 com-

271 1286 439 1368 probavit,
473 1285 561 1368 quod
593 1285 747 1347 medietas
778 1285 944 1347 cuiusdam
976 1284 1082 1348 fenilis
1114 1287 1191 1348 alias
1222 1288 1281 1370 ipsi
1311 1289 1447 1350 Lucasio
1481 1308 1536 1372 per

272 1392 412 1454 condam
437 1391 609 1455 Nicolaum
633 1391 757 1454 Odolas
779 1392 894 1472 legata,
919 1393 958 1454 ab
983 1393 1052 1474 ipso
1078 1394 1213 1456 Lucasio
1241 1395 1281 1456 ad
1306 1395 1443 1457 eandem
1469 1395 1533 1457 En·

272 1499 416 1562 dreicam
447 1499 591 1562 relictam
623 1519 714 1562 suam
737 1499 796 1560 rite
829 1499 979 1561 devoluta
1012 1499 1156 1580 habetur,
1185 1514 1215 1562 et
1247 1501 1315 1584 ipsa
1339 1502 1535 1584 probacione

273 1606 356 1670 lacta
382 1608 484 1690 ipsam
509 1607 716 1668 medietatem
748 1606 824 1668 dicti
849 1604 955 1668 fenilis
986 1607 1046 1688 ipsi
1070 1607 1241 1690 Endreylre
1272 1609 1441 1672 statuimus
1465 1628 1535 1691 per·

272 1729 371 1798 petuo
394 1713 633 1798 possidendam.

379 1822 457 1884 Item
475 1820 588 1882 eadem
602 1820 774 1903 Endreyka
788 1819 903 1881 eodem
921 1819 1021 1881 modo
1039 1819 1272 1902 comprobavit,
1289 1819 1377 1902 quod
1394 1819 1534 1902 quedam

272 1929 365 1991 vinea
391 1929 490 2011 ipsius
515 1927 649 1990 condam
670 1927 795 1989 Lucasii
813 1945 912 2008 penes
928 1925 1056 1988 vineam
1081 1926 1212 1988 domine
1230 1926 1369 1988 Arniche
1387 1927 1534 2005 existens,

273 2037 313 2097 ab
339 2035 455 2098 eodem
479 2035 625 2118 Lucasyo
643 2034 790 2096 similiter
813 2033 852 2094 ad
877 2033 978 2116 ipsam
996 2033 1139 2095 divoluta
1164 2033 1308 2112 babetur,
1334 2053 1431 2116 quam
1447 2033 1534 2095 simi·

274 2143 346 2205 liter
372 2141 477 2204 eidem
502 2141 670 2204 statuimus
694 2153 849 2224 perpetuo
873 2140 1111 2223 possidendam.

381 2249 459 2311 ltem
491 2247 584 2330 jurati
616 2245 850 2329 adjudicarunt,
881 2261 916 2309 ut
947 2266 1079 2308 consors
1112 2247 1246 2308 Fridlini
1278 2247 1412 2310 domum
1443 2269 1533 2311 suam

273 2377 372 2440 penes
397 2357 530 2419 domum
557 2356 664 2438 Copre
689 2353 768 2416 infra
793 2353 979 2435 quindecim
1004 2354 1073 2416 dies
1089 2351 1262 2415 reformare
1287 2353 1402 2417 debeat
1418 2355 1534 2436 taliter,

272 2477 307 2527 ut
331 2463 417 2526 unde
443 2463 483 2524 de
506 2461 620 2524 eadem
645 2462 744 2523 domo
773 2461 884 2524 domui
916 2461 1016 2544 ipsius
1040 2461 1147 2543 Copre
1171 2461 1348 2544 dampnum
1374 2481 1439 2526 non
1462 2482 1533 2526 eve·

273 2571 341 2633 niat
364 2571 446 2632 sicut
468 2589 569 2650 usque
588 2569 673 2630 diem
698 2568 903 2647 hodiernum,
920 2568 975 2650 qui
993 2567 1018 2630 si
1043 2566 1163 2647 fecerit,
1180 2569 1261 2632 bene
1286 2569 1430 2650 quidem,
1454 2570 1533 2632 alio-

272 2677 351 2759 quin
377 2677 443 2758 ipsa
468 2675 585 2736 domus
608 2674 766 2737 vendetur
790 2695 827 2736 ex
852 2694 946 2736 causa
969 2687 1198 2756 preaesumpta.

379 2782 457 2845 ltem
482 2782 574 2866 jurati
599 2781 832 2862 adjudicarunt,
856 2782 945 2864 quod
963 2782 1063 2844 Elena
1086 2801 1217 2844 consors
1233 2782 1363 2844 Martini
1386 2783 1533 2846 Plemen-

272 2889 390 2974 schyak
415 2903 529 2952 octavo
553 2887 629 2972 (die)
652 2889 813 2950 tenebitur
836 2887 958 2969 jurare,
990 2889 1077 2970 quod
1102 2888 1233 2972 peplum
1269 2901 1300 2950 et
1332 2902 1414 2952 serta
1437 2909 1533 2952 aurea

272 2997 359 3080 apud
383 3015 453 3058 earn
477 3014 536 3078 pro
561 2995 637 3056 vino
662 2995 863 3077 inpignorata
888 3014 944 3056 seu
965 2995 1109 3056 rebibuta
1134 3005 1248 3072 essent,
1273 3009 1304 3056 et
1327 3015 1386 3077 pro
1411 3009 1532 3078 quanto

272 3103 422 3165 videlicet
445 3101 559 3164 XLllll
584 3101 722 3166 denariis
744 3104 853 3180 (deest).

378 3209 457 3271 ltem
480 3207 574 3290 jurati
598 3207 832 3288 adjudicarunt,
856 3205 944 3290 quod
961 3207 1036 3288 quia
1061 3207 1191 3291 Mathey
1214 3219 1323 3268 contra
1344 3207 1530 3271 Ladislaum

271 3317 411 3398 juratum
434 3334 507 3377 cum
530 3315 652 3397 sagittis
675 3334 773 3376 manu
798 3328 917 3376 armata
950 3314 1101 3392 irruisset,
1125 3313 1200 3375 ideo
1232 3327 1341 3376 contra
1366 3314 1472 3397 ipsum
1497 3315 1529 3377 in

272 3423 384 3484 decem
409 3422 533 3500 marcis,
558 3434 589 3484 et
612 3421 644 3482 in
662 3420 786 3482 duabus
803 3421 917 3482 marcis
940 3440 1013 3482 cum
1031 3419 1135 3482 media
1160 3419 1267 3500 judici,
1293 3419 1403 3502 juratis
1419 3421 1530 3484 decem

271 3528 387 3590 marcis
411 3528 576 3590 convictus
598 3526 743 3589 habetur.

378 3634 456 3695 ltem
482 3634 592 3695 Petrus
623 3632 743 3714 juratus
775 3651 848 3694 cum
881 3631 1050 3695 sufficienti
1083 3635 1268 3696 testimonio
1300 3634 1532 3716 comprobavit,

272 3740 361 3821 quod
386 3740 491 3823 ipsum
517 3739 648 3820 quidam
674 3739 835 3800 Fabianus
866 3739 1003 3800 exterius
1034 3758 1168 3800 manens
1198 3740 1304 3801 verbis
1329 3739 1532 3821 vituperiosis

271 3859 501 3929 pertractasset,
519 3859 549 3907 et
573 3865 612 3906 eo
636 3843 729 3926 jurati
747 3843 982 3925 adjudicarunt,
1000 3845 1089 3926 quod
1106 3860 1215 3907 contra
1240 3846 1345 3929 ipsum
1370 3848 1402 3907 in
1420 3844 1531 3907 decem

270 3953 385 4014 marcis
416 3967 447 4014 et
476 3965 585 4014 eontra
610 3951 730 4032 juratos
765 3951 911 4013 similiter
942 3951 974 4012 in
1007 3951 1118 4013 decem
1150 3953 1265 4015 marcis
1298 3953 1462 4014 convictus
1486 3967 1532 4015 est

270 4073 301 4120 et
323 4059 468 4122 habetur.

375 4293 472 4368 Faria
500 4299 607 4368 tercia
635 4299 787 4386 proxima
816 4305 894 4369 ante
921 4297 1042 4370 festum
1069 4297 1166 4370 beate
1194 4298 1416 4388 Margarethe.

810 4449 872 4530 (rr.
896 4449 996 4530 julii).

375 4590 454 4651 ltem
486 4589 601 4670 judex,
631 4589 724 4670 jurati
759 4591 788 4651 in
821 4604 930 4672 treuga
967 4591 1189 4673 judicaverunt
1212 4591 1267 4652 tali
1292 4590 1410 4670 modo,
1442 4592 1531 4672 quod

271 4697 346 4778 quia
367 4696 500 4777 quidam
510 4697 700 4758 Dominicus
719 4697 749 4758 in
768 4697 842 4757 sede
860 4711 964 4758 nostra
979 4697 1145 4778 judiciaria
1165 4695 1329 4758 confessus
1352 4710 1400 4758 est
1414 4710 1529 4779 sponte

272 4823 336 4864 non
368 4801 522 4881 afflictus,
551 4815 584 4864 ut
615 4803 681 4884 ipse
700 4803 877 4883 ‚quandam
900 4803 1042 4885 puellam
1076 4803 1224 4866 Chernlra
1249 4816 1394 4864 vocatam
1428 4801 1527 4865 filiam

273 4909 403 4992 Mathey
420 4909 496 4971 dicti
513 4907 648 4971 Chalich
671 4909 841 4990 stipantem
860 4909 1053 4970 inveniendo
1077 4910 1144 4970 sine
1169 4909 1262 4991 culpa
1294 4929 1350 4970 sua
1375 4907 1527 4970 violando

272 5029 302 5076 et
318 5016 540 5098 calumpniose
558 5013 726 5092 interfecit,
743 5017 853 5076 ambas
878 5035 990 5076 manus
1014 5015 1119 5077 eidem
1138 5015 1329 5094 mutiland0,
1355 5015 1428 5077 ideo
1444 5017 1529 5078 idem
