3678 5800
438 555 498 633 184
820 560 1015 634 Ann01433.
1040 591 1084 600 —
1100 570 1157 634 30.
1174 558 1327 633 januan'i.

433 767 601 852 prefertur,
626 769 765 850 ideoque
789 789 849 831 nos
880 770 1056 851 predictam
1089 770 1223 831 domum
1247 784 1278 832 et
1309 768 1448 831 fundum
1471 770 1578 832 medie
1609 771 1693 832 curie

434 897 507 939 cum
533 877 695 959 premissis
718 877 840 939 cunctis
864 877 930 939 suis
953 877 1145 940 utilitatibus
1168 891 1199 940 et
1222 877 1429 959 pertinenciis
1452 877 1609 939 universis
1624 897 1692 960 pre·

435 983 522 1044 dicto
547 983 677 1045 Thome
701 983 811 1062 rasori,
836 997 872 1046 ut
894 982 959 1066 jam
983 1003 1070 1046 novo
1094 983 1219 1046 concivi
1247 997 1369 1063 nostro,
1393 1003 1429 1045 ac
1453 1003 1509 1065 per
1533 1003 1609 1045 eum
1631 984 1694 1045 suis

434 1088 606 1151 heredibus
630 1090 799 1152 statuimus
831 1103 862 1152 et
892 1089 1115 1151 commisimus
1146 1109 1183 1151 ex
1216 1089 1377 1172 premissis
1407 1103 1565 1173 perpetuo
1598 1091 1694 1172 possi·

434 1197 573 1258 dendam
591 1209 622 1258 et
639 1196 948 1278 quomodocumque
964 1196 1104 1259 voluerit
1116 1195 1352 1280 disponendam
1368 1195 1456 1279 juxta
1470 1195 1694 1259 condicionem

434 1303 570 1365 civitatis
593 1315 761 1385 prenotate
784 1304 825 1364 ab
849 1303 983 1385 antiquo
1007 1305 1229 1386 approbatam.

539 1408 618 1470 ltem
643 1409 719 1490 quia
742 1408 921 1492 Elyzabetb
944 1409 1037 1472 aliter
1060 1409 1192 1472 Jalsicza
1226 1421 1350 1487 vocata,
1374 1407 1440 1470 filia
1464 1407 1604 1471 condam
1628 1409 1694 1472 Ste-

433 1513 531 1596 phani
555 1515 706 1597 pincerne
732 1535 818 1576 nunc
842 1533 973 1576 consors
996 1515 1153 1596 legittima
1176 1515 1236 1576 viri
1253 1512 1381 1596 providi
1407 1512 1540 1596 Georgii
1556 1515 1694 1596 sartoris,

434 1621 534 1683 nostri
559 1621 701 1684 concivis
737 1621 794 1683 filii
819 1621 990 1701 Francisci,
1024 1619 1166 1684 infacto
1196 1620 1413 1702 quorumdam
1444 1620 1618 1682 anulorum
1649 1641 1693 1682 ar·

437 1741 630 1808 genteorum
655 1741 686 1790 et
708 1727 839 1790 alterius
863 1727 985 1810 argenti
1009 1747 1065 1790 seu
1081 1727 1217 1789 aliarum
1242 1746 1347 1788 rerum
1366 1726 1424 1788 viri
1449 1726 1576 1808 providi
1601 1727 1693 1788 Eme·

438 1833 493 1894 rici
518 1833 646 1894 sartoris
670 1831 727 1895 filii
744 1833 881 1912 Nicolai‚
906 1853 962 1915 per
979 1833 1080 1915 ipsam
1098 1831 1275 1917 Elyzabetb
1293 1833 1462 1894 mulierem
1487 1851 1526 1894 eo
1549 1845 1692 1915 tempore

434 1958 500 2020 quo
524 1958 581 2020 per
612 1939 798 2002 incendium
831 1940 914 2022 ignis
944 1939 1085 2020 quedam
1116 1939 1232 2000 domus
1263 1939 1296 2002 in
1329 1938 1457 2001 civitate
1480 1937 1601 2016 habite,
1625 1959 1694 2001 casu

434 2045 624 2108 succedente
656 2046 738 2108 circa
770 2044 884 2108 festum
917 2047 1017 2108 sancti
1049 2046 1178 2107 Andree
1210 2045 1347 2128 apostoli
1383 2065 1440 2106 seu
1470 2045 1588 2107 eodem
1615 2044 1690 2108 festo

436 2166 638 2215 concremate
674 2151 810 2233 fuerant,
835 2154 866 2214 in
898 2153 949 2214 via
971 2166 1055 2214 extra
1080 2153 1205 2215 Novam
1237 2165 1362 2235 portam
1395 2152 1531 2215 civitatis
1561 2151 1689 2234 prefate,

433 2273 529 2341 prout
551 2260 618 2343 ipsa
643 2258 810 2338 referebat,
835 2259 1039 2320 inventorum
1064 2271 1095 2321 et
1123 2271 1331 2340 repertarum,
1355 2258 1572 2340 juramentum
1596 2278 1685 2341 super

435 2385 474 2427 eo
499 2365 729 2446 adjudicatum,
754 2379 789 2428 ut
813 2366 880 2448 ipsa
905 2365 1035 2428 eosdem
1060 2365 1174 2428 anulos
1201 2385 1266 2427 non
1299 2365 1505 2427 subtraxisset
1528 2364 1569 2426 de
1594 2365 1687 2427 domo

435 2472 535 2554 ipsius
560 2473 699 2534 Emerici
724 2472 852 2534 sartoris
875 2471 930 2534 sed
955 2473 987 2533 in
1012 2472 1154 2554 predicta
1178 2473 1229 2533 via
1259 2473 1360 2534 libera
1384 2472 1528 2554 predicto
1553 2485 1690 2555 ternpore

436 2579 615 2660 reperisset,
640 2579 743 2662 ipsum
768 2579 984 2660 juramentum
1009 2579 1185 2640 secundum
1219 2577 1498 2660 adjudicationem
1521 2577 1689 2660 juratorum

436 2699 621 2746 nostrorum
646 2684 877 2746 modernorum
902 2685 1052 2767 deposuit
1076 2697 1111 2746 ut
1142 2685 1264 2764 debuit,
1289 2685 1363 2747 ideo
1396 2685 1497 2768 ipsam
1521 2683 1689 2768 Elyzabeth

435 2791 606 2852 mulierem
631 2789 714 2853 facto
739 2792 771 2852 in
796 2792 951 2874 premisso
975 2811 1032 2874 per
1055 2791 1164 2853 omnia
1192 2790 1392 2853 reddidimus
1425 2791 1579 2873 quietam,
1603 2809 1688 2872 expe-

436 2896 546 2975 ditam,
572 2897 784 2978 castigacione
801 2897 966 2959 communi
990 2910 1099 2960 tamen
1116 2897 1156 2959 de
1179 2917 1270 2960 more
1286 2897 1365 2959 alias
1389 2910 1541 2959 consveto
1566 2897 1597 2958 in
1621 2895 1687 2958 loco

435 3003 658 3084 castigacionis
682 3003 794 3065 talium
819 3005 914 3066 solito
939 3024 997 3087 pro
1023 3004 1127 3086 prima
1159 3003 1363 3066 correctione
1388 3024 1426 3066 ex
1451 3023 1501 3083 eo,
1528 3003 1602 3086 quia
1625 3021 1685 3064 retu

435 3109 598 3171 inventam
612 3129 677 3171 non
694 3110 877 3172 reddiderat
900 3111 956 3172 sed
968 3110 1167 3189 vendiderat,
1183 3111 1312 3193 propria
1337 3111 1370 3172 in
1387 3130 1524 3193 persona
1549 3109 1684 3172 eiusdem

437 3214 614 3298 Elyzabeth
639 3235 696 3277 seu
720 3235 815 3298 super
832 3235 948 3299 corpus
964 3237 1058 3278 suum
1082 3216 1260 3279 secundum
1277 3215 1436 3298 justiciam
1454 3217 1591 3279 civitatis
1606 3233 1687 3278 more

436 3322 515 3383 alias
539 3323 570 3384 in
596 3323 713 3385 talibus
737 3323 832 3386 solito
856 3325 1029 3386 mediante.

435 3519 531 3594 Faria
559 3532 658 3596 sexta
686 3527 841 3638 proxima
861 3533 939 3597 ante
967 3525 1089 3599 festum
1111 3526 1367 3599 Purificacionis
1396 3527 1541 3616 gloriose
1569 3543 1686 3614 semper

925 3653 1068 3739 virginis
1096 3651 1210 3722 llarle.

934 3817 1001 3900 (30.
1017 3821 1179 3898 januaria).

541 3960 619 4023 ltem
642 3960 803 4042 Georgius
827 3960 916 4022 faber
933 3962 1035 4023 dictus
1059 3982 1169 4044 sporar
1193 3961 1278 4024 filius
1293 3961 1433 4042 Andros,
1449 3962 1551 4024 tercio
1574 3981 1605 4022 se
1621 3977 1681 4042 per·

433 4068 520 4129 sonis
551 4068 611 4128 sibi
642 4067 801 4128 similibus
832 4066 910 4128 feria
940 4068 1038 4130 tercia
1069 4070 1224 4150 proxima,
1256 4069 1405 4131 videlicet
1437 4069 1469 4130 in
1505 4067 1584 4130 festo
1607 4065 1681 4129 beati

435 4175 530 4236 Blasii
556 4175 697 4256 episcopi
722 4187 753 4236 et
776 4175 914 4235 martiris
930 4195 1015 4236 nunc
1035 4175 1179 4258 proxime
1196 4175 1345 4254 affuturo,
1369 4188 1443 4237 ante
1466 4171 1682 4258 permactaoio-

435 4301 508 4344 nem
540 4282 638 4362 sigilli
670 4282 825 4364 presentis
854 4281 968 4363 judicis
999 4283 1098 4344 nostri
1130 4283 1214 4344 Petri
1247 4297 1278 4344 et
1307 4295 1381 4345 ante
1416 4281 1680 4365 permutacionern

434 4388 591 4470 judicatus
617 4387 721 4468 jurare
754 4387 850 4451 debet
879 4408 974 4470 super
1002 4408 1100 4468 aram,
1133 4387 1191 4471 (ut)
1224 4391 1291 4472 ipse
1316 4387 1476 4470 Georgius
1508 4387 1683 4450 nescivisset

434 4495 522 4576 quod
540 4496 607 4577 ipse
632 4496 721 4577 Lyeb
745 4515 843 4576 gener
868 4495 960 4556 Pater
984 4497 1082 4558 nostri
1107 4495 1232 4558 Herrici
1257 4497 1453 4559 subtractum
1471 4515 1613 4579 pannum
1630 4491 1683 4554 sibi

434 4601 640 4681 vendidisset,
672 4621 730 4663 nec
761 4602 830 4684 ipse
859 4601 1002 4664 scivisset
1033 4602 1121 4686 quod
1153 4603 1221 4685 ipse
1245 4623 1371 4686 pannus
1401 4603 1597 4666 corintianus
1618 4601 1682 4663 sub

432 4720 549 4770 tractus
573 4709 734 4772 extitisset.

541 4814 617 4876 ltem
643 4814 794 4875 Herricus
825 4815 918 4876 Pater
947 4829 1055 4877 noster
1085 4829 1173 4877 sexto
1204 4836 1237 4880 se
1268 4816 1412 4898 personis
1442 4816 1502 4878 sibi
1534 4814 1680 4877 similibus

436 4920 550 4981 eodem
576 4920 627 4980 die
652 4940 746 5002 super
770 4941 808 4982 eo
826 4920 921 4983 debet
937 4923 1151 5004 juramentum
1170 4936 1310 5005 prestare
1334 4943 1428 5006 super
1452 4943 1551 5004 aram,
1574 4937 1607 4985 ut
1622 4922 1680 5002 ipse

434 5027 618 5088 nescivisset
641 5027 728 5109 quod
754 5026 868 5089 furtive
893 5048 951 5107 res,
984 5029 1134 5092 videlicet
1165 5050 1289 5112 pannus
1313 5045 1344 5094 et
1374 5031 1448 5110 tela,
1473 5051 1537 5112 qeu
1559 5045 1631 5094 tunc
1652 5028 1678 5089 in
