3734 5796
534 533 732 611 Ann01437.
758 568 798 578 —
823 546 871 609 15.
895 535 1066 597 novembris.
1368 553 1429 618 273

165 741 330 804 Dominiti
353 743 394 806 de
410 744 609 824 Attawantis,
634 743 794 808 districtus
810 744 849 808 de
867 745 1048 828 Florentia,
1066 766 1139 810 tum
1168 745 1337 811 sufficienti
1356 767 1431 832 pro-

169 847 349 910 curationis
372 849 525 912 mnndsto
550 863 658 912 contra
683 851 891 914 Valentinum
923 851 1061 935 juratum
1085 853 1251 916 concivem
1283 867 1430 916 nostrum

167 953 274 1016 filium
300 955 466 1018 Michaelis
490 957 566 1020 dicti
592 956 746 1020 Saronich
764 957 796 1020 in
820 956 904 1021 lacto
926 959 1025 1021 debiti
1049 959 1237 1041 pecunialis‚
1261 979 1327 1042 quo
1344 960 1431 1024 idem

169 1061 361 1123 Valentinus
386 1061 508 1143 juratus
530 1063 641 1145 vigore
666 1078 822 1126 certarum
842 1077 1021 1127 nostrarum
1047 1085 1102 1128 seu
1126 1067 1262 1128 civitatis
1286 1067 1430 1149 predicte

170 1167 334 1229 literarum
366 1169 632 1250 obligatoriarum
664 1189 723 1252 pro
758 1183 848 1252 parte
883 1171 983 1254 ipsius
1015 1173 1176 1234 Leonardi
1207 1173 1306 1236 ltaliti
1337 1193 1432 1256 super

171 1272 287 1334 eodem
313 1273 423 1336 debito
457 1274 618 1356 pecuniali
651 1274 880 1355 confectarum,
912 1277 952 1338 ad
983 1291 1086 1338 certos
1109 1278 1263 1340 terminos
1288 1279 1431 1361 persolu-

167 1381 270 1442 tionis
294 1381 327 1442 in
352 1381 473 1442 eisdem
497 1381 598 1444 literis
621 1381 822 1464 obligatoriis
846 1402 1022 1466 expressos,
1047 1384 1204 1447 debitorie
1228 1385 1432 1466 obligabatur

168 1499 199 1548 et
223 1486 361 1567 obligari
386 1487 573 1567 dinoscitur,
599 1507 704 1550 coram
730 1489 825 1551 nobis
852 1490 1014 1569 movebat,
1038 1490 1079 1552 ad
1111 1491 1251 1572 primum
1275 1491 1431 1574 juditium

166 1612 224 1654 seu
248 1593 334 1654 diem
351 1592 553 1674 judiciariam
577 1609 648 1676 post
664 1593 780 1658 festum
803 1594 961 1658 Omnium
985 1609 1168 1658 sanctorum
1185 1617 1270 1659 nunt
1286 1598 1431 1679 proxime

168 1699 342 1762 affuturum
368 1713 547 1780 venturam,
565 1701 681 1762 eodem
706 1701 738 1762 in
755 1713 837 1763 statu
855 1715 886 1763 et
908 1702 1090 1764 variatione
1107 1716 1138 1764 et
1154 1703 1294 1785 birsagio
1309 1704 1430 1786 absque

166 1807 256 1866 omni
288 1805 395 1867 taliter
426 1806 577 1868 duximus
607 1807 856 1888 prorogandam,
889 1821 923 1870 ut
953 1809 979 1870 si
1004 1807 1166 1870 lohannes
1196 1807 1281 1871 filius
1305 1809 1430 1871 Nicolai

165 1911 242 1974 dicti
268 1912 525 1996 Lippowschyak
549 1913 627 1975 civis
648 1913 818 1975 Pestiensis
834 1933 936 1996 usque
960 1914 1000 1976 ad
1017 1915 1198 1997 predictum
1222 1916 1364 1998 primum
1383 1915 1430 1998 ju·

165 2017 285 2078 dicium
310 2037 366 2079 seu
391 2017 476 2080 diem
501 2017 703 2101 judiciariam
724 2032 795 2102 post
819 2019 998 2102 predictum
1014 2019 1131 2083 festum
1157 2021 1315 2084 Omnium
1339 2041 1429 2084 sanc-

151 2127 272 2184 'torum
296 2135 463 2186 venturam
489 2123 664 2204 advenerit,
687 2139 765 2188 tunt
788 2125 856 2208 ipse
876 2126 1038 2188 lohannes
1061 2147 1190 2189 causam
1214 2147 1306 2192 suam
1330 2147 1428 2210 quam

164 2247 261 2310 super
285 2229 491 2292 Leonardum
516 2229 676 2312 prefatum
701 2244 732 2292 et
755 2231 877 2293 dictum
900 2232 1057 2294 iacobum
1074 2233 1253 2314 cirologum
1279 2253 1428 2316 procura·

164 2349 267 2398 torem
294 2336 438 2398 eiusdem
464 2337 624 2399 leonardi
650 2337 843 2418 legittimum
869 2339 1019 2420 prosequi
1045 2353 1076 2401 et
1099 2359 1228 2402 movere
1253 2340 1349 2403 babet
1372 2360 1429 2403 seu

164 2439 305 2519 habebit,
330 2442 479 2524 prosequi
506 2444 611 2505 valeat
643 2443 710 2526 ipse
735 2443 897 2506 lohannes
927 2458 982 2506 aut
1006 2459 1194 2526 procurator
1226 2465 1302 2508 suus
1334 2447 1428 2528 legit·

163 2548 272 2625 timus,
305 2548 437 2630 ipseque
463 2549 651 2610 Leonardus
681 2563 736 2612 aut
763 2549 866 2612 dictus
898 2551 1049 2632 magister
1073 2552 1212 2613 Jacobus
1243 2567 1429 2635 procurator

165 2653 266 2735 ipsius
291 2654 452 2715 Leonardi
476 2674 549 2716 cum
574 2655 671 2737 pleno
699 2656 937 2737 procurationis
968 2657 1120 2720 mandato
1153 2659 1195 2719 ita
1219 2659 1425 2741 siculusque

100 2796 104 2806 ·
165 2779 251 2821 nunc
275 2759 336 2841 ipsi
362 2759 499 2822 Johaoni
517 2773 572 2822 aut
588 2751 786 2843 procuratori
803 2781 863 2823 suo
887 2763 1081 2844 respondere
1099 2763 1193 2846 plene
1211 2765 1315 2826 valeat
1331 2778 1428 2846 atque

163 2863 265 2945 possit
288 2867 409 2946 absque
434 2866 524 2927 omni
549 2866 690 2948 birsagio
712 2880 743 2929 et
766 2868 967 2946 variatione;
991 2869 1017 2929 si
1042 2882 1149 2930 autem
1174 2870 1241 2952 ipse
1266 2870 1428 2932 lohannes

163 2970 249 3032 filius
265 2970 342 3032 dicti
360 2971 485 3034 Nicolai
509 2987 565 3034 aut
581 2987 769 3056 procurator
785 2993 862 3036 suus
877 2975 1053 3055 legittimus
1070 2994 1172 3057 usque
1189 2975 1229 3038 ad
1247 2975 1428 3058 predictum

163 3075 339 3138 terminum
365 3078 471 3140 debite
503 3079 690 3160 deputatum
724 3099 788 3142 non
821 3082 954 3159 venerit,
979 3095 1094 3143 extunc
1125 3081 1287 3164 predictus
1310 3082 1427 3145 Valen-

148 3183 250 3248 tinus
273 3183 394 3264 juratus
418 3185 539 3246 dictum
557 3185 701 3247 debitum
726 3186 893 3268 pecuniale
918 3186 1002 3270 juxta
1021 3201 1170 3250 contenta
1195 3187 1316 3271 prefate
1334 3189 1425 3252 litere

163 3289 356 3370 obligatorie
380 3289 503 3372 prelato
529 3291 700 3353 Leonardo
723 3291 833 3354 Italico
857 3306 912 3354 aut
935 3293 993 3375 ipsi
1023 3293 1175 3375 magistro
1199 3295 1320 3357 Jacobo
1345 3296 1425 3358 ciro·

164 3395 241 3477 logo
265 3410 432 3477 tamquam
463 3397 663 3479 procuratori
695 3416 753 3459 suo
784 3399 942 3480 legittimo
974 3399 1005 3460 in
1035 3399 1179 3481 predicto
1209 3401 1347 3463 termino
1372 3421 1428 3484 per

163 3520 223 3562 nos
246 3501 396 3564 videlicet
419 3499 569 3583 judicem,
594 3503 714 3585 juratos
738 3517 769 3566 et
799 3517 900 3566 totam
924 3505 1165 3568 universitatem
1197 3507 1316 3569 civium
1350 3509 1426 3570 civi·

162 3607 235 3668 tatis
266 3607 547 3688 Montisgrecensis
576 3609 756 3692 supradicte
788 3611 944 3692 legittime
976 3611 1149 3694 deputato,
1182 3614 1302 3695 absque
1336 3615 1426 3676 omni

163 3712 308 3774 ulteriori
332 3715 565 3796 prorogatione
589 3728 621 3778 et
642 3715 832 3780 difficultate
860 3718 994 3780 reddere
1019 3731 1049 3780 et
1073 3719 1216 3800 plenarie
1241 3720 1424 3802 persolvere

162 3819 325 3881 tenebitur
348 3832 379 3881 et
403 3819 544 3883 debebit.

268 3923 347 3986 ltem
379 3926 536 3988 Martinus
558 3927 708 4010 sagippar
731 3942 841 3992 contra
873 3929 1031 3993 decanum
1059 3932 1251 4016 Dyonisium
1282 3934 1425 3996 secundo

162 4029 276 4094 citatus
301 4050 366 4093 non
390 4033 579 4115 comparuit.

266 4135 346 4199 ltem
369 4137 481 4200 Petrus
502 4139 621 4200 Barber
644 4153 753 4203 contra
777 4141 919 4205 relictam
945 4143 1106 4206 Valentini
1132 4146 1294 4228 arcuparis
1319 4147 1425 4228 primo
1526 4161 1528 4164 ’

163 4242 275 4306 citatus
299 4263 363 4306 non
389 4246 579 4328 comparuit.

267 4349 347 4412 ltem
376 4351 524 4414 Perwecz
548 4351 687 4415 carnifex
719 4368 829 4416 contra
862 4354 1039 4438 Georgium
1065 4358 1288 4421 Mozlauchith
1320 4360 1424 4443 primo

162 4457 275 4520 citatus
299 4476 363 4518 non
389 4459 579 4540 comparuit.

200 4623 299 4698 Feria
327 4633 425 4698 sexta
453 4631 608 4716 proxima
639 4636 718 4720 post
754 4629 877 4702 festum
905 4633 994 4703 beati
1025 4631 1147 4705 Briccii
1176 4636 1321 4723 episcopi
1351 4650 1385 4706 et

685 4753 896 4826 contessoris.

650 4889 713 4967 (15.
745 4891 928 4966 novembris).

267 5007 345 5070 [tem
377 5008 494 5070 Paulus
527 5009 643 5072 Gerith
675 5024 785 5072 contra
819 5011 983 5094 Mathyam
1015 5012 1146 5075 Philech
1177 5015 1281 5095 primo
1308 5015 1421 5077 citatus

162 5132 227 5175 non
251 5115 440 5197 comparuit.
1281 5120 1317 5182 18
