3796 5812
440 527 500 588 502

437 721 534 798 Ferla
560 733 659 798 sexta
696 729 852 815 proxima
895 732 972 797 ante
1010 725 1134 796 testum
1171 725 1344 798 beatorum
1379 721 1516 795 Fabiani
1543 734 1578 796 et
1606 723 1709 795 Seba-

903 831 1009 902 stiani
1038 832 1228 902 martirum.

545 995 622 1059 Item
648 997 679 1058 in
705 1016 799 1060 causa
831 997 913 1058 inter
937 997 1072 1058 Pullram
1104 1009 1286 1058 consortem
1312 995 1389 1079 Myk
1414 1009 1444 1056 et
1468 994 1612 1056 Blasium
1647 994 1708 1056 Ba-

438 1102 577 1164 stardich
602 1102 832 1184 adjudicatum,
863 1117 898 1164 ut
929 1103 955 1164 si
987 1121 1089 1184 usque
1122 1101 1234 1163 leriam
1258 1101 1389 1165 terciam
1423 1120 1508 1162 nunc
1531 1115 1707 1160 venturam

438 1209 578 1292 poterint
601 1209 807 1288 concordare,
840 1209 921 1270 bene
953 1207 1097 1290 quidem,
1127 1207 1274 1289 alioquin
1307 1207 1394 1270 idem
1429 1205 1554 1268 Blasius
1587 1219 1708 1267 octavo

438 1315 489 1376 die
513 1315 673 1377 tenebitur
696 1315 810 1397 jurare,
835 1315 923 1397 quod
947 1315 993 1376 nil
1018 1315 1130 1377 habuit
1154 1315 1193 1376 de
1217 1315 1313 1377 rebus
1338 1314 1438 1376 Pullre
1463 1327 1646 1395 prenotate.

546 1421 624 1483 ltem
648 1421 863 1482 communitas
887 1421 1026 1483 Johanni
1051 1421 1163 1482 sartori
1180 1419 1248 1482 filio
1273 1419 1426 1502 Stephani
1451 1420 1484 1481 in
1508 1419 1573 1480 suis
1598 1439 1708 1480 exces-

440 1527 529 1588 sibus
554 1525 630 1589 fecit
652 1527 803 1608 graciam.

547 1633 624 1695 ltem
649 1633 839 1696 Valentinus
863 1633 984 1715 juratus
1007 1647 1092 1696 tutor
1116 1633 1236 1696 Vrbani
1262 1632 1319 1694 lilii
1338 1632 1490 1716 Symonis
1514 1632 1605 1710 dixit,
1632 1652 1708 1694 con-

438 1739 532 1801 cessit
555 1739 675 1801 collere
705 1741 833 1802 vineam
858 1740 1014 1820 eiusdem,
1039 1740 1244 1802 medietatem
1282 1739 1379 1801 habet
1411 1739 1619 1818 Laurentius,
1646 1739 1709 1800 alia

438 1845 594 1908 medietas
617 1847 755 1928 pertinet
778 1846 882 1908 eidem
898 1847 1039 1924 Vrbano,
1056 1859 1155 1908 totam
1180 1865 1236 1928 per
1260 1846 1342 1908 duos
1366 1865 1468 1908 annos
1492 1848 1585 1925 bene,
1612 1845 1705 1928 quod

440 1951 488 2014 bis
511 1952 666 2034 percipiat
689 1953 786 2013 musti
920 1953 968 2014 bis
992 1967 1097 2014 musto
1121 1952 1266 2014 dividant
1290 1952 1416 2013 vineam

545 2058 623 2120 ltem
639 2057 791 2122 Clemens
815 2057 1029 2141 Zlepcheuicb
1053 2072 1164 2120 contra
1183 2060 1327 2120 Marcum
1344 2057 1486 2121 secundo
1504 2057 1619 2120 citatus
1638 2076 1707 2118 non

442 2165 635 2247 comparuit.

545 2257 625 2332 Item
650 2270 742 2332 Duch
766 2283 875 2333 contra
901 2271 1080 2333 Barnabam
1104 2271 1210 2353 primo
1242 2271 1356 2333 citatus
1379 2289 1443 2333 non
1468 2272 1663 2354 comparuit.

550 2375 629 2438 ltem
654 2377 686 2438 in
719 2397 812 2439 causa
845 2379 927 2440 inter
959 2377 1138 2438 Johannem
1171 2375 1290 2438 Pehem
1322 2375 1425 2438 filium
1450 2377 1605 2440 Johannis
1638 2397 1709 2440 mo·

442 2481 578 2543 dernum
604 2482 743 2564 judicem
768 2485 808 2546 ab
834 2504 907 2562 una,
932 2495 1020 2565 parte
1047 2503 1124 2545 vero
1149 2503 1187 2545 ex
1219 2483 1318 2545 altera
1344 2484 1555 2546 Benedictum
1578 2485 1709 2568 pridem

441 2601 472 2650 et
496 2589 633 2650 Paulum
658 2590 850 2652 modernum
875 2590 994 2671 juratos
1018 2588 1101 2650 filios
1126 2587 1243 2672 Gyuan
1268 2589 1392 2672 pridem
1421 2589 1536 2672 judicis
1560 2605 1596 2653 ut
1612 2613 1708 2674 supe·

441 2695 506 2756 rius
531 2709 578 2757 est
602 2697 755 2777 scripturn
781 2709 869 2759 mota
893 2710 923 2756 et
947 2697 1072 2778 pridem
1104 2697 1208 2778 primo
1234 2716 1289 2778 per
1320 2696 1440 2777 juratos
1473 2698 1606 2761 demum
1629 2718 1708 2760 vero

441 2821 498 2884 per
521 2801 664 2864 seniores
688 2802 810 2881 judices
834 2803 974 2864 discussa
998 2803 1135 2864 termino
1160 2821 1226 2884 quo
1243 2822 1348 2884 supra,
1365 2802 1438 2864 talis
1462 2804 1640 2886 disposicio
1658 2818 1707 2866 est

441 2907 523 2969 facta
549 2921 579 2968 et
596 2908 752 2986 ordinata,
778 2909 866 2991 quod
884 2909 1031 2990 quamvis
1055 2906 1168 2990 prefati
1186 2908 1378 2970 Benedictus
1395 2923 1425 2971 et
1442 2910 1560 2972 Paulus
1579 2911 1614 2972 in
1631 2911 1708 2973 sede

441 3014 607 3096 judiciaria
640 3017 735 3076 verba
768 3016 914 3098 superius
938 3030 1025 3076 mota
1057 3029 1164 3076 notata
1204 3030 1314 3077 contra
1350 3016 1488 3078 eundem
1521 3016 1707 3079 Johannem

439 3119 579 3202 judicem
612 3121 819 3203 protulissent
851 3135 881 3183 et
905 3123 937 3182 in
970 3121 1030 3183 boc
1054 3121 1169 3182 merito
1194 3122 1370 3203 culpabiles
1402 3123 1518 3205 reperti
1555 3122 1705 3203 fuissent,

440 3228 638 3309 sabbatoque
668 3229 812 3310 proxime
851 3229 996 3310 sequenti
1030 3229 1177 3289 acciones
1208 3229 1351 3310 ipsorum
1383 3249 1477 3310 supra
1513 3231 1706 3312 prescriptae

444 3335 664 3396 ducentesimo
689 3353 721 3396 se
747 3335 880 3396 civibus¹
893 3337 1029 3417 probare
1054 3334 1237 3396 debuissent
1254 3380 1414 3398 .......
