3678 5800
586 551 789 632 Ann01436.
815 589 855 598 -
880 551 933 615 26.
949 557 1043 631 junii.
1385 575 1446 638 253

184 657 443 665 ——..——

288 763 367 825 Item
391 764 484 846 jurati
509 765 785 847 adjudicaverunt,
817 768 905 850 quod
931 767 1025 851 Gyan
1053 767 1183 850 pellifex
1215 768 1247 830 in
1270 768 1376 851 primo
1400 769 1447 850 ju·

182 865 268 930 dicio
281 868 377 931 debet
392 872 603 953 comprobare
622 873 765 934 Marcum
784 873 964 936 carnificem
982 888 1012 936 et
1029 874 1219 938 convincere
1241 875 1273 936 in
1286 874 1341 936 tali
1361 872 1444 937 iacto

180 993 238 1035 seu
263 992 357 1037 causa
381 995 439 1058 pro
464 996 530 1060 quo
546 992 686 1040 meretur
710 993 741 1041 et
765 979 896 1042 deberet
912 979 1111 1059 incarcerari,
1134 995 1165 1043 et
1188 981 1214 1042 si
1239 981 1300 1043 boc
1325 978 1446 1060 lecerit,

181 1094 258 1141 tunc
283 1081 350 1162 ipse
375 1083 502 1145 Marcus
526 1083 631 1166 ipsum
657 1083 750 1168 Gyan
775 1085 945 1168 pellificem
975 1106 1031 1169 per
1054 1085 1216 1149 sufficiens
1239 1107 1334 1150 suum
1358 1087 1446 1150 testi-

181 1187 328 1248 monium
345 1189 525 1271 vituperare
542 1205 718 1268 asseretur;
742 1191 768 1252 si
793 1205 899 1254 autern
921 1193 982 1255 hoc
999 1211 1064 1255 non
1090 1191 1210 1270 lecerit,
1227 1207 1342 1255 extunc
1359 1193 1447 1256 solus

181 1291 249 1374 ipse
275 1291 369 1376 Gyan
395 1293 526 1377 pellifex
550 1297 582 1358 in
608 1297 678 1379 ipso
707 1297 840 1360 crimine
871 1299 1020 1382 vituperii
1054 1299 1232 1362 remanebit
1255 1301 1325 1382 ipso
1350 1297 1446 1364 iacto.

207 1510 305 1586 Feria
334 1518 441 1587 tercia
470 1519 625 1606 proxima
655 1525 732 1607 post
759 1517 883 1592 festum
911 1522 1021 1591 sancti
1050 1519 1214 1610 johannis
1243 1520 1406 1610 Baptiste.

718 1669 783 1750 (26.
798 1675 906 1750 Jitar'i).

290 1809 368 1872 ltem
394 1811 468 1892 quia
492 1810 638 1874 Andreas
662 1812 837 1894 Friglinich
862 1827 971 1876 contra
1002 1813 1274 1896 proscriptionem
1299 1828 1439 1877 nostram

181 1937 388 1979 communem
415 1920 447 1978 in
473 1920 606 1980 katerno
630 1932 740 1981 nostro
765 1920 930 1982 communi
961 1933 1107 2002 tempore
1131 1919 1288 2001 judicatus
1312 1920 1442 1982 secundi

180 2025 306 2087 Nicolai
332 2023 448 2105 judicis
476 2023 534 2086 filii
567 2025 713 2104 Fabiani,
747 2025 857 2088 multis
888 2039 919 2088 et
950 2025 1240 2088 innumerabilibus
1263 2025 1356 2088 malis
1379 2026 1445 2087 suis

180 2131 393 2212 exigentibus,
417 2151 473 2214 per
497 2151 556 2193 nos
581 2132 795 2194 communiter
823 2130 949 2210 iactam,
981 2133 1166 2214 nuperrime
1189 2131 1339 2194 videlicet
1364 2130 1444 2194 feria

179 2250 266 2300 sexta
289 2238 434 2320 proxima
451 2252 525 2300 ante
542 2236 657 2300 festum
676 2237 857 2300 Natiuitatis
874 2238 957 2300 beati
979 2237 1134 2300 lobannis
1151 2239 1291 2320 Baptiste
1309 2238 1349 2300 ad
1367 2237 1444 2300 civi·

179 2357 278 2407 tatem
314 2360 345 2406 et
379 2345 575 2407 territorium
609 2345 677 2406 eius
709 2343 870 2406 veniendo
905 2364 984 2406 ausu
1016 2345 1199 2424 temerario,
1233 2363 1341 2406 coram
1374 2343 1443 2426 plu·

179 2451 268 2512 ribus
303 2449 473 2532 fidedignis
508 2463 540 2512 et
571 2450 706 2533 ydoneis
737 2449 811 2512 viris
846 2451 1004 2528 seniores,
1037 2449 1215 2512 mediocres
1250 2463 1281 2512 et
1316 2449 1444 2512 infimos

179 2576 236 2618 seu
266 2557 429 2638 simplices
460 2557 545 2618 cives
578 2557 714 2620 civitatis
744 2557 886 2639 predicte
918 2557 1121 2638 singulariter
1151 2577 1187 2618 ac
1221 2569 1322 2619 totam
1356 2575 1442 2618 com·

180 2663 370 2724 munitatem
395 2663 514 2724 civium
541 2662 685 2725 eiusdem
710 2663 846 2725 civitatis
869 2663 1092 2725 universaliter
1122 2663 1270 2745 turpibus
1294 2675 1325 2726 et
1349 2682 1442 2725 enor-

181 2769 286 2830 mibus
310 2789 347 2830 ac
371 2769 600 2832 verecundosis
631 2770 737 2830 verbis
767 2767 962 2831 horribiliter
993 2768 1195 2850 vituperavit,
1220 2768 1359 2850 ideoque
1383 2787 1443 2830 nos

181 2875 319 2936 universi
345 2888 375 2937 et
404 2874 521 2957 singuli
554 2875 650 2955 cives,
673 2894 786 2958 ymmo
816 2887 883 2938 tote
913 2875 1128 2937 communitas
1164 2875 1283 2937 civium
1307 2875 1443 2937 civitatis

180 2996 346 3064 prenotate
371 2983 567 3045 unanimiter
591 2983 799 3044 decernentes
827 2982 1049 3044 commisimus
1080 2981 1135 3043 tali
1160 2981 1270 3060 modo,
1294 2995 1329 3042 ut
1352 2982 1378 3042 si
1402 2981 1442 3044 de

179 3103 286 3151 cetero
311 3101 342 3149 et
366 3107 423 3171 per
447 3089 586 3172 amplius
610 3107 707 3170 quam
732 3089 820 3170 prius
845 3087 1021 3150 incivitate
1046 3099 1078 3149 et
1100 3087 1169 3149 eius
1184 3088 1345 3149 territorio
1369 3107 1439 3170 rep·

179 3209 288 3276 pertus
312 3193 418 3274 fuerit,
435 3209 553 3257 extunc
575 3214 651 3257 mox
675 3193 760 3274 juxta
785 3213 840 3256 sua
858 3194 1011 3256 demerita
1037 3211 1152 3276 penam
1177 3193 1326 3276 supplicii
1342 3213 1440 3275 quam

178 3299 339 3363 demeruit
363 3321 401 3362 ex
424 3301 587 3384 premissis
608 3301 673 3362 suis
697 3299 787 3362 lactis
819 3299 1087 3382 nephandissimis
1119 3313 1333 3380 consequetur
1357 3300 1427 3382 ipso

181 3405 278 3485 lacto,
303 3407 395 3468 nullo
419 3407 479 3469 sibi
504 3407 625 3468 auxilio
649 3405 839 3487 suffragente
865 3407 897 3467 in
922 3405 980 3468 hac
1005 3419 1103 3489 parte.

284 3514 363 3575 ltem
395 3513 470 3595 quia
495 3511 619 3574 Blasius
651 3525 682 3574 et
706 3511 817 3574 Petrus
849 3509 903 3574 filii
939 3511 1086 3593 Gregorii
1111 3511 1168 3574 filii
1201 3511 1368 3574 Michaelis
1402 3511 1441 3574 de

180 3617 411 3702 Godegowych
436 3618 526 3702 olym
551 3618 692 3680 concivis
716 3618 826 3697 nostri,
859 3617 891 3678 id
922 3637 996 3679 cum
1027 3616 1197 3680 sufficienti
1222 3632 1253 3680 et
1275 3617 1441 3699 fidedigno

179 3741 362 3786 nostrorum
388 3725 571 3787 concivium
595 3723 781 3788 testimonio
811 3723 842 3785 in
873 3723 948 3785 sede
973 3737 1080 3786 nostra
1111 3723 1277 3804 judiciaria
1303 3723 1386 3786 clare
1411 3738 1442 3786 et

178 3832 296 3893 seriose
320 3850 429 3892 coram
455 3832 549 3894 nobis
565 3832 598 3892 in
622 3829 744 3912 judicio
762 3829 844 3892 clare
869 3832 1130 3912 comprobarunt,
1149 3843 1183 3892 ut
1200 3831 1278 3892 dum
1302 3828 1443 3913 prefatus

180 3937 355 4020 Gregorius
384 3953 474 4022 pater
506 3938 648 4021 ipsorum
673 3937 771 3999 Blasii
795 3951 825 3998 et
850 3937 933 3999 Petri
966 3957 1003 3998 sc
1028 3936 1164 3998 Mathias
1200 3935 1285 3998 filius
1308 3937 1441 4018 predicti

180 4045 345 4107 Michaelis
363 4044 458 4107 frater
474 4045 581 4128 junior
605 4045 680 4106 dicti
700 4043 848 4125 Gregorii
874 4044 905 4104 in
931 4043 1080 4105 extremis
1094 4043 1157 4104 vite
1174 4063 1230 4104 sue
1254 4042 1442 4124 temporalis

179 4152 387 4232 laborassent,
404 4165 480 4214 tunc
498 4151 557 4233 ipsi
580 4151 743 4233 quandam
768 4146 902 4212 domum
919 4151 1062 4232 ipsorum
1086 4149 1182 4211 simul
1199 4168 1271 4211 curn
1290 4148 1391 4210 fundo
1409 4161 1441 4210 et

179 4257 335 4321 hedificiis
359 4258 390 4320 in
425 4259 507 4320 dicta
536 4259 663 4320 civitate
695 4258 779 4340 juxta
813 4269 962 4319 contenta
995 4257 1158 4318 literarum
1190 4255 1440 4336 privilegialium

179 4384 236 4446 pro
261 4379 350 4448 parte
375 4365 518 4448 ipsorum
543 4363 761 4427 confectarum
787 4363 930 4426 habitam
955 4377 986 4425 et
1002 4363 1201 4440 existentem,
1226 4381 1323 4424 unam
1348 4381 1442 4444 quar·

178 4486 243 4532 tarn
268 4472 354 4533 curie
380 4471 412 4532 in
437 4491 470 4532 se
501 4471 732 4549 continentem,
764 4487 836 4531 cum
861 4470 927 4530 suis
958 4469 1149 4531 utilitatibus
1172 4481 1203 4528 et
1233 4467 1439 4549 pertinenciis

180 4577 346 4656 universis,
371 4576 502 4660 prelatis
526 4577 634 4639 Blasio
651 4591 681 4638 et
706 4577 801 4638 Petro
825 4575 1017 4657 legavissent
1040 4575 1108 4655 jure
1126 4575 1313 4658 perhennali
1338 4576 1440 4656 possi-

179 4683 328 4762 dendam,
353 4683 493 4766 ideoque
529 4703 587 4746 nos
618 4683 774 4766 prefatam
812 4681 946 4744 domum
978 4695 1009 4742 et
1033 4680 1169 4743 fundum
1202 4681 1298 4742 unius
1330 4695 1441 4763 quarte

179 4790 264 4851 curie
288 4809 361 4852 cum
385 4790 450 4852 suis
474 4789 665 4852 utilitatibus
689 4803 720 4850 et
744 4787 950 4871 pertinenciis
981 4787 1137 4848 universis
1170 4785 1301 4868 prefatis
1334 4787 1442 4848 Blasio

179 4909 209 4956 et
233 4896 326 4957 Petro
350 4915 387 4957 ac
411 4915 467 4977 per
491 4915 546 4957 eos
563 4896 705 4978 ipsorum
731 4893 904 4956 heredibus
920 4894 1089 4956 statuimus
1113 4906 1143 4954 et
1167 4892 1387 4955 commisimus
1404 4913 1441 4953 ex

178 5003 339 5083 premissis
362 5001 429 5082 jure
454 5015 609 5085 perpetuo
631 5015 661 5062 et
685 4999 940 5062 irrevocabiliter
956 4999 1185 5082 possidendam
1204 5012 1235 5061 et
1258 4999 1441 5080 quomodo·
