3796 5812
443 586 507 662 498

756 691 866 697 .-,.-.....
889 692 894 696 .
940 693 970 696 --
1082 693 1107 696 -.
1270 693 1282 696 -
1319 692 1427 698 ---—-.
1453 695 1482 698 --
1511 695 1547 700 ..—
1564 695 1595 700 -,
1646 689 1711 700 .---·-

445 795 515 876 ipso
541 795 661 876 judicio
686 817 751 859 non
769 810 937 858 contentus
954 797 1054 877 ipsam
1081 815 1207 857 causam
1227 816 1284 878 pro
1309 795 1546 858 deliberacione
1563 799 1717 859 eiusdem

442 901 482 962 ad
507 903 650 964 seniores
678 903 863 986 appellavit.

551 1007 628 1069 Item
652 1008 746 1090 jurati
770 1007 1045 1090 adjudicaverunt,
1077 1023 1111 1069 ut
1135 1027 1171 1068 ex
1204 1007 1342 1069 fassione
1367 1021 1543 1090 spontanea
1575 1009 1715 1070 domine

443 1113 620 1176 Katherine
645 1115 754 1177 relicte
771 1115 908 1176 condam
927 1113 1124 1194 Sigismundi
1143 1114 1299 1176 consortis
1323 1115 1464 1175 Farkasii
1489 1129 1520 1175 et
1537 1115 1715 1176 cuiusdam

444 1220 535 1281 litere
561 1220 771 1302 privilegialis
795 1220 926 1301 antique
942 1239 1000 1300 pro
1025 1235 1113 1301 parte
1138 1221 1186 1281 sui
1204 1219 1360 1300 conlecte,
1384 1221 1424 1282 ad
1441 1234 1541 1282 totam
1567 1223 1617 1282 sui
1639 1241 1715 1302 por-

444 1326 569 1388 cionem
604 1327 707 1409 ipsam
740 1327 872 1404 juridice
903 1340 1148 1388 concernentem
1179 1327 1269 1387 litere
1302 1326 1517 1408 privilegiales
1546 1327 1607 1409 ipsi
1635 1327 1714 1388 Far-

442 1434 530 1494 kasio
556 1435 671 1496 marito
695 1453 754 1494 suo
778 1433 919 1494 emanari
944 1447 1078 1513 possunt
1103 1433 1144 1494 ita
1172 1432 1362 1514 specialiter,
1388 1433 1475 1514 quod
1501 1434 1555 1494 ille
1580 1455 1713 1514 posses·

441 1539 560 1617 siones,
592 1559 655 1620 que
691 1540 828 1601 condam
865 1539 1019 1600 lobannis
1055 1539 1111 1601 filii
1145 1540 1300 1600 Anthonii
1337 1540 1514 1602 extitissent
1549 1555 1580 1602 et
1613 1560 1715 1622 super

441 1644 577 1706 eandem
602 1644 913 1723 condescendissent‚
941 1645 1002 1706 hoc
1025 1659 1131 1708 tamen
1165 1645 1301 1724 adjecto,
1326 1647 1413 1726 quod
1439 1647 1464 1706 si
1490 1647 1592 1726 ipsam
1619 1649 1713 1730 prius

440 1753 582 1834 premori
607 1753 787 1832 contigerit,
811 1753 836 1812 si
854 1766 960 1812 autern
987 1753 1087 1834 ipsam
1105 1753 1211 1813 vivere
1229 1767 1260 1814 et
1283 1753 1405 1814 dictum
1430 1753 1620 1814 Farkasium
1639 1773 1712 1835 pre-

442 1858 524 1918 mori
557 1858 727 1940 contigerit
758 1877 865 1918 rursus
895 1858 935 1917 ad
971 1857 1071 1939 ipsam
1112 1857 1342 1936 devolvantur;
1378 1859 1417 1920 de
1449 1858 1567 1940 quibus
1597 1874 1711 1920 autem

440 1961 538 2044 judex
563 1984 628 2025 non
652 1976 821 2025 contentus
849 1964 949 2044 ipsam
982 1983 1109 2025 causam
1142 1964 1182 2025 ad
1206 1965 1357 2046 antiquos
1390 1964 1511 2044 judices
1536 1985 1594 2047 pro
1628 1965 1711 2026 deli-

440 2071 610 2132 beracione
635 2071 779 2131 eiusdem
804 2069 988 2151 appellavit.

545 2175 623 2238 Item
648 2175 741 2257 jurati
766 2175 1040 2256 adjudicaverunt,
1074 2176 1162 2258 quod
1186 2176 1301 2238 Vrsula
1333 2176 1441 2238 relicta
1465 2177 1603 2238 condam
1632 2225 1640 2238 .
1668 2225 1676 2238 .
1704 2223 1712 2239 .

439 2283 555 2343 sutoris
571 2283 611 2342 ad
628 2295 701 2343 octo
718 2281 786 2341 dies
813 2301 907 2362 super
924 2301 1011 2342 aram
1037 2279 1153 2361 jurabit
1177 2281 1283 2363 (super
1300 2279 1364 2364 eo),
1389 2296 1424 2342 ut
1448 2281 1559 2344 Petrus
1576 2283 1709 2365 jobagio

439 2389 569 2448 domine
595 2387 784 2448 lwanowich
810 2434 817 2448 .
844 2438 850 2449 .
877 2437 883 2449 .
910 2438 916 2450 .
942 2388 1059 2468 quibus
1075 2387 1211 2448 eandem
1237 2401 1268 2449 et
1284 2388 1387 2449 virum
1406 2408 1499 2450 suum
1525 2390 1585 2450 sibi
1602 2389 1707 2470 (debi-

438 2497 534 2576 tores)
561 2497 721 2556 asserebat
746 2495 777 2555 in
803 2513 853 2572 eo,
876 2495 964 2575 quod
989 2514 1047 2555 nec
1072 2493 1138 2576 ipsa
1172 2513 1229 2554 nec
1254 2496 1301 2556 vir
1324 2514 1400 2556 suus
1425 2541 1432 2556 .
1459 2543 1464 2557 .
1492 2542 1499 2556 .
1525 2544 1532 2557 .
1558 2497 1707 2576 predicto

439 2601 531 2662 Petro
554 2600 714 2661 debitores
738 2615 852 2676 essent,
877 2619 935 2660 nec
959 2599 1089 2660 eosdem
1115 2601 1191 2680 ipsis
1207 2601 1396 2680 assignasset
1419 2621 1477 2662 nec
1503 2600 1655 2664 dedisset.

545 2707 637 2768 Feria
661 2721 772 2788 quarta
797 2707 941 2788 proxime
965 2707 1111 2787 sequenti
1129 2707 1270 2767 seniores
1294 2705 1414 2787 judices
1438 2706 1593 2788 judicium
1621 2709 1705 2786 jura-

439 2827 544 2874 torum
570 2813 615 2895 (in
641 2813 746 2893 causa)
773 2813 855 2874 inter
879 2813 1065 2873 Farkasium
1091 2813 1196 2874 virum
1225 2813 1356 2874 domine
1382 2813 1555 2874 Katherine
1581 2813 1704 2894 (relicte

439 2919 576 2980 condam
611 2918 821 2999 Sigismundi)
855 2917 947 3000 jurati
981 2932 1011 2980 et
1037 2918 1190 2979 lobannis
1222 2919 1336 3000 judicis
1366 2917 1422 2980 filii
1455 2920 1579 2980 Nicolai
1604 2921 1652 2981 sic
1677 2933 1707 2980 et

439 3025 490 3107 (eo
523 3025 622 3086 modo
659 3023 910 3106 judicaverunt),
943 3037 977 3084 ut
1013 3024 1143 3085 domina
1182 3025 1354 3086 Katherina
1386 3045 1482 3106 super
1513 3026 1703 3106 porcionem

440 3132 679 3212 possessionum
705 3149 832 3191 suarum
867 3175 874 3190 .
900 3179 906 3190 .
939 3129 1116 3190 secundum
1149 3144 1297 3190 contenta
1329 3131 1493 3192 literarum
1521 3147 1702 3192 nostrarum

439 3238 689 3319 privilegialium
715 3257 773 3318 pro
798 3249 886 3317 parte
912 3283 919 3296 .
945 3283 951 3296 .
979 3284 985 3297 .
1010 3237 1103 3297 nobis
1128 3237 1159 3296 in
1184 3237 1289 3318 specie
1314 3237 1542 3318 producturum
1569 3237 1702 3317 juridice

440 3361 687 3405 concernentem
722 3390 728 3404 .
756 3391 794 3406 ..
828 3342 947 3403 eisdem
980 3343 1111 3404 haberet
1142 3363 1178 3402 ac
1210 3362 1271 3424 que
1304 3343 1441 3404 condam
1466 3343 1621 3404 lobannis
1646 3343 1702 3404 filii

440 3495 498 3510 ...
524 3449 698 3509 extitissent
722 3463 753 3509 et
777 3447 839 3526 jam
864 3467 958 3530 super
983 3448 1118 3508 eandem
1135 3449 1446 3524 condescendissent‚
1471 3449 1701 3530 dictoque...

438 3554 553 3616 marito
578 3574 636 3614 suo
662 3575 699 3615 ex
725 3555 861 3614 t'assione
887 3533 1029 3614 eiusdem
1060 3554 1190 3614 domine
1217 3552 1389 3614 Katherine
1415 3554 1505 3615 litere
1616 3575 1699 3616 ema-

438 3661 504 3721 nari
531 3674 674 3741 possunt,
699 3661 759 3721 hoc
784 3659 920 3738 adjecto,
938 3660 1025 3740 quod
1050 3659 1074 3720 si
1094 3661 1195 3742 ipsam
1220 3660 1384 3721 dominam
1410 3661 1617 3722 Katherinam
1637 3709 1644 3723 .
1664 3707 1700 3722 ..

438 3767 559 3828 dictum
583 3767 770 3826 Farkasium
795 3767 901 3825 vivere
927 3779 980 3826 aut
1005 3767 1110 3847 ipsum
1127 3766 1314 3826 Farkasium
1341 3813 1372 3827 .,
1399 3766 1505 3826 vivere
1531 3767 1700 3846 contigerit

438 3894 474 3933 ex
499 3887 574 3934 tunc
599 3873 630 3932 in
664 3873 813 3934 ultimum
846 3873 1047 3953 superstitem
1081 3893 1117 3933 ex
1142 3873 1263 3933 eisdem
1290 3919 1323 3933 ..
1355 3872 1480 3949 debeat,
1505 3873 1567 3934 hoc
1598 3875 1697 3934 eciam

438 3999 596 4060 expresso,
622 3979 709 4060 quod
736 3998 835 4058 usque
861 3977 899 4038 ad
919 3994 1054 4038 mortem
1080 3997 1168 4039 suam
1196 3977 1297 4059 (dum)
1317 3979 1394 4039 vivit
1418 3979 1503 4039 idem
1530 3977 1697 4040 Farkasius

436 4087 536 4167 ipsam
564 4085 749 4166 porcionem
774 4105 833 4146 nec
858 4085 1006 4162 vendere,
1036 4105 1093 4145 nec
1119 4130 1152 4147 ..
1185 4085 1284 4165 possit
1303 4084 1402 4146 modo
1431 4084 1564 4165 aliquali
1589 4097 1620 4146 et
1643 4102 1698 4145 nec

437 4193 536 4253 eciam
564 4191 779 4272 inpignorare.

544 4297 620 4357 ltem
646 4297 787 4358 seniores
812 4297 932 4377 judices
951 4297 1104 4376 judicium
1130 4296 1307 4378 juratorum
1333 4298 1365 4358 in
1382 4317 1475 4358 causa
1494 4298 1575 4360 inter
1600 4296 1696 4360 Geor·

435 4403 525 4484 gium
550 4402 699 4464 chhich
725 4417 755 4464 et
780 4403 953 4463 Martinum
980 4403 1088 4463 Ztizka
1119 4401 1260 4463 habitam
1286 4403 1516 4465 confirmarunt
1539 4404 1582 4464 sic
1607 4417 1638 4464 et
1661 4421 1696 4462 eo

436 4509 534 4569 modo
560 4521 589 4569 et
613 4508 673 4568 hoc
697 4509 832 4588 adject0,
858 4509 945 4589 quod
971 4509 995 4568 si
1022 4509 1089 4588 ipse
1115 4507 1276 4589 Georgius
1300 4510 1505 4571 medietatem
1531 4511 1626 4572 musti
1645 4522 1695 4571 aut

435 4615 578 4676 valorem
604 4615 703 4694 ipsius
728 4616 785 4696 ipsi
820 4616 958 4676 Martino
991 4617 1064 4675 dare
1094 4629 1124 4674 et
1155 4616 1336 4696 persolvere
1370 4630 1528 4678 recusaret
1553 4636 1609 4678 seu
1634 4633 1693 4677 non

436 4721 542 4798 vellet,
567 4735 681 4782 extunc
706 4741 764 4782 nos
789 4721 965 4798 iudicantes
984 4721 1203 4783 commisimus
1228 4742 1266 4783 eo
1284 4723 1394 4802 modo,
1418 4723 1505 4805 quod
1532 4727 1597 4804 ipse
1617 4723 1694 4783 Mar-

436 4829 520 4888 tinus
545 4826 621 4888 leria
645 4828 741 4888 tercia
767 4829 911 4908 proxime
937 4828 1085 4909 preterita
1114 4828 1202 4888 solus
1235 4829 1363 4910 propria
1388 4829 1419 4890 in
1445 4849 1580 4910 persona
1605 4845 1694 4910 super

436 4954 521 4994 aram
547 4933 649 5012 jurare
675 4935 768 4993 debet
794 4949 823 4993 ct
846 4956 940 5015 super
965 4955 1029 5014 quo
1063 4934 1189 5013 jurabit,
1220 4935 1285 5016 ipse
1312 4933 1470 5016 Georgius
1494 4935 1553 4996 sibi
1578 4933 1693 5016 persol-

434 5059 508 5100 vere
532 5039 661 5101 debebit
686 5054 715 5100 et
739 5041 798 5100 sibi
831 5041 1031 5102 solucionem
1062 5041 1160 5101 tercio
1184 5041 1237 5101 die
1268 5041 1442 5123 inpendere
1466 5041 1606 5121 debebit,
1630 5042 1685 5102 boc

1851 4940 1855 5029 t
