3734 5796
816 564 902 619 Anno
918 560 1010 639 1436.
1034 597 1077 606 —
1101 578 1150 640 23.
1174 565 1343 623 novembris.

539 777 634 850 Faria
664 785 770 852 tercia
800 784 955 870 proxima
983 791 1060 853 ante
1088 783 1211 854 festum
1239 780 1394 855 Omnium
1423 791 1629 856 sanctorum.

968 937 1031 1012 (30.
1056 936 1197 1012 octobris).

555 1073 632 1134 Item
646 1093 773 1135 causam
788 1075 869 1136 inter
886 1075 1057 1136 Nicolaum
1075 1075 1215 1156 judicem
1228 1075 1331 1138 filium
1346 1077 1480 1138 Fabiani
1499 1091 1530 1138 et
1548 1077 1697 1161 Mathyatu

450 1193 591 1242 sutorem
626 1181 751 1260 nigrum
786 1201 840 1262 per
873 1182 1067 1264 peticionem
1099 1183 1228 1244 testium
1253 1184 1286 1244 in
1318 1184 1431 1244 eadem
1457 1204 1551 1245 causa
1577 1185 1699 1266 produc·

449 1301 554 1347 torum
581 1307 638 1367 pro
663 1307 740 1369 pace
764 1287 869 1349 fienda
894 1289 933 1350 ad
967 1289 1106 1370 primum
1131 1289 1287 1370 judicium
1318 1291 1484 1372 prorogari
1509 1291 1639 1353 fecimus
1661 1291 1699 1373 ju-

450 1393 540 1454 sticia
566 1393 738 1457 mediante.

556 1499 634 1560 ltem
658 1519 785 1562 causam
820 1500 901 1561 inter
933 1501 1131 1583 Stephanum
1163 1502 1265 1564 hlium
1291 1502 1468 1564 Clementis
1501 1502 1655 1564 Praudich
1675 1517 1700 1563 et

453 1604 652 1686 Stephanum
678 1605 800 1666 Battum
828 1607 951 1688 pridem
976 1607 1113 1688 juratum
1139 1609 1372 1690 concivemque
1396 1623 1540 1670 nostrum
1566 1609 1596 1670 iu
1626 1607 1699 1670 facto

451 1711 549 1772 boum
575 1730 682 1772 coram
707 1711 801 1772 nobis
829 1727 1016 1792 vertentem,
1042 1715 1081 1774 ad
1106 1715 1246 1796 primum
1263 1714 1418 1796 judicium
1442 1735 1500 1797 pro
1526 1713 1607 1776 lacto
1624 1715 1700 1796 pacis

450 1829 482 1878 et
516 1817 687 1878 concordie
723 1837 779 1900 per
815 1819 1007 1901 peticionem
1037 1823 1214 1902 proborum
1246 1821 1388 1883 virorum
1423 1822 1573 1883 duximus
1602 1841 1700 1904 proro-

449 1923 598 2003 gandam.

504 2159 600 2233 Feria
628 2171 727 2234 sexta
755 2166 909 2253 proxima
937 2173 1013 2253 post
1041 2165 1162 2236 festum
1188 2167 1283 2237 beate
1312 2165 1430 2239 Cecilie
1458 2168 1599 2255 virginis
1625 2175 1656 2238 et

925 2291 1080 2360 martiris
1108 2287 1243 2360 Christi.

944 2444 1005 2519 (23.
1038 2443 1219 2510 novembris).

557 2581 635 2641 Item
661 2582 736 2662 quia
769 2581 900 2662 provida
933 2581 1049 2643 mulier
1074 2583 1172 2643 Lucia
1203 2597 1325 2661 vocata,
1349 2584 1459 2645 relicta
1489 2583 1623 2644 condam
1648 2581 1698 2642 Mi·

452 2687 570 2750 chaelis
593 2686 680 2770 olym
706 2688 790 2750 dicte
815 2688 950 2749 civitatis
975 2689 1161 2751 habitatoris
1185 2689 1242 2752 filii
1266 2691 1361 2770 Petri,
1386 2705 1417 2753 et
1442 2692 1602 2753 Johannes
1623 2689 1697 2751 filius

452 2795 552 2876 ipsius
577 2793 754 2874 Michaelis,
780 2795 973 2858 habitatores
997 2796 1080 2857 dicte
1106 2797 1251 2874 civitatis,
1273 2797 1305 2858 id
1330 2817 1402 2858 cum
1433 2797 1601 2859 sufficienti
1623 2797 1697 2857 testi-

452 2902 563 2963 monio
582 2901 612 2962 in
630 2901 705 2963 sede
731 2915 838 2963 nostra
855 2901 1020 2982 iudiciaria
1037 2903 1121 2964 clare
1139 2923 1246 2964 coram
1263 2903 1356 2966 nobis
1374 2904 1405 2964 in
1423 2903 1543 2982 judicio
1567 2922 1697 2985 compro-

452 3010 576 3086 barunt,
612 3023 647 3070 ut
679 3009 756 3070 dum
774 3009 840 3090 ipse
865 3009 1002 3070 Michael
1027 3010 1058 3070 in
1077 3009 1226 3070 extremis
1250 3009 1312 3071 vite
1336 3030 1393 3071 sue
1416 3010 1600 3092 temporalis
1621 3011 1698 3071 labo·

452 3128 558 3194 rasset,
582 3129 658 3176 tunc
682 3116 748 3196 ipse
773 3115 941 3176 intestatus
964 3117 1003 3176 ab
1028 3116 1085 3176 hac
1109 3116 1181 3177 luce
1214 3117 1409 3195 decessisset,
1440 3117 1565 3198 ipsique
1588 3117 1648 3177 veri
1671 3127 1697 3175 et

451 3221 599 3302 legittimi
625 3221 757 3282 heredes
781 3234 812 3281 et
836 3221 900 3282 vivi
924 3223 1108 3303 superstites
1140 3223 1284 3284 eiusdem
1315 3221 1481 3284 Michaelis
1505 3224 1698 3284 dinoscuntur

451 3349 487 3389 ex
513 3342 629 3406 acerto,
653 3341 684 3390 et
707 3329 782 3409 quia
815 3328 913 3390 iidem
938 3327 1089 3391 videlicet
1121 3330 1219 3391 Lucia
1243 3344 1274 3392 et
1303 3329 1465 3392 lohannes
1498 3330 1531 3390 in
1555 3330 1643 3412 pleno
1672 3340 1698 3386 et

451 3434 584 3517 pacifico
609 3434 766 3513 domiui0,
791 3435 964 3516 quietaque
986 3436 1186 3517 possessione
1211 3435 1424 3516 quarumdam
1452 3436 1612 3497 vinearum
1635 3452 1696 3515 pre·

452 3539 506 3602 fati
532 3539 697 3602 Michaelis
721 3562 738 3601 a
763 3556 907 3622 tempore
932 3541 1039 3603 obitus
1067 3541 1210 3603 eiusdem
1243 3541 1409 3602 Michaelis
1443 3555 1475 3603 et
1500 3561 1599 3623 usque
1622 3557 1696 3600 nunc

451 3648 577 3729 penitus
590 3661 842 3728 permanserunt,
867 3648 995 3708 nemine
1013 3647 1140 3729 penitus
1164 3649 1203 3708 ad
1227 3647 1342 3709 trinam
1361 3646 1522 3710 forensem
1549 3647 1694 3730 publicam

450 3752 741 3834 proclamacionem
767 3773 822 3832 per
846 3773 904 3813 nos
920 3753 1090 3833 superinde
1115 3754 1155 3814 de
1184 3773 1272 3815 more
1290 3754 1369 3814 alias
1393 3768 1547 3816 consveto
1571 3773 1604 3812 eu
1619 3769 1695 3811 com·

451 3859 605 3920 missione
630 3872 737 3919 nostra
762 3857 877 3920 factam
902 3859 1136 3920 contradictore
1169 3877 1340 3942 apparente
1373 3881 1432 3920 nec
1456 3861 1565 3942 aliquo
1588 3872 1695 3920 contra-

451 3965 590 4042 dicente,
616 3965 755 4046 ideoque
781 3985 839 4025 nos
863 3980 1045 4045 prenotatas
1069 3967 1176 4027 vineas
1200 3967 1352 4049 sepedicti
1378 3967 1546 4029 Michaelis
1568 3967 1596 4027 in
1618 3963 1694 4026 terri·

450 4072 533 4132 torio
559 4072 695 4132 civitatis
719 4071 840 4153 prefate
866 4071 999 4150 habitas,
1032 4073 1135 4154 ipsum
1160 4073 1279 4134 scilicet
1311 4071 1504 4134 Michaelem
1528 4071 1648 4155 juridice
1669 4082 1695 4129 et

450 4177 623 4238 literatorie
649 4191 889 4256 concernentes,
906 4198 979 4240 cum
997 4179 1062 4242 suis
1076 4179 1265 4240 utilitatibus
1284 4193 1314 4240 et
1330 4181 1537 4262 pertinenciis
1561 4174 1695 4240 universis

450 4284 581 4365 prefatis
608 4284 705 4345 Lucis
731 4285 839 4346 relicte
864 4299 895 4346 et
919 4286 1056 4346 iohanni
1082 4285 1149 4346 hlio
1168 4287 1320 4367 sepedicti
1345 4287 1513 4348 Michaelis
1530 4307 1564 4348 ac
1585 4303 1633 4368 per
1647 4300 1694 4342 eos

451 4392 592 4472 ipsorum
611 4391 783 4452 heredibus
801 4391 969 4452 statuimus
987 4405 1017 4452 et
1040 4393 1261 4454 commisimus
1278 4413 1315 4453 ex
1332 4393 1495 4475 premissis
1512 4393 1578 4473 jure
1597 4406 1693 4472 perpe·

451 4511 506 4558 tuo
523 4511 553 4558 et
570 4497 819 4558 irrevocabiliter
836 4498 1045 4578 possidendas
1059 4513 1089 4560 et
1100 4501 1408 4580 quomodocumque
1427 4501 1588 4562 voluerint
1602 4495 1692 4576 dispo-

451 4604 573 4664 nendas
597 4605 681 4684 juxta
704 4605 929 4665 condicionem
947 4605 1081 4666 civitatis
1099 4619 1263 4686 prenotate
1281 4608 1320 4666 ab
1338 4607 1472 4688 antiquo
1490 4606 1692 4689 approbatam.

557 4711 634 4770 Item
659 4725 723 4771 tota
755 4711 969 4772 communitas
999 4711 1094 4771 simul
1127 4711 1160 4771 in
1185 4731 1286 4773 unum
1311 4713 1400 4773 dives
1431 4727 1465 4774 et
1488 4730 1604 4795 pauper
1623 4705 1692 4800 pari,

452 4817 595 4876 unanimi
621 4831 650 4876 et
675 4818 825 4878 concordi
851 4818 1014 4878 voluntate
1040 4831 1145 4878 nostra
1164 4818 1328 4879 communi
1354 4819 1384 4878 in
1402 4820 1546 4899 generali
1571 4831 1597 4878 et
1616 4830 1691 4874 com-

452 4924 541 4982 muni
568 4939 673 4982 nostra
698 4925 950 5003 congregacione
975 4944 1031 5004 per
1052 4944 1110 4984 nos
1134 4925 1305 5007 superinde
1322 4926 1515 5006 generaliter
1540 4939 1569 4988 et
1589 4919 1691 5003 specia-

451 5029 521 5090 liter
553 5029 653 5110 lacta,
683 5045 806 5092 matura
838 5031 1073 5092 deliberacione
1106 5033 1269 5114 prehabita
1302 5032 1335 5094 id
1367 5032 1510 5096 decrevit
1540 5045 1569 5094 et
1595 5024 1688 5090 statuit
