3734 5796
361 525 423 588 288
768 524 969 607 Ann01438.
995 563 1036 573 -
1060 525 1092 590 6.
1110 531 1204 606 junii.

466 740 544 802 ltem
570 741 645 823 quia
670 739 818 802 Vrbanus
842 739 975 800 claudus
1006 739 1090 802 filius
1114 739 1270 802 lobannis
1301 741 1340 803 de
1364 741 1522 804 suburbio
1547 744 1624 804 civi·

359 845 432 908 tatis
461 845 677 927 juramentum
710 845 770 908 sibi
795 845 828 906 in
861 864 954 908 causa
987 844 1062 907 furti
1087 847 1119 908 iu
1151 866 1217 928 quo
1249 867 1306 930 per
1329 848 1489 910 iacobum
1521 847 1624 910 filiurn

361 951 484 1013 Nicolai
511 952 734 1030 Ladomerich,
759 951 815 1034 qui
840 951 943 1034 pridie
966 966 1098 1036 propter
1114 953 1242 1036 culpam
1267 971 1357 1016 suam
1381 953 1532 1016 detentus
1555 953 1626 1032 luit,

363 1071 429 1118 erat
454 1057 647 1136 diffamatus,
675 1077 732 1140 per
762 1056 1039 1140 adjudicacionem
1071 1057 1248 1140 juratorum
1279 1057 1496 1142 juramentum
1528 1059 1626 1122 hodie

364 1163 501 1246 prestitit
522 1176 554 1224 et
576 1163 727 1245 deposuit
751 1177 785 1224 ut
808 1161 931 1243 debuit',
955 1163 1094 1246 ideoque
1128 1184 1187 1226 nos
1209 1165 1316 1246 ipsum
1340 1165 1506 1228 Vrbanum
1531 1185 1627 1249 super

362 1269 428 1351 ipsa
461 1268 687 1332 diffamacione
720 1270 796 1332 dicti
820 1268 896 1332 furti
927 1289 963 1332 ac
988 1290 1090 1355 super
1121 1270 1191 1353 ipso
1215 1269 1301 1333 furto
1332 1271 1535 1334 reddidimus
1557 1271 1626 1334 fore

360 1375 505 1457 quietum
531 1389 562 1437 et
590 1375 786 1458 expeditum.

466 1481 545 1543 item
570 1482 646 1564 quia
669 1482 804 1565 provida
837 1481 952 1544 mulier
982 1487 1090 1563 Agnes
1113 1497 1235 1562 vocata,
1269 1483 1378 1546 relicta
1402 1485 1461 1546 viri
1486 1485 1626 1546 condam

360 1587 486 1668 providi
518 1587 647 1650 Martini
678 1588 767 1670 olym
799 1586 892 1668 jurati
927 1601 958 1650 et
996 1589 1137 1650 concivis
1168 1589 1267 1652 nostri
1299 1588 1358 1652 filii
1390 1591 1516 1653 Nicolai
1549 1591 1626 1652 dicti

360 1692 592 1776 Zytharichevv,
616 1693 649 1754 id
673 1713 746 1756 curn
770 1692 940 1756 sufficienti
972 1707 1003 1756 et
1026 1693 1191 1778 fidedigno
1223 1709 1405 1757 nostrorum
1439 1697 1624 1758 concivium

360 1798 547 1860 testimonio
573 1799 604 1860 in
628 1799 704 1862 sede
728 1813 836 1862 nostra
859 1799 1025 1880 judiciaria
1057 1801 1089 1864 id
1113 1801 1198 1864 clare
1227 1802 1461 1884 comprobavit,
1486 1816 1522 1865 ut
1545 1803 1625 1864 dum

359 1901 500 1985 prelatus
525 1905 681 1968 Martinus
704 1905 826 1986 juratus
842 1906 874 1967 in
899 1907 1048 1968 extremis
1071 1907 1135 1970 vite
1152 1927 1208 1970 sue
1224 1908 1413 1990 temporalis
1436 1909 1627 1988 laborasset,

357 2023 435 2072 tunc
460 2012 527 2094 ipse
552 2012 726 2094 quamdam
744 2013 871 2074 vineam
896 2033 986 2074 auarn
1011 2013 1043 2076 in
1060 2013 1221 2076 territorio
1246 2027 1356 2078 nostro
1379 2035 1479 2097 penes
1495 2015 1626 2078 vineam

359 2115 492 2178 Fabiani
517 2116 713 2182 Gornichich
737 2118 814 2180 dicti
839 2117 991 2198 habitam,
1023 2119 1128 2201 ipsum
1161 2119 1335 2184 literatorie
1361 2135 1627 2200 concernentem,

359 2225 501 2304 predicte
527 2225 644 2306 Agneti
668 2225 796 2287 mulieri
821 2225 959 2287 vendere
984 2237 1015 2288 et
1039 2245 1096 2308 pro
1113 2227 1221 2288 anima
1245 2226 1346 2309 ipsius
1362 2227 1492 2289 Martini
1518 2227 1627 2308 jurati,

360 2331 484 2392 dornini
509 2331 569 2410 sui,
591 2332 771 2415 expendere
796 2345 826 2393 et
858 2332 985 2414 elargiri
1016 2332 1185 2414 legavisset
1216 2346 1247 2394 et
1279 2334 1460 2412 dimisisset,
1484 2333 1628 2414 ideoque

359 2457 418 2499 nos
443 2438 578 2499 eandem
603 2438 730 2500 vineam
762 2438 862 2520 ipsius
886 2437 1015 2500 Martini
1047 2437 1140 2520 jurati
1166 2457 1238 2500 cum
1272 2440 1338 2501 suis
1361 2440 1571 2521 pertinenciis
1596 2453 1628 2500 et

358 2542 547 2606 utilitatibus
571 2544 728 2605 universis
759 2544 900 2626 predicte
933 2545 1049 2625 Agneti
1079 2544 1206 2606 mulieri
1236 2546 1405 2608 statuimus
1430 2558 1462 2608 et
1485 2546 1624 2608 commi·

359 2649 459 2711 simus
483 2649 666 2712 vendicioni
693 2649 927 2732 exponendam.

463 2755 541 2817 ltem
559 2756 634 2837 quia
653 2755 777 2818 Blasius
800 2755 911 2818 llicbki
934 2753 1018 2818 filius
1035 2757 1133 2818 Marci
1161 2776 1217 2840 per
1241 2756 1520 2840 adjudicacionem
1538 2757 1627 2836 jura·

358 2874 464 2922 torum
489 2861 585 2922 hodie
610 2861 762 2944 juraverit
784 2881 880 2944 super
904 2881 953 2942 eo,
982 2877 1016 2925 ut
1040 2863 1200 2945 Georgius
1231 2878 1333 2925 sartor
1357 2865 1446 2948 olym
1470 2864 1567 2947 judex
1595 2880 1627 2926 et

358 2967 500 3028 concivis
523 2981 641 3047 noster,
665 2967 727 3048 jam
753 2969 793 3030 ab
817 2969 876 3030 hac
901 2968 971 3031 luce
988 2969 1190 3050 aliquamdiu
1213 2970 1359 3032 intestate
1384 2970 1543 3050 decessus,
1561 2971 1624 3053 ipsi

358 3073 467 3134 Blasio
492 3073 602 3136 llichki
628 3074 778 3136 undecim
802 3074 908 3157 pensis
932 3075 1139 3138 denariorum
1163 3076 1320 3138 debitoris
1344 3077 1549 3158 obligabatur
1565 3097 1626 3160 pro

361 3198 448 3258 vero,
472 3195 503 3240 et
526 3179 566 3240 ad
591 3179 721 3242 eosdem
739 3180 888 3242 denarios
911 3183 951 3244 ab
976 3181 1046 3262 ipso
1064 3179 1207 3262 Georgio
1224 3180 1329 3263 judice
1354 3183 1477 3245 nullam
1495 3183 1626 3264 penitus

356 3285 557 3346 solucionem
580 3286 733 3370 percepit,
758 3283 832 3348 ideo
857 3287 917 3368 ipsi
942 3287 1050 3350 Blasio
1082 3288 1121 3349 de
1145 3289 1241 3350 rebus
1272 3286 1385 3370 prefati
1411 3288 1546 3371 Georgii
1571 3290 1620 3372 ju·

359 3391 438 3452 dicis
469 3392 597 3456 racione
628 3392 857 3475 premissorum
897 3393 1102 3456 denariorum
1136 3394 1235 3477 ipsius
1269 3395 1366 3457 Blasii
1398 3397 1623 3458 commisimus

358 3495 611 3560 satisfaccionem
636 3497 885 3579 inpendendam.

461 3603 538 3665 ltem
571 3601 681 3665 Guralr
712 3619 800 3667 sutor
831 3619 942 3668 contra
979 3606 1159 3688 Stephanus
1191 3619 1331 3670 sutorem
1365 3608 1472 3690 primo
1505 3609 1621 3671 citatus

357 3729 421 3770 non
447 3711 636 3792 comparuit.

474 3874 569 3948 ieris
594 3887 693 3949 sexta
721 3882 874 3968 proxima
902 3889 980 3953 ante
1008 3882 1131 3954 testum
1159 3891 1277 3956 sancte
1304 3881 1500 3956 Trinitatis.

908 4013 956 4095 (ό.
972 4015 1081 4098 junia).

464 4134 541 4196 Item
567 4135 748 4218 Stephanus
766 4137 1026 4201 Horwathichich
1044 4153 1153 4202 contra
1178 4140 1341 4226 Mathyam
1367 4143 1495 4224 nigrum
1513 4144 1621 4227 primo

358 4240 471 4301 citatus
495 4260 559 4301 non
585 4243 775 4323 comparuit.

461 4347 538 4407 Item
564 4347 638 4427 quia
664 4349 802 4411 Michael
827 4349 916 4412 faber
947 4350 1032 4414 iilius
1058 4352 1210 4436 Symonis
1241 4355 1366 4436 pridem
1391 4355 1513 4436 juratus
1545 4377 1621 4419 con·

354 4452 500 4534 civisque
532 4465 639 4514 noster
670 4453 885 4535 juramentum
919 4458 978 4519 sibi
1003 4458 1106 4541 pridie
1138 4479 1196 4541 per
1225 4459 1345 4541 juratos
1369 4463 1401 4523 in
1434 4460 1520 4525 lacto
1545 4462 1620 4525 lurti

358 4557 550 4637 diffamatus,
583 4559 697 4620 eodem
728 4561 780 4622 die
812 4581 877 4643 quo
909 4562 1012 4645 jurare
1037 4564 1160 4645 debuit,
1192 4566 1328 4648 prestitit
1358 4581 1390 4628 et
1413 4567 1564 4650 deposuit
1586 4582 1623 4630 ut

357 4662 469 4724 debuit
491 4685 586 4746 super
610 4685 659 4744 eo,
684 4680 719 4729 ut
742 4668 809 4749 ipse
834 4669 865 4729 in
891 4671 1033 4751 predicto
1050 4669 1137 4734 furtu
1161 4691 1226 4734 non
1252 4685 1299 4735 est
1314 4673 1473 4756 particeps
1497 4695 1557 4737 nec
1574 4689 1622 4737 est

361 4769 517 4847 conscius,
549 4771 603 4831 sed
630 4787 676 4832 est
700 4773 731 4833 in
755 4787 824 4835 toto
849 4775 1002 4837 innocens
1032 4790 1063 4838 et
1086 4777 1247 4857 innoxius,
1279 4779 1418 4860 ideoque
1444 4779 1548 4862 ipsum
1574 4781 1621 4862 ju·

355 4888 460 4935 ratum
486 4876 675 4939 Michaelem
702 4878 838 4957 labrum,
870 4901 908 4941 ex
939 4895 1027 4963 parte
1052 4883 1151 4966 ipsius
1183 4883 1417 4947 diffamacionis
1440 4886 1517 4947 dicti
1542 4885 1616 4949 furti

356 4981 561 5043 reddidimus
574 4997 605 5044 et
617 4987 837 5047 commisimus
850 4989 1033 5068 expeditum
1048 5003 1079 5052 et
1091 4991 1275 5054 absolutum
1289 4993 1417 5074 penitus
1431 5006 1463 5054 et
1475 4994 1619 5057 omnino.
