3678 5800
556 580 753 656 Ann01433.
781 613 821 623 -
846 576 897 640 18.
920 579 1079 640 decembres.
1390 599 1448 642 201

185 809 243 851 eos
260 789 404 870 ipsorum
422 788 594 851 heredibus
609 790 778 854 statuimus
794 804 951 874 perpetuo
968 792 1195 874 possidendam
1220 807 1251 855 et
1270 793 1451 875 quomodo·

186 915 327 977 cumque
350 895 513 959 voluerint
536 897 783 980 disponendam.

292 1002 371 1064 ltem
396 1003 471 1084 quia
495 1004 544 1065 vir
564 1003 719 1086 providus
736 1005 891 1066 Martinus
913 1003 997 1067 lilius
1014 1005 1150 1086 Nicolai,
1175 1005 1302 1089 pridem
1321 1006 1454 1088 juratus,

187 1109 397 1192 concivisqne
421 1123 539 1190 noster,
564 1110 596 1170 id
620 1129 694 1172 cum
719 1109 889 1174 sufficienti
918 1125 949 1174 et
979 1110 1145 1194 fidedigno
1171 1125 1354 1175 nostrorum
1379 1132 1453 1174 con-

186 1215 306 1276 civium
320 1216 505 1278 testimonio
519 1216 550 1278 in
564 1216 639 1278 sede
652 1229 759 1279 nostra
773 1217 937 1299 judiciaria
951 1218 1035 1282 clare
1049 1233 1080 1282 et
1096 1219 1214 1282 seriose
1229 1219 1453 1302 comprobavit

187 1340 296 1383 coram
314 1322 418 1401 nobis,
436 1335 470 1384 ut
487 1322 564 1384 dum
582 1322 751 1386 Marchech
769 1343 878 1387 versus
895 1338 999 1406 partes
1015 1325 1171 1388 ltalicales
1188 1325 1247 1388 iter
1262 1345 1356 1387 suum
1374 1325 1450 1388 arri·

187 1427 318 1510 puisset,
341 1442 419 1490 tunc
443 1430 510 1512 ipse
535 1429 703 1492 Marchech
737 1430 900 1493 universas
928 1451 1001 1493 suas
1024 1432 1242 1514 possessiones
1272 1445 1303 1494 et
1334 1432 1448 1514 quevis

189 1539 348 1599 bonasus
374 1537 546 1598 inmobiles
562 1536 713 1601 videlicet
737 1548 767 1600 et
783 1538 918 1600 mobilia
943 1539 1047 1620 ipsum
1066 1536 1200 1620 juridice
1225 1551 1455 1600 concernentes

188 1657 219 1706 et
251 1643 431 1724 tangencia,
463 1642 608 1724 predicto
640 1644 779 1706 Martino
811 1645 926 1726 jurato,
957 1644 983 1706 si
1016 1645 1084 1727 ipse
1117 1643 1287 1706 Marchech
1320 1641 1352 1705 ln
1378 1643 1476 1726 ipsis¹

188 1749 333 1832 partibus
356 1749 470 1811 alienis
492 1761 639 1812 mortuus
656 1748 761 1830 fuerit,
784 1750 923 1812 vendere
948 1763 979 1813 et
995 1750 1148 1833 pecunias
1165 1769 1223 1832 pro
1241 1751 1359 1831 quibus
1376 1769 1453 1812 ven-

191 1857 284 1918 detur
319 1876 377 1939 pro
410 1857 516 1918 anima
548 1857 648 1939 ipsius
679 1857 848 1920 Marchech
888 1856 1025 1919 fideliter
1064 1856 1243 1940 expendere
1276 1856 1454 1936 legavisset,

191 1964 331 2046 ideoque
355 1983 415 2025 nos
446 1963 603 2045 predictas
634 1965 798 2026 universas
829 1963 1046 2046 possessiones
1074 1975 1105 2025 et
1138 1962 1251 2045 quevis
1275 1963 1359 2024 bona
1384 1981 1454 2044 pre·

187 2070 265 2132 dicti
292 2068 462 2132 Marchech
487 2070 577 2152 parvi
608 2089 681 2132 cum
712 2069 777 2130 suis
808 2069 1014 2152 pertinenciis
1038 2069 1143 2132 eidem
1177 2069 1317 2131 Martino
1350 2067 1455 2150 jurato

190 2176 291 2238 modo
314 2175 471 2258 premisso
495 2173 656 2236 vendendi
675 2187 705 2238 et
729 2175 767 2237 de
792 2175 869 2258 ipsis
885 2174 1077 2258 disponendi
1095 2174 1225 2256 plenam
1250 2173 1455 2236 attribuimus

190 2281 376 2344 facultatem
400 2281 471 2364 ipso
494 2279 664 2344 Marchech
688 2281 728 2342 ab
752 2281 811 2343 hac
834 2281 906 2343 luce
931 2281 1088 2362 migrante
1112 2279 1176 2362 jam
1201 2300 1239 2342 ex
1263 2293 1382 2344 acerto.

296 2387 375 2450 ltem
399 2387 475 2470 quia
498 2387 546 2450 vir
566 2387 721 2471 providus
749 2387 847 2471 Elyas
878 2387 1005 2450 institor
1034 2386 1119 2450 lilius
1143 2387 1284 2466 Thome,
1309 2387 1452 2449 concivis

189 2507 312 2573 noster,
336 2492 552 2576 juramentum
577 2493 637 2556 sibi
653 2513 710 2576 per
733 2493 853 2576 juratos
877 2493 909 2554 in
933 2512 973 2555 eo
990 2492 1219 2575 adjudicantur,
1244 2506 1279 2556 ut
1303 2494 1371 2575 ipse
1395 2513 1454 2576 pro

187 2599 331 2682 quadam
364 2599 457 2660 vinea
490 2599 658 2662 Laurencii
691 2599 823 2661 cultoris
853 2599 929 2661 dicti
961 2597 1206 2682 Milorechsych,
1239 2618 1336 2680 quarn
1368 2598 1455 2659 idem

186 2707 388 2769 Laurencius
411 2705 575 2768 confessus
591 2719 638 2768 est
654 2705 760 2768 eidem
785 2706 866 2789 Elye
891 2705 1027 2768 institori
1048 2725 1106 2788 pro
1125 2705 1226 2767 tribus
1251 2724 1324 2767 cunt
1342 2705 1451 2766 medio

185 2812 259 2875 flor.
283 2812 353 2874 auri
377 2831 485 2875 coram
510 2812 604 2874 nobis
619 2811 813 2890 vendidisse,
830 2811 889 2894 ipsi
908 2812 1085 2874 Laurencio
1103 2811 1142 2872 de
1160 2810 1282 2873 eisdem
1307 2811 1453 2893 pecuniis

185 2918 414 2981 omnimodam
439 2917 635 3000 inpendisset
658 2916 923 2991 satisfaccionem,
959 2918 1045 2980 idem
1077 2916 1293 2998 juramentum
1318 2916 1452 2979 omnino

184 3025 328 3109 prestitit
352 3037 383 3088 et
415 3024 564 3107 deposuit
595 3037 629 3086 ut
661 3023 783 3103 debuit,
815 3025 953 3106 ideoque
985 3024 1090 3106 ipsum
1123 3023 1238 3106 Elyam
1272 3023 1452 3084 institorem

186 3132 320 3194 racione
342 3129 425 3194 dicte
442 3130 625 3213 pecuniaria
642 3130 817 3192 solucionis
834 3149 931 3212 quam
948 3130 1110 3212 predictus
1128 3129 1323 3190 Laurencius
1340 3141 1450 3190 contra

183 3239 295 3321 ipsum
328 3237 443 3322 Elyam
475 3238 678 3320 proponebat
709 3251 740 3299 et
772 3238 1025 3319 prosequebatur
1056 3234 1222 3297 reddimus
1253 3233 1451 3317 expeditum,

181 3345 355 3426 ipsamque
379 3344 505 3406 vineam
539 3362 636 3426 quarn
668 3344 707 3404 ab
741 3343 811 3425 ipso
844 3342 1022 3404 Laurencio
1054 3341 1153 3404 modo
1178 3341 1333 3424 premisso
1366 3361 1454 3402 corn·

183 3451 305 3534 paruit,
330 3449 434 3512 eidem
461 3449 541 3532 Elye
573 3449 709 3511 institori
734 3469 771 3510 ac
802 3469 858 3532 per
890 3469 964 3510 eum
988 3449 1054 3512 suis
1085 3446 1257 3511 heredibus
1285 3448 1454 3510 statuimus

179 3569 343 3640 perpetuo
366 3555 606 3638 possidendam.

295 3661 374 3724 ltem
391 3681 485 3724 causa
510 3661 593 3724 inter
610 3661 803 3744 Gregorium
825 3661 927 3723 filium
944 3660 1106 3723 Valentini
1124 3675 1154 3724 et
1179 3662 1260 3724 inter
1286 3661 1452 3724 Thomam

180 3769 294 3832 Choni
321 3787 430 3830 coram
454 3768 548 3830 nobis
572 3781 670 3846 mota,
694 3767 802 3830 habita
827 3781 857 3828 et
880 3781 1023 3829 vertente
1048 3787 1148 3850 usque
1173 3769 1212 3830 ad
1238 3768 1379 3850 primum
1405 3766 1454 3849 ju-

179 3876 308 3937 dicium
333 3873 374 3936 ad
398 3893 511 3957 pacem
536 3886 583 3936 est
606 3887 788 3956 prorogata.

295 3980 373 4043 ltem
399 3980 475 4062 quia
499 3980 590 4042 litera
614 3979 755 4061 quedam
782 3979 991 4062 privilegialis
1022 3993 1166 4061 tempore
1191 3979 1310 4041 Pehem
1336 3977 1454 4060 judicis

179 4107 243 4170 pro
268 4099 359 4168 parte
383 4085 467 4148 Petri
492 4087 532 4147 de
557 4087 715 4148 Rakonok
739 4105 834 4168 super
857 4085 1029 4148 medietate
1065 4085 1231 4148 cuiusdam
1257 4085 1365 4148 lenilis
1390 4085 1453 4146 liti·

180 4193 268 4276 giosi
294 4191 438 4254 indebite
462 4205 493 4254 et
516 4193 623 4254 minus
646 4191 727 4274 juste
745 4191 889 4256 confecta
913 4206 1037 4275 reperta
1062 4205 1108 4255 est
1136 4205 1166 4254 et
1184 4192 1305 4254 nullius
1321 4191 1451 4273 vigoris,

182 4299 263 4382 quia
296 4317 357 4360 nec
389 4298 421 4359 in
453 4299 585 4360 katerno
616 4298 759 4379 judiciali
792 4312 900 4360 nostro
932 4299 1098 4360 communi
1131 4297 1251 4361 factum
1284 4299 1316 4360 in
1340 4298 1452 4359 eadem

181 4417 377 4468 contentum
401 4403 554 4486 repperiri
571 4404 691 4486 potuit;
716 4404 948 4486 quamquidem
981 4403 1107 4466 literam
1133 4404 1199 4486 ipse
1230 4404 1341 4466 Petrus
1366 4401 1451 4464 filius

178 4510 297 4574 Choni
323 4510 356 4570 in
381 4507 465 4571 lacto
488 4510 686 4592 litigionario
711 4509 794 4572 dicte
818 4511 999 4573 medietatis
1016 4511 1115 4594 ipsius
1140 4509 1246 4572 lenilis
1270 4521 1379 4571 contra
1405 4508 1452 4570 di-

176 4631 324 4681 scretum
360 4616 465 4678 virum
500 4616 670 4678 dominum
702 4616 866 4700 Mathyam
906 4618 1116 4700 presbiterum
1148 4616 1253 4679 filium
1288 4615 1453 4679 Michaelis

179 4721 319 4787 sartoris
343 4741 451 4784 coram
468 4722 562 4784 nobis
586 4722 731 4785 exhibuit
747 4735 777 4784 et
801 4724 1004 4805 presentavit,
1023 4724 1162 4805 ideoque
1188 4723 1247 4805 ipsi
1271 4721 1363 4804 jurati
1381 4742 1452 4804 pre·

178 4831 306 4892 dictam
339 4828 464 4890 literam
496 4841 660 4910 tamquam
693 4826 805 4890 falsam
848 4829 1104 4910 dijudicaverunt
1136 4828 1351 4908 lacerandam,
1382 4848 1452 4910 pre·

176 4937 303 4998 dictam
330 4945 436 4996 autern
463 4933 666 4996 medietatem
686 4935 785 5016 ipsius
810 4932 917 4996 senilis
934 4955 1006 4997 cum
1033 4936 1094 4997 alia
1112 4936 1283 4998 medietate
1308 4934 1451 4996 eiusdem

176 5041 331 5129 predicto
357 5039 491 5103 domino
516 5038 647 5124 Mathye
672 5053 703 5103 et
727 5041 797 5103 aliis
817 5040 989 5104 heredibus
1006 5041 1105 5125 ipsius
1131 5041 1297 5104 Michaelis
1321 5039 1451 5103 sartoris
