3876 5798
414 761 498 824 idem
525 761 635 823 Petrus
651 760 785 822 servitor
802 756 915 841 prelati
934 756 1071 820 condam
1090 757 1203 820 Briccii
1228 757 1343 838 judicis
1368 759 1399 818 in
1417 755 1565 819 extremis
1589 754 1676 816 simi·

413 869 484 930 liter
508 869 571 930 vite
595 888 651 930 sue
669 866 855 949 temporalis
880 879 914 926 ut
932 865 1106 946 predicitur
1130 865 1292 944 laborans,
1309 865 1414 928 eidem
1438 864 1561 926 Briccio
1578 862 1676 944 judici

413 987 467 1035 aut
492 973 561 1056 ipso
586 974 761 1036 decedente
786 969 909 1054 prefato
935 969 1072 1032 Johanni
1091 970 1189 1052 judici
1211 970 1433 1032 commissario
1459 983 1490 1032 et
1514 967 1675 1032 executori

412 1079 593 1142 testamenti
618 1078 763 1141 eiusdem
793 1076 907 1139 Briccii
933 1076 1047 1154 judicis
1078 1077 1218 1139 vendere
1242 1091 1273 1140 et
1305 1077 1457 1160 pecunias
1477 1095 1535 1158 pro
1560 1075 1677 1156 quibus

413 1186 604 1248 venderetur
628 1184 666 1246 ad
692 1185 860 1246 ecclesiam
878 1183 962 1246 beati
987 1183 1116 1245 Andree
1134 1183 1273 1266 apostoli
1300 1184 1333 1245 in
1351 1183 1513 1264 Grangya,
1537 1180 1592 1242 ubi
1610 1181 1676 1262 ipse

414 1293 524 1354 Petrus
548 1289 719 1354 defunctus
735 1291 878 1373 sepultus
902 1309 969 1351 esse
995 1289 1190 1371 perhibetur,
1207 1309 1266 1372 pro
1285 1291 1391 1352 anima
1416 1309 1473 1352 sua
1496 1286 1678 1370 expendere

413 1398 591 1479 legavisset,
615 1412 647 1460 et
670 1397 746 1479 quia
772 1397 872 1458 eciam
898 1395 1039 1478 prelatus
1064 1396 1182 1459 Paulus
1206 1395 1292 1458 filius
1315 1396 1414 1479 ipsius
1438 1393 1599 1457 Dominici
1616 1391 1676 1453 lra-

413 1505 469 1565 tris
492 1505 627 1566 carnalis
651 1503 727 1564 dicti
753 1503 835 1564 Petri
861 1503 1070 1564 consimiliter
1094 1503 1126 1564 in
1151 1505 1301 1564 extremis
1324 1504 1388 1564 vite
1412 1521 1468 1564 sue
1492 1498 1677 1582 temporalis

413 1611 573 1688 laborans,
598 1611 773 1694 predictam
791 1629 888 1671 unam
913 1609 1117 1672 medietatem
1136 1609 1235 1692 ipsius
1258 1610 1377 1672 domus
1399 1621 1522 1670 mutate
1539 1621 1570 1669 et
1586 1604 1675 1667 lundi

413 1737 449 1779 ac
469 1715 704 1794 hedificiorum,
722 1715 909 1798 porcionem
926 1715 1076 1778 videlicet
1092 1735 1183 1778 suam
1197 1717 1257 1777 sibi
1275 1735 1331 1798 per
1348 1715 1529 1798 predictum
1547 1713 1674 1774 Petrum

413 1835 561 1904 patruum
586 1841 679 1883 suum
703 1820 966 1884 testamentaliter
991 1837 1021 1884 et
1039 1823 1232 1884 verbotenus
1256 1823 1405 1902 legatam,
1423 1839 1521 1884 unam
1548 1833 1582 1881 ut
1605 1838 1673 1901 pre·

413 1928 530 1990 dicitur
553 1942 699 2010 quartam
717 1929 802 1990 curie
825 1929 856 1990 in
881 1949 913 1990 se
931 1928 1134 2007 retinentem,
1152 1948 1225 1990 cum
1242 1930 1307 1991 suis
1322 1929 1511 1990 utilitatibus
1535 1942 1565 1989 et
1582 1925 1676 2009 perti-

414 2035 543 2102 nenciis
559 2035 716 2097 universis
739 2033 874 2117 provide
905 2035 1033 2096 mulieri
1065 2033 1186 2116 prelata
1217 2035 1369 2097 videlicet
1393 2035 1510 2115 Agneti
1537 2031 1676 2109 mulieri,

413 2159 472 2223 pro
496 2155 571 2202 tunc
595 2161 651 2203 sue
676 2141 814 2203 consorti
833 2153 864 2202 et
887 2141 1014 2201 Andree
1032 2140 1101 2202 lilio
1125 2160 1184 2203 suo
1209 2162 1245 2202 ex
1262 2142 1375 2204 eadem
1394 2145 1517 2223 Agnete
1542 2139 1676 2201 muliere

413 2246 569 2328 legittime
592 2247 762 2329 progenito
786 2247 955 2329 legavisset
971 2247 1118 2310 similiter
1142 2248 1209 2328 jure
1235 2247 1423 2330 perhennali
1448 2245 1675 2330 possidendam

413 2366 445 2414 et
468 2353 778 2434 quomodocumque
802 2353 964 2416 voluerint
987 2353 1223 2436 disponendam
1241 2354 1326 2434 juxta
1351 2353 1575 2416 condicionem
1600 2350 1677 2412 civi·

416 2459 488 2521 tatis
509 2471 674 2541 prenotate
692 2461 732 2521 ab
756 2460 890 2542 antiquo
907 2462 1128 2542 approbatam,
1146 2460 1285 2542 ideoque
1304 2480 1363 2522 nos
1387 2459 1563 2542 predictam
1580 2476 1676 2520 unam

416 2563 645 2646 (medietatem)
659 2565 758 2648 ipsius
771 2565 886 2628 domus
904 2580 1027 2628 murate
1042 2579 1073 2628 et
1091 2565 1180 2628 fundi
1199 2587 1235 2628 ac
1253 2565 1478 2628 hedificiorum
1491 2563 1677 2648 porcionem

416 2671 535 2734 scilicet
548 2671 647 2754 ipsius
661 2672 751 2734 Pauli
765 2691 838 2734 cum
851 2673 916 2734 suis
929 2673 1129 2753 utilitatibus,
1140 2693 1238 2735 unam
1266 2674 1416 2736 videlicet
1432 2687 1578 2755 quartam
1591 2672 1677 2733 curie

417 2777 448 2839 in
465 2798 498 2840 se
515 2781 716 2856 retinentem,
741 2779 890 2861 predictis
908 2781 1024 2859 Agneti
1042 2779 1168 2842 mulieri
1186 2792 1217 2842 et
1234 2779 1364 2842 Andree
1387 2778 1454 2842 filio
1478 2799 1537 2841 suo
1561 2798 1597 2840 ac
1622 2797 1678 2859 per

415 2903 471 2945 eos
495 2883 636 2966 ipsorum
661 2883 833 2947 heredibus
856 2885 1025 2946 statuimus
1048 2905 1085 2948 ex
1117 2885 1280 2968 premissis
1303 2885 1372 2968 jure
1397 2899 1553 2970 perpetuo
1577 2883 1676 2966 possi·

416 2988 554 3051 dendam
579 3005 610 3053 et
626 2991 934 3072 quomodocumque
951 2991 1113 3054 voluerint
1128 2992 1364 3074 disponendam
1390 2991 1475 3074 juxta
1501 2991 1677 3074 predictam

415 3093 641 3158 condicionem
665 3095 801 3158 civitatis
831 3109 1008 3178 prenotate,
1040 3097 1137 3160 aliam
1161 3117 1239 3161 vero
1271 3099 1477 3161 medietatem
1502 3097 1676 3180 predictam

418 3200 517 3282 ipsius
534 3200 650 3262 domus
666 3215 788 3263 murate
807 3215 837 3264 et
854 3201 944 3264 fundi
962 3223 998 3265 ac
1014 3202 1237 3266 hedificiorum
1255 3225 1351 3267 unam
1369 3205 1516 3266 similiter
1532 3216 1677 3286 quartam

417 3305 503 3367 curie
528 3305 559 3369 in
583 3327 616 3368 se
641 3307 845 3387 retinentem,
861 3308 1008 3370 similiter
1031 3329 1104 3372 cum
1121 3311 1187 3371 suis
1205 3310 1396 3373 utilitatibus
1420 3323 1451 3373 et
1475 3308 1679 3392 pertinenciis

416 3412 573 3474 universis
597 3414 741 3497 predicto
767 3414 905 3477 lobanni
923 3414 1020 3496 judici
1045 3416 1183 3478 vendere
1208 3430 1239 3479 et
1255 3437 1313 3500 pro
1331 3417 1438 3479 anima
1462 3415 1574 3500 prelati
1594 3415 1678 3477 Petri

417 3517 516 3580 modo
540 3520 693 3602 premisso
717 3520 899 3603 expendere
923 3521 1053 3604 plenam
1077 3523 1280 3585 attribuimus
1304 3522 1502 3586 facultatem.

527 3643 603 3705 ltem
628 3644 723 3726 judex
741 3658 772 3708 et
788 3645 880 3726 jurati
902 3645 1052 3708 candelas
1068 3646 1315 3709 colendinorum
1332 3667 1388 3710 seu
1405 3647 1551 3730 dupleria
1568 3664 1680 3708 eorum

420 3747 569 3810 videlicet
601 3750 763 3812 colendini
794 3751 995 3812 sacerdotum
1029 3765 1061 3814 et
1090 3752 1260 3814 Slavorum
1288 3774 1324 3815 ac
1356 3754 1628 3836 carpentariorum
1649 3763 1681 3814 et

418 3853 612 3936 carnificum,
637 3877 772 3920 numero
797 3859 867 3936 XX,
891 3859 972 3920 sicut
995 3860 1204 3942 prescriptum
1224 3873 1280 3940 est,
1304 3879 1367 3942 que
1392 3859 1554 3923 lohannes
1577 3859 1681 3921 dictus

418 3962 520 4024 lanko
544 3961 628 4024 filius
652 3964 789 4026 condam
813 3963 968 4026 lobannis
992 3965 1092 4048 Bolye
1117 3967 1323 4043 subtraxerat,
1349 3965 1389 4028 de
1414 3966 1507 4028 bonis
1530 3979 1561 4027 et
1584 3965 1680 4027 rebus

418 4068 561 4131 eiusdem
587 4069 740 4132 lobannis
765 4070 886 4132 eisdem
911 4071 1090 4133 colendinis
1107 4072 1249 4154 plenarie
1273 4073 1496 4154 persolverunt
1519 4069 1679 4154 usquead

418 4176 696 4238 contentacionem
722 4195 833 4238 eorum
858 4177 1094 4254 omnimodam,
1126 4178 1205 4240 duas
1228 4193 1335 4240 autern
1367 4179 1517 4241 candelas
1540 4197 1596 4240 seu
1621 4177 1680 4238 du-

419 4280 519 4361 pleria
544 4281 675 4343 ecclesie
701 4283 792 4344 beate
817 4282 949 4364 virginis
981 4283 1020 4344 ad
1055 4285 1195 4362 abbates,
1220 4303 1282 4366 que
1314 4285 1460 4347 similiter
1483 4285 1681 4345 subtraxerat

418 4386 485 4468 ipse
509 4385 680 4468 lohannes,
702 4389 734 4449 in
758 4389 864 4470 specie
888 4388 1106 4452 reddiderunt.

523 4511 601 4573 ltem
633 4511 794 4574 lohannes
825 4526 926 4574 sartor
957 4512 1089 4574 claudus
1120 4527 1229 4576 contra
1255 4514 1457 4576 Anthonium
1490 4533 1678 4596 arcuparem

418 4617 539 4680 dictum
564 4619 666 4680 Janko
689 4619 796 4702 primo
825 4619 937 4681 citatus
961 4639 1026 4681 non
1051 4622 1240 4700 comparuit.

524 4743 601 4805 ltem
627 4744 818 4806 Benedictus
842 4757 930 4805 sutor
947 4757 1056 4806 contra
1081 4744 1282 4807 Anthonium
1302 4747 1548 4826 prebendarium
1575 4747 1681 4828 primo

418 4849 531 4911 citatus
555 4869 620 4912 non
645 4851 836 4930 comparuit.
