3796 5812
456 568 520 646 456
851 572 935 625 Anno
959 565 1052 644 1448.
1080 601 1119 612 --
1146 581 1193 642 15.
1222 567 1337 627 martii.

460 781 608 862 Gregorii
633 779 851 861 Wrecbarych
876 793 906 840 et
923 779 1098 841 liberorum
1123 778 1260 840 condam
1279 779 1418 840 Emerici
1432 780 1582 842 Nadolen
1598 781 1713 860 habite,

462 899 639 966 tangentes,
668 905 726 968 pro
757 899 846 968 parte
878 887 977 968 ipsius
1008 885 1144 948 condam
1170 884 1347 947 Clementis
1381 885 1533 948 institoris
1566 887 1714 951 conlecta.

460 993 626 1055 casualiter
649 1005 793 1074 tempore
825 992 1096 1054 concremacionis
1127 991 1244 1053 domus
1267 989 1404 1052 condam
1427 990 1558 1073 Georgii
1590 993 1711 1074 judicis,

456 1113 601 1182 tempore
627 1097 786 1180 judicatus
816 1099 864 1160 sui
898 1098 1041 1160 conlecta
1065 1111 1096 1160 et
1126 1111 1283 1176 emanata,
1313 1098 1482 1160 casualiter
1517 1115 1713 1162 concremata

456 1205 585 1282 fuisset3
610 1219 640 1266 et
664 1205 739 1286 quia
763 1205 863 1266 eciam
896 1205 963 1286 ipse
992 1204 1145 1267 Clemens
1177 1204 1305 1265 vineam
1329 1205 1503 1286 predictam
1535 1206 1714 1286 aquadam

458 1331 567 1374 sorore
591 1331 647 1372 sua
672 1330 730 1394 pro
754 1325 837 1373 certa
869 1311 1079 1394 pecuniarum
1113 1311 1300 1392 quantitate,
1332 1309 1435 1372 adbuc
1465 1311 1497 1370 in
1524 1309 1581 1372 ltoc
1605 1312 1713 1372 seculo

457 1417 675 1500 temporaliter
692 1419 813 1495 vivens,
836 1418 964 1478 emisset
988 1431 1019 1478 et
1042 1431 1267 1499 comparasset,
1292 1417 1324 1478 in
1341 1418 1433 1478 cuius
1455 1417 1544 1478 vinee
1569 1416 1715 1479 dominio

458 1538 489 1586 et
511 1523 712 1606 possessione
736 1536 843 1584 tamen
869 1523 935 1606 ipse
961 1523 1112 1585 Clemens
1132 1523 1258 1585 institor
1284 1542 1385 1604 usque
1409 1523 1449 1584 ad
1475 1536 1609 1584 mortem
1626 1542 1714 1584 suam

458 1643 488 1690 et
513 1641 585 1711 post
611 1643 746 1690 mortem
772 1630 870 1712 ipsius
894 1643 959 1692 tam
985 1649 1075 1708 uxor,
1108 1649 1204 1710 quarn
1229 1628 1314 1690 lilius
1344 1649 1441 1711 quarn
1465 1629 1558 1692 ceteri
1583 1629 1716 1691 heredes

457 1737 526 1798 eius
549 1749 580 1797 et
603 1735 784 1817 specialiter
808 1735 875 1818 ipsa
900 1735 1001 1797 Elena
1023 1736 1131 1797 relicta
1156 1735 1255 1818 ipsius
1272 1735 1450 1798 Clementis
1475 1736 1627 1798 institoris
1644 1749 1713 1818 post

456 1855 592 1904 mortem
618 1843 777 1904 dictorum
802 1841 859 1903 filii
884 1857 914 1904 et
938 1843 1075 1904 aliorum
1093 1842 1248 1904 heredum
1273 1842 1417 1904 eiusdem
1435 1842 1611 1904 Clemertis
1629 1843 1713 1904 insti·

455 1949 533 2010 toris
557 1949 722 2030 hucusque
759 1949 887 2030 pacifice
921 1962 1138 2031 permanserat
1171 1964 1202 2011 et
1234 1951 1409 2031 permansit
1432 1951 1560 2011 nemine
1590 1951 1715 2033 penitus

457 2054 693 2116 contradicente
718 2067 748 2116 et
772 2055 919 2136 quia'ad
951 2055 1067 2116 trinam
1101 2054 1260 2117 forensem
1293 2071 1323 2117 et
1347 2057 1506 2138 publicam
1540 2057 1714 2137 proclama·

457 2163 583 2224 cionem
617 2181 673 2242 per
705 2181 764 2222 nos
795 2161 965 2243 superinde
999 2181 1087 2222 more
1120 2162 1198 2222 alias
1228 2177 1379 2224 consveto
1411 2161 1477 2224 fieri
1502 2181 1715 2240 commissam,

456 2267 598 2350 predicte
618 2267 719 2328 Elene
737 2267 863 2328 mulieri
882 2267 1010 2329 racione
1034 2268 1117 2329 dicte
1135 2266 1264 2348 pacifice
1282 2268 1491 2348 possessionis
1508 2268 1609 2349 ipsius
1628 2269 1712 2329 vinee

457 2391 552 2434 nemo
577 2373 705 2454 penitus
730 2372 922 2435 contradixit
946 2392 1005 2434 nec
1037 2372 1281 2434 contradictorie
1313 2373 1465 2450 obviavit,
1495 2373 1637 2453 ideoque
1663 2393 1715 2434 nos

457 2479 633 2561 predictam
658 2481 784 2542 vineam
803 2480 902 2562 ipsius
923 2479 1100 2542 Clementis
1124 2481 1156 2540 in
1174 2479 1335 2540 vicinitate
1359 2477 1538 2560 supradicta
1563 2477 1713 2556 habitan,

456 2605 529 2646 cum
555 2585 706 2648 omnibus
730 2586 794 2646 suis
816 2586 1006 2648 utilitatibus
1030 2599 1060 2647 et
1077 2585 1281 2667 pertinenciis
1298 2585 1454 2646 universis
1470 2583 1590 2666 prefate
1617 2585 1713 2646 Elene

456 2689 583 2751 mulieri
609 2705 774 2772 tamquam
799 2691 908 2754 heredi
934 2692 1027 2754 unice
1054 2691 1187 2774 predicti
1213 2690 1391 2754 Clementis
1415 2691 1567 2752 institoris
1591 2704 1624 2751 et
1648 2709 1714 2772 pre·

455 2797 613 2858 dictorum
646 2795 702 2858 lilii
736 2812 767 2859 et
807 2797 933 2860 heredis
965 2799 1032 2860 eius
1068 2799 1204 2860 aliorum
1237 2799 1308 2860 vive
1340 2811 1411 2880 post
1449 2817 1504 2859 eos
1536 2799 1715 2858 remanenti

456 2903 625 2965 statuimus
656 2916 687 2965 et
721 2903 947 2966 confirmamus
982 2905 1049 2986 jure
1081 2919 1237 2987 perpetuo
1269 2919 1300 2966 et
1331 2904 1581 2966 irrevocabiliter
1617 2905 1719 2984 possi-

459 3009 597 3071 dendam
612 3023 643 3072 et
662 3011 969 3092 quomodocumque
986 3012 1123 3072 voluerit
1136 3010 1369 3093 disponendam
1387 3010 1471 3093 juata
1489 3010 1714 3073 condicionem

456 3115 591 3177 civitatis
614 3129 779 3198 prenotate
803 3119 842 3178 ab
867 3118 1000 3199 antiquo
1025 3119 1245 3199 approbatam.

563 3221 642 3283 Item
667 3223 743 3304 quia
766 3224 814 3283 vir
837 3223 991 3304 providus
1015 3224 1133 3285 Paulus
1164 3223 1267 3286 dictus
1291 3223 1420 3306 Babycb
1445 3222 1529 3285 filius
1554 3223 1653 3284 Blasii
1678 3223 1716 3284 de

456 3327 639 3410 Kreschycb
664 3328 805 3390 concivis
829 3343 947 3407 noster,
972 3343 1111 3390 nostram
1129 3330 1261 3390 veniens
1285 3330 1316 3390 in
1341 3329 1537 3411 presenciam
1563 3331 1660 3392 nobis
1678 3349 1715 3392 eo

456 3433 555 3494 modo
588 3433 766 3514 significare
799 3435 930 3514 curavit,
962 3449 997 3497 ut
1027 3437 1095 3517 ipse
1127 3435 1301 3515 quamdam
1329 3437 1456 3496 vineam
1486 3435 1545 3496 viri
1577 3436 1716 3496 condam

454 3539 582 3622 providi
617 3538 765 3621 Gregorii
798 3541 873 3602 dicti
906 3542 991 3601 Kuss
1022 3540 1079 3602 filii
1111 3541 1247 3602 condam
1280 3541 1365 3602 lwan
1399 3541 1474 3602 dicti
1506 3539 1660 3619 Golozlo,
1685 3542 1715 3602 in

453 3647 614 3709 territorio
640 3660 748 3708 nostro
773 3647 804 3707 in
830 3661 938 3708 monte
968 3647 1051 3709 lsecz
1075 3662 1189 3709 vocato
1210 3647 1346 3709 condam
1372 3647 1457 3708 lvvan
1474 3647 1659 3708 Corintiani
1677 3649 1714 3708 ab

454 3774 516 3815 una
542 3769 629 3835 parte
654 3753 803 3814 videlicet
827 3774 844 3814 a
869 3755 1121 3837 septemtrionali
1147 3767 1177 3814 et
1200 3754 1354 3816 Johannis
1371 3754 1463 3816 aliter
1487 3752 1581 3836 Gyan
1607 3754 1712 3816 vocati

454 3858 601 3942 pellificis
625 3861 664 3920 ab
689 3859 787 3920 altera
812 3859 961 3921 videlicet
984 3880 1001 3920 a
1026 3860 1228 3921 meridionali
1254 3873 1341 3942 parte
1372 3861 1526 3938 habitam,
1550 3861 1713 3922 mediante

453 3965 573 4027 fossato
598 3985 673 4027 vero
697 3979 727 4026 et
751 3966 884 4046 antiquo
909 3966 1011 4044 sitam,
1036 3987 1052 4027 a
1085 3967 1250 4028 cacumine
1274 3967 1392 4028 montis
1416 3967 1553 4048 desuper
1577 3985 1610 4029 et
1635 3967 1715 4029 inira

453 4093 555 4154 usque
580 4071 697 4133 vallem
723 4085 753 4132 et
778 4092 878 4152 usque
903 4086 986 4134 meta
1004 4072 1170 4134 vinearum
1195 4073 1337 4154 ipsorum
1354 4073 1533 4134 vicinorum
1550 4093 1584 4134 se
1610 4088 1716 4135 exten·

453 4179 593 4257 dentem,
618 4199 635 4239 a
660 4178 728 4238 viro
753 4179 890 4259 provido
915 4178 1052 4238 condam
1076 4177 1184 4239 lvvano
1206 4177 1292 4239 dicto
1317 4177 1469 4240 Jalchiew
1493 4179 1716 4240 commissario

452 4286 551 4366 ipsius
575 4284 712 4345 condam
739 4283 886 4364 Gregorii
912 4284 987 4345 dicti
1013 4285 1096 4344 Kuss
1118 4304 1177 4366 pro
1203 4304 1256 4345 sex
1285 4285 1398 4346 marcis
1422 4285 1631 4346 denariorum
1658 4285 1716 4368 ipsi

452 4391 590 4452 condam
615 4391 700 4450 lvvan
726 4390 893 4450 lalschievv
918 4389 1021 4450 adhuc
1045 4391 1164 4451 viventi
1189 4391 1282 4472 plene
1307 4391 1477 4472 persolutis
1498 4391 1629 4454 emisset
1648 4411 1716 4474 per-

452 4511 549 4579 petuo
574 4496 801 4578 possidendam
831 4517 868 4558 ex
901 4516 1057 4557 consensu
1089 4497 1268 4558 vicinorum
1293 4497 1529 4578 predictorum;
1561 4511 1592 4558 et
1626 4498 1714 4580 quod

452 4603 551 4664 eciam
576 4603 706 4663 tandem
731 4603 903 4682 quamdam
923 4617 1043 4685 partem
1066 4604 1207 4685 predicte
1231 4604 1323 4665 vinee
1341 4603 1486 4665 vicinalis
1511 4604 1613 4684 ipsius
1631 4604 1715 4666 lwan

451 4709 631 4772 Corintiani
656 4729 672 4769 a
696 4722 783 4790 parte
813 4709 895 4770 dicte
928 4710 1020 4770 vinee
1054 4710 1152 4791 ipsius
1177 4710 1267 4770 Pauli
1294 4709 1423 4792 Babycb
1455 4710 1559 4788 sitam,
1583 4711 1626 4771 ab
1652 4711 1714 4771 alia

451 4829 540 4898 parte
565 4816 709 4878 eiusdem
734 4816 827 4877 vinee
860 4817 1005 4876 vicinalis
1039 4817 1138 4897 ipsius
1163 4816 1247 4876 lwan
1273 4815 1464 4894 Corintiani,
1499 4835 1597 4896 quam
1632 4837 1717 4877 nunc

453 4923 613 4983 Rarnabas
639 4923 765 4983 institor
790 4921 873 4982 filius
899 4922 1027 5003 Matbye
1053 4922 1092 4982 de
1117 4923 1312 4983 Adamovvcz
1336 4924 1375 4984 ab
1401 4921 1513 4983 eodem
1539 4921 1627 4982 lwan
1654 4922 1714 4984 Co·

452 5029 590 5092 rintisno
618 5029 795 5112 empcionis
820 5029 912 5090 titulo
938 5027 1115 5089 dinoscitur
1147 5048 1357 5111 comparasse,
1389 5028 1482 5092 metis
1507 5026 1714 5112 infrascriptis
