3734 5796
350 571 413 632 300
737 555 825 614 Anno
844 550 938 632 1438.
964 587 1004 597 -
1022 565 1057 629 5.
1080 554 1242 614 decembres,

392 805 489 880 Faria
517 817 616 880 sexta
644 812 799 898 proxima
828 817 906 881 ante
933 811 1056 882 festum
1084 812 1175 882 beati
1204 811 1331 884 Nicolal
1360 814 1507 902 episcopi
1535 821 1570 884 et

877 935 1091 1006 confessoris.

852 1125 894 1200 (5.
918 1123 1096 1200 decembris).

453 1297 532 1358 ltem
557 1298 647 1360 Jurse
671 1311 761 1360 sutor
785 1299 816 1360 in
841 1319 977 1382 persona
995 1299 1127 1381 Agnetis
1151 1299 1294 1361 mulieris
1311 1298 1395 1362 dicte
1420 1299 1515 1361 Sema
1533 1319 1608 1361 con-

345 1403 439 1464 sortis
462 1423 529 1483 sue,
561 1403 646 1465 diem
671 1405 732 1466 sibi
764 1425 819 1486 per
851 1425 908 1468 nos
933 1406 964 1466 in
990 1425 1029 1467 eo
1061 1405 1224 1488 figendum
1257 1405 1298 1467 ad
1329 1406 1520 1466 instanciam
1551 1406 1608 1466 do·

346 1509 425 1569 mini
459 1510 557 1570 Marci
591 1497 755 1592 presbiteri
788 1511 845 1574 lilii
878 1511 1015 1573 condam
1040 1511 1179 1590 Gerdak,
1207 1526 1242 1573 ut
1266 1512 1332 1594 ipse
1365 1531 1494 1572 causam
1526 1512 1609 1573 inter

346 1615 485 1676 eundem
516 1617 685 1678 dominum
719 1619 862 1680 Marcum
894 1618 1068 1701 plebanum
1109 1618 1141 1679 in
1174 1623 1258 1680 sacto
1289 1638 1343 1679 sex
1374 1617 1444 1679 flor.
1476 1619 1545 1679 auri
1577 1633 1608 1679 et

346 1722 581 1804 quinquaginta
614 1722 818 1788 denariorum
850 1738 882 1788 et
916 1726 998 1787 inter
1029 1725 1129 1807 ipsam
1171 1729 1330 1806 Agnetem
1363 1725 1458 1786 Sema
1490 1724 1607 1787 dictam

346 1848 453 1890 coram
478 1831 571 1892 nobis
588 1845 719 1908 motam,
744 1833 783 1892 ab
801 1832 868 1913 ipsa
889 1835 1014 1912 Agnete
1031 1831 1166 1892 muliere
1190 1832 1305 1893 rescire
1321 1831 1428 1910 debet,
1454 1831 1607 1912 deputare

347 1935 563 2016 dignaremur,
588 1956 685 2018 quam
711 1937 815 2000 eidem
841 1937 881 1999 ad
906 1951 1054 1999 octavum
1072 1937 1157 1999 diem
1183 1957 1239 1999 seu
1263 1949 1409 1999 octavam
1435 1937 1521 1998 diem
1539 1956 1608 2019 pre·

345 2042 443 2104 sentis
466 2041 544 2104 lerie
568 2055 653 2104 sexte
678 2043 828 2106 duximus
851 2042 1074 2126 prefigendum
1099 2057 1129 2105 et
1152 2043 1385 2125 deputandum.

454 2185 532 2246 ltem
569 2184 722 2246 Clemens
757 2184 896 2267 frenipar
930 2206 1030 2268 gener
1062 2185 1223 2248 Dominici
1252 2184 1357 2266 jurati,
1393 2185 1609 2268 juramentum

346 2291 433 2372 quod
459 2289 556 2354 hodie
581 2305 690 2352 contra
715 2293 820 2374 ipsum
846 2292 1048 2354 Clementem
1080 2311 1235 2372 generum
1267 2292 1418 2353 suumin
1445 2291 1529 2352 lacto
1554 2292 1607 2353 de-

346 2397 413 2474 biti,
438 2417 503 2478 quo
528 2398 613 2459 idem
640 2397 792 2460 Clemens
816 2399 921 2480 ipsum
947 2399 1154 2460 Dominicum
1179 2397 1317 2479 juratum
1343 2398 1403 2458 sibi
1429 2397 1607 2459 debitorem

346 2501 413 2565 fore
438 2504 608 2586 allegabat.
635 2503 795 2586 deponere
829 2505 975 2583 debebat,
1007 2505 1114 2566 eidem
1142 2505 1315 2566 Dominico
1345 2505 1450 2586 jurato
1483 2504 1608 2585 penitus

345 2609 499 2671 relaxavit
523 2624 553 2671 et
577 2611 717 2671 eundem
743 2611 951 2672 Dominicum
976 2610 1114 2692 juratum
1138 2625 1174 2672 ut
1208 2629 1356 2672 socerum
1381 2630 1491 2672 carum
1517 2629 1608 2672 suum

345 2715 479 2776 omnino
504 2716 649 2796 quietum
674 2731 705 2778 et
728 2717 911 2799 expeditum
937 2716 1077 2778 reddidit
1100 2729 1131 2778 et
1155 2717 1276 2778 dimisit
1299 2717 1483 2798 superinde.

454 2855 531 2917 ltem
557 2858 631 2939 quia
657 2858 782 2920 Blasius
806 2859 909 2920 cultor
939 2878 1038 2939 gener
1060 2858 1144 2920 lwan
1170 2859 1208 2919 de
1235 2859 1415 2920 Petrowina
1441 2857 1539 2920 irater
1561 2857 1608 2938 ju·

345 2961 416 3022 nior
440 2961 563 3023 domini
589 2964 743 3025 Anthonii
768 2965 897 3046 plebani
922 2965 1022 3026 sancti
1051 2964 1202 3042 Emerici‚
1226 2964 1443 3044 juramentum
1468 2965 1528 3025 sibi
1553 2984 1608 3044 per

244 3099 247 3104 ·
345 3065 465 3146 juratos
490 3068 522 3129 in
557 3067 640 3131 facto
674 3069 746 3132 lurti
781 3071 854 3151 equi
889 3071 1027 3132 Emerici
1059 3070 1189 3131 sartoris
1220 3070 1325 3131 claudi
1357 3070 1461 3151 pridie
1486 3069 1608 3150 adjudi-

344 3186 447 3234 catum
474 3175 608 3256 prestitit
633 3189 663 3237 et
688 3176 836 3258 deposuit
852 3189 887 3238 ut
911 3177 1031 3253 debuit,
1055 3175 1195 3256 ideoque
1212 3176 1352 3237 eundem
1379 3176 1525 3238 Blasium
1541 3176 1607 3238 cul-

344 3292 448 3340 torem
471 3280 598 3342 racione
617 3282 715 3362 ipsius
739 3281 813 3342 lacti
839 3283 913 3343 dicti
932 3283 1006 3364 equi
1024 3281 1137 3364 prelati
1156 3282 1294 3343 Emerici
1320 3282 1522 3343 reddidimus
1541 3281 1608 3344 lore

344 3385 488 3464 quietum
515 3399 544 3446 et
567 3387 761 3468 expeditum.

450 3508 529 3570 Item
543 3510 645 3572 Frane
663 3511 901 3572 molendinator
916 3526 1025 3573 contra
1040 3512 1166 3573 Balsam
1184 3511 1479 3574 molendinatorem
1497 3525 1607 3594 quater

345 3614 459 3676 citatus
491 3635 548 3697 per
579 3617 683 3698 ipsum
717 3617 756 3678 ad
789 3618 1040 3699 comparendum
1074 3637 1182 3679 coram
1222 3619 1316 3679 nobis
1346 3618 1387 3678 ad
1418 3619 1607 3680 instanciam

345 3719 453 3801 ipsius,
478 3740 541 3782 non
571 3723 758 3804 comparuit.

451 3843 528 3905 Item
554 3843 647 3925 jurati
673 3846 704 3906 in
730 3866 821 3907 causa
848 3847 963 3908 domus
988 3863 1111 3908 murata
1136 3861 1166 3909 et
1198 3847 1290 3910 fundi
1315 3848 1456 3909 condam
1482 3849 1605 3910 domini

343 3949 466 4010 Nowak
490 3951 571 4011 inter
595 3951 763 4013 dominum
782 3954 938 4015 Jacobum
963 3955 1154 4016 canonicum
1173 3955 1305 4016 ecclesie
1329 3956 1548 4036 zagrabiensis
1564 3955 1604 4016 de

344 4055 500 4116 Zerdahel
526 4057 700 4137 plebanum
725 4074 755 4119 et
780 4060 861 4120 inter
885 4061 994 4122 Vitum
1021 4081 1176 4141 generum
1201 4081 1237 4122 ac
1261 4061 1358 4122 filiam
1384 4063 1524 4124 condam
1549 4062 1606 4123 do·

344 4161 422 4221 mini
448 4162 582 4241 Nowak,
607 4185 642 4224 ac
668 4165 749 4225 inter
774 4165 939 4226 dominam
964 4167 1122 4246 Agatham
1152 4187 1284 4229 uxorem
1317 4169 1461 4249 magistri
1486 4169 1605 4230 Vrbani

343 4266 500 4327 scolastici
526 4270 625 4329 nostri
658 4289 764 4330 coram
798 4273 892 4332 nobis
924 4285 1021 4350 mota,
1054 4273 1222 4335 audientes
1245 4287 1276 4335 et
1306 4275 1527 4336 examinantes
1549 4276 1607 4335 sub

342 4372 524 4453 juramento
548 4387 644 4435 testes
669 4376 809 4457 ipsarum
826 4378 981 4458 parcium,
1006 4379 1106 4459 ipsam
1125 4399 1253 4441 causam
1270 4380 1315 4440 sic
1332 4378 1607 4460 adjudicaverunt,

343 4493 377 4539 ut
401 4480 476 4559 quia
510 4493 604 4540 testes
637 4481 735 4562 ipsius
767 4483 831 4544 Viti
863 4483 972 4563 generi
1006 4499 1036 4545 et
1067 4483 1133 4546 filie
1165 4483 1278 4567 prelati
1309 4485 1450 4546 condam
1483 4485 1606 4546 domiui

343 4586 477 4662 Nowak,
503 4587 558 4666 qui
588 4587 781 4648 confessioni
814 4602 845 4650 et
875 4590 1023 4650 unccioni
1056 4591 1154 4672 ipsius
1179 4589 1402 4670 interfuerunt,
1435 4605 1512 4653 sunt
1536 4591 1606 4652 fassi

344 4692 403 4752 sub
434 4692 613 4774 juramento
646 4695 843 4775 singillatim,
876 4697 963 4776 quod
997 4697 1063 4777 ipse
1095 4697 1246 4758 dominus
1274 4699 1398 4759 Nowak
1431 4699 1606 4780 predictam

344 4797 478 4858 domum
503 4814 661 4860 muratam
687 4814 718 4861 et
739 4799 875 4862 fundum
900 4822 993 4862 suum
1019 4803 1051 4863 in
1080 4805 1230 4864 extremis
1253 4804 1317 4864 vite
1341 4823 1397 4863 sue
1421 4804 1607 4885 temporalis

344 4903 533 4982 laborand0,
558 4907 707 4985 predictis
732 4907 805 4967 Vito
827 4927 946 4986 genero
970 4924 1001 4968 et
1018 4907 1082 4969 filie
1108 4909 1207 4990 ipsius
1223 4929 1278 4971 seu
1304 4930 1360 4970 sue
1383 4909 1522 4990 legasset
1538 4929 1606 4992 per·

347 5022 443 5090 petuo
468 5011 706 5092 possidendam,
732 5013 871 5094 ideoque
898 5014 956 5095 ipsi
981 5014 1075 5096 jurati
1108 5015 1210 5098 ipsam
1235 5016 1368 5079 domum
1393 5029 1553 5078 muratam
1576 5031 1607 5079 et
