3678 5800
413 556 471 631 156
803 556 888 612 Atina
912 569 1002 632 1432.
1028 589 1068 599 -
1092 552 1146 615 28.
1170 557 1280 616 martti.

407 779 507 828 strum
534 766 733 849 Stephanum
757 781 911 828 sartorem
928 765 1050 829 dictum
1075 765 1221 828 Pundich
1238 767 1271 828 in
1296 787 1426 829 causam
1449 779 1616 829 attractum
1632 768 1666 828 in

409 869 494 934 facto
518 871 634 934 XXIIII
651 871 720 934 flor.
745 871 813 932 auri
832 884 863 934 et
886 872 974 933 LXX
995 892 1165 954 pensarum
1184 892 1343 934 novorum
1362 873 1568 934 denariorum
1585 893 1671 953 mag-

407 999 523 1039 norum
548 991 579 1040 et
603 980 811 1060 antIquorum
844 979 876 1040 in
906 977 1107 1041 testificando
1131 999 1229 1062 penes
1261 980 1427 1042 accionem
1452 980 1529 1041 dicti
1555 979 1671 1040 actoris

406 1104 470 1145 non
495 1085 701 1147 concordavit
725 1105 830 1167 neque
863 1084 1067 1148 uniformiter
1098 1099 1173 1148 sunt
1195 1085 1311 1166 testati,
1344 1086 1484 1168 ideoque
1509 1086 1577 1168 Ipse
1602 1105 1668 1146 ma-

405 1191 502 1271 gister
526 1190 707 1273 Stephanus
730 1191 876 1254 Pundich
898 1192 966 1254 sola
996 1212 1053 1253 sua
1085 1192 1118 1253 In
1143 1212 1280 1274 persona
1312 1191 1389 1254 feria
1414 1205 1500 1254 sexta
1525 1191 1671 1275 proxima

406 1309 480 1378 post
502 1309 630 1359 octavas
655 1297 751 1360 Pasce
779 1297 911 1359 DomIni
935 1297 1039 1378 jurate
1064 1298 1160 1361 debet
1190 1319 1286 1381 super
1317 1299 1416 1360 altare
1440 1318 1537 1380 super
1561 1318 1611 1377 eo,
1636 1311 1674 1360 ut

408 1404 475 1486 ipse
500 1403 538 1465 de
570 1403 721 1486 predictis
752 1405 908 1487 pecuniis,
939 1423 1018 1486 quas
1046 1405 1113 1488 lpse
1146 1405 1257 1467 Petrus
1289 1404 1545 1467 contradictum
1570 1405 1673 1484 magi·

405 1524 507 1572 strum
526 1510 725 1592 Stephanum
746 1511 948 1592 proponebat
965 1509 1062 1572 nichil
1080 1511 1206 1593 penitus
1223 1512 1281 1572 scit
1297 1531 1401 1593 neque
1418 1531 1475 1592 per
1491 1509 1671 1594 Elyzabeth

409 1635 553 1678 sororem
567 1617 667 1698 ipsius
679 1618 822 1698 magistri
840 1616 992 1698 Stephani
1006 1617 1093 1699 apud
1107 1618 1246 1679 eundem
1263 1619 1451 1699 magistrum
1470 1615 1670 1698 Stephanum

406 1721 536 1785 luerunt
560 1724 697 1805 reposite
722 1743 826 1807 neque
850 1723 890 1784 ad
914 1724 1169 1786 conservandum
1195 1724 1267 1786 date
1292 1723 1426 1787 fuissent
1450 1724 1566 1785 eidem.

459 1941 553 2015 Ferte
584 1951 683 2015 sexta
712 1945 865 2034 proxima
893 1955 969 2034 post
996 1945 1118 2016 festam
1147 1943 1429 2017 lanuariacionIs
1458 1943 1630 2015 dominice.

936 2093 1001 2171 (28.
1025 2097 1146 2174 martir).

514 2235 591 2296 Item
629 2236 775 2320 Mathyas
805 2257 904 2318 gener
936 2237 1088 2320 Stephani
1125 2237 1283 2299 Rakarieh
1320 2253 1428 2300 contra
1460 2236 1671 2299 ValentInum

409 2342 547 2422 juratum
570 2325 675 2403 ,filium
700 2343 763 2404 Iwk
788 2345 893 2425 prImo
917 2345 1029 2406 citatus
1053 2364 1118 2407 non
1143 2345 1332 2427 comparuit.

510 2447 587 2508 Item
614 2447 760 2510 Matheus
776 2450 963 2512 scolasticus
979 2465 1087 2512 contra
1113 2452 1286 2513 Matrinum
1310 2450 1412 2512 filium
1431 2451 1663 2512 Plemenschak

403 2555 509 2636 primo
532 2555 645 2615 citatus
670 2575 735 2616 non
760 2557 949 2638 comparuit.

511 2659 590 2722 Item
624 2661 769 2744 Mathyas
800 2675 887 2723 sutor
917 2682 1080 2724 successor
1109 2661 1240 2741 Georgii
1272 2662 1388 2722 sutoris
1420 2661 1666 2744 Thusthethych

403 2779 513 2827 contra
537 2765 691 2828 Costnam
723 2767 903 2830 carnificem
935 2767 1038 2830 filium
1067 2767 1232 2830 Benedicti
1264 2766 1428 2829 Zobanich
1452 2767 1595 2828 secundo
1622 2768 1665 2828 ci-

403 2886 487 2934 tatus
511 2893 577 2934 non
601 2875 790 2956 comparuit.

513 2979 592 3041 Item
624 2981 699 3062 quIa
731 2981 864 3062 provida
897 2981 1013 3042 muller
1045 2981 1220 3064 Elyzabeth
1253 2993 1364 3041 vocata
1397 2979 1504 3040 relicta
1530 2979 1670 3041 condam

405 3086 525 3147 nobilis
556 3086 615 3148 viri
649 3087 867 3148 Bartholomei
901 3087 956 3147 filii
990 3087 1086 3166 Iwan,
1121 3087 1208 3169 olym
1243 3085 1384 3148 concivIs
1415 3085 1524 3162 nostri,
1561 3101 1669 3147 nostra

405 3192 552 3254 slmiliter
576 3193 717 3254 concivis
743 3192 773 3254 id
799 3213 872 3254 cnm
896 3192 1067 3254 sufficienti
1101 3207 1132 3255 et
1155 3192 1319 3273 fidedigno
1353 3205 1536 3252 nostrorum
1561 3193 1669 3254 conci·

406 3299 493 3360 vluna
528 3299 714 3361 testImonio
743 3300 875 3360 insede
907 3314 1013 3360 nostra
1046 3298 1211 3379 judiciaria
1245 3299 1328 3359 clare
1361 3311 1392 3359 et
1415 3298 1533 3359 seriose
1559 3317 1668 3359 coram

406 3405 501 3465 nobis
535 3405 567 3464 in
600 3405 720 3485 judicIo
753 3405 984 3487 comprobavit,
1017 3419 1051 3466 ut
1082 3405 1158 3466 dum
1192 3409 1334 3486 prelatus
1365 3403 1613 3465 Bartholomeus
1637 3405 1668 3465 in

403 3511 555 3571 extremis
579 3511 643 3571 vite
666 3531 722 3571 sue
740 3511 926 3592 temporalis
946 3512 1129 3588 laborasset,
1154 3524 1229 3572 tunc
1260 3511 1327 3592 ipse
1351 3510 1512 3591 quandam
1531 3510 1667 3571 domum

405 3637 495 3677 suam
521 3616 617 3677 simul
642 3636 714 3677 cum
733 3616 834 3677 fundo
859 3618 890 3677 in
915 3618 1041 3678 civitate
1058 3617 1198 3699 predicta
1228 3617 1380 3696 habitam,
1405 3635 1502 3678 unam
1520 3631 1667 3697 quartam

408 3722 494 3782 curie
519 3723 605 3782 inse
630 3722 859 3801 continentem,
885 3724 986 3804 ipsum
1017 3724 1189 3786 literatorie
1215 3735 1472 3801 concernentem,
1505 3742 1577 3783 cum
1603 3723 1669 3783 suis

403 3828 609 3910 pertinenciis
632 3827 753 3909 prefate
778 3829 955 3911 Elyzabeth
980 3849 1037 3910 pro
1061 3843 1136 3892 tunc
1160 3850 1215 3890 sue
1239 3829 1379 3890 consorti
1403 3829 1573 3910 legavisset
1598 3829 1667 3908 jure

406 3933 594 4014 perhennali
611 3935 850 4016 possidendam,
876 3935 1015 4017 ideoque
1041 3955 1099 3996 nos
1115 3937 1289 4018 predictam
1316 3935 1449 3996 domurn
1474 3949 1505 3997 et
1528 3934 1666 3996 fundum

407 4040 502 4100 unius
526 4053 637 4120 quarte
662 4060 735 4101 cum
768 4041 832 4101 suis
864 4041 1055 4103 utilitatibus
1087 4055 1117 4103 et
1144 4043 1348 4124 pertinenciis
1377 4041 1533 4103 universis
1556 4061 1666 4124 supra·

405 4146 507 4225 dictis,
532 4161 708 4207 memorate
733 4148 909 4230 Elyzabeth
934 4149 1012 4209 alias
1037 4161 1067 4208 et
1091 4147 1154 4226 jam
1179 4162 1283 4210 nostre
1302 4148 1425 4208 concini
1450 4169 1487 4208 ac
1510 4169 1566 4230 per
1590 4169 1662 4210 earn

404 4253 469 4313 suis
493 4252 665 4314 heredibus
690 4255 797 4335 previa
822 4254 861 4315 de
878 4255 1006 4315 racione
1031 4255 1199 4315 statuimus
1216 4268 1246 4315 et
1270 4254 1491 4315 commisimus
1507 4254 1573 4335 jure
1594 4276 1665 4336 per·

404 4373 501 4439 petuo
526 4359 754 4440 possidendam
779 4374 809 4422 et
834 4361 1141 4442 quomodocumque
1159 4360 1295 4422 voluerit
1319 4361 1555 4442 disponendam
1578 4361 1664 4442 juxta

407 4465 632 4526 condiclonem
658 4465 793 4527 civitatis
817 4481 992 4548 prenotate.

511 4571 589 4632 Item
614 4572 757 4633 Francha
782 4593 853 4634 cum
877 4593 975 4635 uxore
999 4593 1054 4634 sua
1071 4586 1181 4634 contra
1199 4572 1374 4653 Georgium
1399 4571 1537 4654 Aythich
1561 4573 1665 4654 primo

407 4676 491 4738 citati
516 4697 582 4738 non
607 4693 864 4761 comparuerunt.

511 4783 589 4844 Item
607 4785 680 4864 qula
699 4787 798 4866 proba
815 4799 846 4846 et
866 4785 997 4846 honesta
1024 4785 1161 4847 condam
1179 4785 1311 4846 domina
1330 4785 1428 4846 Lucia
1444 4783 1510 4846 filia
1526 4785 1663 4846 condam

408 4889 563 4950 Iohannis
588 4889 749 4974 Grachyn,
774 4893 882 4953 relicta
907 4911 981 4952 vero
999 4893 1058 4952 viri
1079 4891 1216 4952 condam
1241 4891 1366 4972 providi
1391 4905 1421 4951 et
1444 4890 1663 4972 clrcumspecti

404 4994 563 5057 iohannis
586 4997 674 5082 olym
705 4997 819 5080 judicis
851 5011 882 5061 et
913 4997 1054 5060 concivis
1088 4997 1198 5076 nostri,
1222 4997 1278 5058 filii
1312 4995 1449 5077 NicolaI,
1481 5009 1512 5059 et
1534 4997 1663 5060 tandem
