3678 5800
522 501 608 559 Anno
634 515 724 580 1432.
748 537 791 546 —
815 498 867 564 28.
892 502 1066 562 novembris.
1364 523 1423 586 177

246 717 344 792 Ferla
373 727 471 793 sexta
500 722 656 812 proxima
684 730 761 793 aute
788 721 911 794 festum
940 719 1096 795 Omnium
1124 732 1331 796 sanctorum.

670 871 735 954 (51.
759 875 901 950 octobris).

264 1009 344 1074 Item
368 1012 444 1094 quia
469 1014 570 1096 proba
594 1012 711 1075 mulier
733 1013 835 1076 Eleus
858 1027 986 1093 vocata,
1009 1013 1117 1078 relicta
1134 1015 1272 1078 condam
1296 1015 1425 1078 Thome

155 1115 275 1178 sutoris
298 1115 356 1179 filii
381 1117 521 1180 Emerici
545 1117 634 1201 olym
665 1118 853 1181 habitatoris
877 1119 977 1203 ipsius
1008 1121 1156 1200 civitatis,
1181 1141 1266 1184 nunc
1291 1140 1425 1184 consors

158 1219 293 1302 Georgii
319 1223 523 1304 balneatoris,
555 1223 725 1286 habitatrix
758 1225 841 1286 dicte
870 1225 1017 1305 civitatis,
1049 1226 1082 1288 iu
1113 1239 1225 1289 suaet
1250 1227 1424 1289 Katherine

157 1325 226 1389 filie
258 1347 315 1390 sue
346 1329 380 1391 iu
410 1343 520 1392 tenera
551 1329 655 1393 adhuc
688 1343 770 1394 etate
802 1333 984 1411 constitute,
1016 1352 1053 1394 ex
1085 1332 1199 1395 eadem
1225 1344 1256 1396 et
1278 1334 1424 1416 predicto

158 1433 291 1496 Thoma
314 1448 423 1498 sutore
456 1435 613 1518 legittime
644 1439 822 1520 progenite,
854 1438 1009 1520 personis,
1034 1438 1066 1500 id
1099 1459 1170 1500 cum
1196 1437 1368 1502 sufficienti
1393 1453 1424 1502 et

156 1537 325 1623 fidediguo
348 1556 533 1604 nostrorum
557 1543 740 1606 concivium
755 1543 942 1606 testimonio
967 1544 999 1606 in
1024 1544 1099 1607 sede
1124 1559 1231 1608 nostra
1256 1546 1423 1627 judiciaria

154 1645 241 1708 clare
265 1649 489 1731 comprobavit
512 1668 619 1712 coram
645 1650 747 1728 nobis,
772 1662 808 1712 ut
831 1651 909 1712 dum
941 1649 1082 1734 prelatus
1106 1651 1252 1714 Thomas
1276 1665 1365 1714 sutor
1390 1653 1421 1714 in

155 1754 308 1815 extremis
330 1755 396 1816 vite
412 1774 468 1816 aue
491 1755 678 1838 temporalis
694 1756 880 1835 laborasset,
904 1769 979 1818 tunc
1000 1757 1067 1838 ipse
1083 1756 1217 1819 totalem
1241 1777 1331 1820 suam
1349 1775 1423 1839 por·

155 1859 286 1922 cionem
312 1859 428 1922 domus
452 1861 485 1923 in
509 1861 580 1924 vico
603 1874 748 1924 sutorum
772 1861 925 1942 habitam,
957 1863 1062 1944 ipsum
1094 1863 1267 1926 literatorie
1291 1883 1421 1925 concer-

157 1980 313 2047 nentem,
345 1987 419 2030 cum
451 1967 517 2030 suis
546 1969 751 2051 pertinenciis
781 1981 812 2030 et
843 1967 1035 2030 utilitatibus
1066 1969 1240 2046 universis,
1272 1969 1422 2051 predictis

158 2073 263 2135 Elenc
289 2073 398 2136 relicte
416 2087 446 2137 et
463 2073 637 2137 Katherine
661 2073 726 2136 filie
754 2075 819 2137 suis
835 2075 1005 2157 legavisset
1021 2088 1177 2158 perpetuo
1195 2075 1421 2157 possidendam

153 2193 186 2243 et
216 2181 526 2264 quomodocumque
550 2181 712 2244 voluerint
729 2181 962 2264 disponendam
987 2181 1072 2262 juxta
1097 2181 1323 2244 condicionem
1347 2182 1423 2244 civi·

150 2288 228 2350 tatis
247 2287 389 2370 prelate;
412 2301 444 2350 et
459 2287 535 2370 quia
559 2287 688 2349 taudem
706 2286 828 2370 prelata
846 2287 947 2349 Elena
964 2287 1082 2350 dictam
1101 2287 1288 2370 porcionem
1306 2287 1422 2350 domus

152 2413 189 2455 se
225 2393 423 2475 gubernare,
455 2413 566 2477 regere
597 2413 633 2457 ac
664 2407 772 2475 tegere
802 2413 867 2455 non
900 2413 994 2476 posse
1025 2393 1217 2472 declarabat,
1242 2393 1421 2476 eademque

153 2499 269 2582 porcio
295 2499 411 2562 domus
435 2500 469 2562 in
493 2499 732 2563 desolationem
749 2512 780 2562 et
799 2499 925 2561 ruinam
943 2499 1093 2562 devenire
1116 2499 1296 2580 videbatur,
1320 2514 1418 2582 prout
1491 2475 1495 2492 '

152 2626 193 2666 ex
229 2605 331 2668 relatu
363 2607 584 2689 queriminoao
615 2606 793 2668 vicinorum
825 2605 988 2688 porcionis
1019 2606 1119 2688 ipsius
1158 2605 1274 2668 domus
1304 2607 1422 2688 quibus

159 2712 279 2774 exinde
303 2713 404 2775 multa
440 2713 579 2796 dampna
611 2713 741 2775 evenire
772 2726 894 2794 reperta
925 2724 1000 2775 sunt
1024 2731 1061 2774 ex
1085 2727 1191 2775 acerto
1224 2713 1318 2796 plene
1343 2713 1422 2776 exti-

156 2819 259 2881 timus
284 2817 459 2899 informati,
492 2839 530 2881 ex
561 2838 665 2901 eoque
697 2819 764 2902 ipsa
787 2817 888 2880 Elena
919 2837 978 2880 nos
1001 2818 1228 2881 instantissime
1260 2838 1419 2900 supereo

158 2925 346 3008 postulavit,
363 2939 399 2989 ut
415 2927 516 3009 ipsam
542 2925 729 3009 porcionem
757 2925 873 2987 domus
896 2925 956 3008 ipsi
981 2925 1081 2987 Eleae
1105 2927 1234 3007 plenam
1258 2925 1421 2988 vendendi

150 3031 305 3094 daremus
320 3043 530 3115 potestatem
544 3032 684 3114 ideoque
700 3050 760 3094 nos
771 3029 928 3113 prefatam
944 3031 1075 3093 totalem
1093 3032 1281 3114 porcionem
1299 3033 1416 3095 domus

150 3156 227 3198 cum
252 3137 319 3200 suia
340 3137 548 3220 pertinenciis
573 3137 678 3201 eidem
704 3138 804 3199 Elene
822 3137 951 3220 plenam
976 3137 1138 3200 vendendi
1156 3152 1186 3200 et
1210 3139 1249 3199 de
1274 3139 1419 3221 pecuniis

148 3263 211 3326 pro
235 3244 355 3324 quibus
379 3244 547 3323 vendetur,
576 3244 782 3307 medietatem
814 3243 1024 3326 pecuniarum
1057 3244 1116 3305 sibi
1142 3264 1200 3326 pro
1223 3263 1257 3306 se
1279 3243 1417 3307 tollendi

149 3363 183 3412 et
208 3350 399 3432 recipiendi,
422 3351 580 3433 reliquam
598 3371 675 3413 vero
699 3351 905 3412 medietatem
923 3349 1109 3412 earumdem
1132 3351 1340 3433 pecuniarum
1359 3352 1419 3434 ipsi

151 3455 333 3520 Katherine
357 3457 551 3538 reservandi,
574 3458 600 3519 si
625 3477 725 3540 usque
747 3455 926 3519 maritalem
943 3469 1059 3518 etatem
1076 3458 1296 3540 supervixerit,
1321 3477 1418 3520 reser-

149 3562 250 3625 vandi
278 3561 427 3625 dedimus
451 3577 482 3626 et
506 3563 702 3626 contulimus
725 3563 928 3638 facultatem3
953 3581 1050 3644 quam
1073 3564 1204 3626 tandem
1228 3564 1418 3647 porcionem

149 3667 271 3731 domus
303 3668 371 3752 ipsa
403 3669 504 3732 Eleus
528 3668 674 3732 confessa
704 3683 751 3732 est
780 3669 964 3732 vendidisse
995 3669 1102 3732 vicino
1134 3671 1297 3753 porcionis
1321 3671 1419 3753 ipsius

148 3774 271 3838 domus
296 3794 354 3857 pto
377 3775 434 3838 Xll
459 3775 528 3841 flor.
552 3777 632 3839 auri.

216 4009 318 4085 Feria
345 4023 444 4086 sexta
472 4016 627 4106 proxlma
656 4024 733 4088 ante
761 4015 884 4088 festum
912 4017 1003 4088 beati
1032 4014 1162 4088 llndree
1190 4017 1347 4106 apostoli.

647 4165 714 4245 (28.
736 4171 918 4246 novembres).

260 4307 339 4371 item
371 4309 483 4372 Petrus
514 4308 636 4391 juratus
666 4307 752 4372 filius
775 4310 860 4372 Petri
894 4309 1016 4393 Saphar
1040 4323 1149 4372 contra
1180 4309 1343 4372 Thomam
1369 4308 1418 4390 ju-

147 4425 255 4476 ratum
289 4412 392 4476 filium
426 4413 533 4477 Choni
565 4427 806 4498 procuratorem
840 4414 972 4498 Georgii
1006 4415 1135 4498 kalyn
1167 4415 1272 4498 primo
1305 4415 1419 4476 citatus

148 4537 216 4581 non
247 4521 438 4602 comparuit.

258 4625 336 4688 item
361 4627 553 4690 Benedictus
576 4639 678 4690 sartor
709 4627 829 4710 juratus
853 4641 962 4690 contra
987 4628 1114 4691 Petrum
1148 4629 1287 4710 juratum
1312 4627 1416 4691 filium

148 4731 236 4794 Petri
261 4733 367 4815 primo
394 4733 507 4795 citatus
530 4753 596 4796 non
633 4734 821 4815 comparuit.

164 4911 168 4918 .
257 4838 335 4901 ltem
359 4840 435 4921 quia
460 4839 595 4922 Egidius
627 4838 767 4902 carnifex
798 4839 883 4902 iilius
908 4842 1055 4924 Dyonisii
1088 4839 1249 4904 Janchech
1275 4841 1362 4920 dicti,
1385 4841 1417 4902 id

150 4963 225 5006 cum
250 4943 420 5008 sufficienti
446 4959 476 5008 et
499 4945 664 5028 fidedigno
682 4960 865 5010 nostrorum
881 4949 1065 5011 concivium
1087 4947 1274 5011 testimonio
1291 4949 1323 5010 in
1341 4947 1417 5010 sede

1315 5061 1321 5097 t
1333 5057 1348 5097 a
