3734 5796
555 587 754 669 Ann01438.
776 623 816 635 -
841 604 890 651 [ο.
907 592 1060 666 januarii.
1381 609 1443 673 277

179 699 346 706 —--—
378 698 893 705 ———---.-—.--—.--...—.-.--..
953 699 1037 704 .—.-.-
1051 699 1059 704 .

176 817 207 866 et
232 803 485 866 irrevocabiliter
508 803 737 886 possidendam
766 816 797 864 et
829 803 1137 885 quomodocumque
1168 803 1307 866 voluerit
1330 803 1439 886 dispo·

177 909 319 972 nendam
333 909 420 992 juxta
434 909 659 972 condicionem
677 909 813 972 civitatis
829 923 995 992 prenotate
1012 911 1051 971 ab
1069 910 1203 991 antiquo
1220 912 1441 993 approbatam.

284 1017 362 1078 ltem
387 1017 533 1078 Thomas
556 1014 696 1078 carnifex
724 1029 834 1078 contra
858 1016 969 1078 Fricze
993 1017 1132 1098 juratum
1159 1016 1302 1078 secundo
1331 1017 1444 1080 citatus

178 1143 243 1185 non
270 1123 459 1205 comparuit.

287 1230 367 1292 ltem
377 1229 545 1292 Ladislaus
554 1227 714 1292 aurifaber
726 1229 848 1311 juratus
859 1241 968 1291 contra
978 1228 1120 1292 Blasium
1131 1229 1310 1292 institorem
1323 1229 1444 1292 dictum

175 1335 375 1398 Kurmanich
407 1347 441 1396 ut
472 1349 612 1398 actorem
646 1335 679 1397 in
720 1355 813 1398 causa
846 1335 929 1396 inter
960 1334 1046 1416 ipsos
1070 1334 1198 1416 habita,
1230 1335 1270 1398 ad
1302 1336 1442 1418 primum

177 1441 333 1525 judicium
359 1442 455 1504 debet
478 1441 672 1524 respondere
693 1440 779 1524 juxta
811 1441 917 1523 legem
941 1455 1081 1502 nostram
1116 1439 1442 1503 consvetudinariam.

287 1549 365 1612 ltem
397 1547 558 1630 Georgius
588 1546 673 1608 filius
705 1548 789 1610 Petri
821 1547 861 1610 de
893 1547 1075 1608 Petrowina
1101 1547 1132 1609 in
1161 1546 1244 1609 facto
1276 1547 1444 1610 cuiusdam

178 1669 262 1718 terre
285 1654 425 1736 litigiose
447 1668 477 1716 et
493 1655 659 1716 literarum
675 1654 918 1716 divisionalium
934 1654 1107 1736 superinde
1125 1651 1343 1716 confectarum
1362 1654 1445 1716 inter

180 1761 287 1843 ipsum
312 1775 343 1823 et
367 1761 495 1822 Petrum
520 1760 643 1822 dictum
668 1761 824 1822 Penthera
856 1759 957 1822 filium
983 1758 1068 1822 Galli
1094 1779 1201 1822 coram
1226 1759 1319 1822 nobis
1344 1773 1444 1840 moto,

178 1868 309 1930 Petrum
334 1867 475 1950 judicem
498 1866 600 1929 filium
626 1867 717 1928 Pauli
741 1880 772 1928 et
797 1865 991 1949 Gregorium
1008 1865 1218 1929 Wrecharich
1242 1865 1345 1928 lilium
1372 1867 1444 1928 Phi-

177 1975 258 2058 lippi
283 1994 366 2056 quos
391 1975 422 2036 in
447 1974 667 2037 testimonium
693 1974 882 2054 nominavit,
906 1974 946 2036 ad
970 1971 1083 2036 leriam
1106 1974 1237 2036 terciam
1261 1973 1442 2056 proximam

177 2093 251 2164 post
275 2079 392 2143 festum
411 2081 648 2164 Concepcionis
664 2095 771 2144 sancte
792 2081 892 2142 Marie
909 2101 995 2144 nunc
1018 2081 1163 2164 proxime
1180 2079 1351 2142 affuturam
1368 2098 1441 2162 pro·

178 2189 296 2250 ducere
321 2187 417 2250 debet
440 2187 481 2250 ad
504 2186 732 2250 attestandum.

232 2407 329 2482 Feria
357 2415 456 2481 sexta
484 2411 641 2498 proxima
669 2416 747 2497 post
775 2409 898 2481 festum
918 2405 1178 2499 Epiphaniamm
1205 2409 1334 2481 Domini
1360 2411 1393 2480 in

445 2552 530 2605 anuo
561 2534 694 2605 scilicet
720 2533 850 2604 Domini
879 2530 1180 2605 ucetexxxvlu.

681 2681 746 2764 (ιο.
762 2681 938 2766 januaria).

289 2824 370 2887 ltem
394 2823 557 2888 lohannes
579 2823 665 2888 filius
689 2825 856 2887 Jacomelli
889 2824 994 2886 Latini
1019 2824 1108 2908 olym
1131 2823 1224 2907 jurati
1249 2837 1280 2887 et
1303 2824 1445 2886 concivis

181 2932 293 3012 nostri,
317 2930 403 2994 filius
426 2945 458 2994 et
481 2931 573 2994 heres
597 2932 710 2993 unicus
727 2931 826 3014 ipsius
850 2930 1017 2994 Jacomelli
1034 2929 1127 3014 jurati
1151 2943 1317 3012 reppertus
1341 2943 1443 2993 estex

179 3053 298 3117 acerto,
323 3053 355 3102 et
387 3039 462 3120 quia
491 3039 558 3121 ipse
589 3037 784 3100 Jacomellus
814 3037 936 3120 juratus
959 3037 1037 3099 dum
1062 3037 1094 3099 in
1127 3038 1276 3100 extremis
1300 3037 1364 3100 vite
1388 3057 1445 3100 sue

178 3145 368 3228 temporalis
391 3144 577 3224 laborasset,
601 3157 677 3206 tunc
701 3145 769 3226 ipse
793 3143 957 3206 universas
978 3163 1050 3206 suas
1073 3143 1292 3226 possessiones
1316 3156 1347 3206 et
1370 3163 1443 3226 por·

180 3251 291 3314 ciones
314 3249 590 3333 possessionarias,
614 3249 765 3313 videlicet
788 3249 922 3312 domum
947 3269 1036 3312 suam
1063 3249 1160 3312 simul
1184 3269 1258 3312 curn
1281 3247 1391 3311 fundis
1414 3263 1445 3312 et

107 3349 112 3356 ”
180 3357 339 3419 hedificiis
371 3356 508 3438 aliisque
541 3356 746 3439 pertinenciis
774 3355 848 3436 suis,
880 3376 916 3418 ac
940 3356 1115 3418 stacionem
1148 3367 1178 3418 et
1201 3356 1330 3418 vineam
1353 3375 1445 3418 suam

181 3463 331 3526 similiter
355 3483 427 3526 cum
451 3464 518 3524 suis
542 3463 734 3525 utilitatibus
757 3476 788 3524 et
803 3461 1009 3545 pertinenciis
1033 3463 1185 3524 omnibus
1208 3462 1314 3544 ipsum
1339 3461 1398 3524 rite
1415 3475 1446 3524 et

183 3570 341 3652 legittime
375 3583 614 3648 concernentes,
647 3571 791 3652 predicto
823 3569 961 3632 Johanni
985 3567 1052 3631 filio
1081 3581 1112 3631 et
1143 3568 1253 3631 heredi
1277 3588 1335 3630 suo
1359 3569 1446 3648 vivo,

180 3677 253 3739 aliis
285 3675 359 3739 filiis
391 3691 422 3739 et
453 3676 626 3739 heredibus
656 3677 721 3738 auis
751 3677 879 3758 penitus
910 3675 1142 3755 deficientibus,
1174 3676 1344 3756 legavisset
1374 3675 1444 3758 jure

180 3783 369 3866 perhennali
392 3783 603 3866 possidendas
629 3797 725 3866 prout
756 3783 842 3845 idem
867 3781 1030 3845 lohannes
1054 3801 1127 3844 cum
1159 3781 1331 3844 sufficienti
1354 3783 1443 3845 testi·

181 3889 294 3952 monio
325 3903 509 3952 nostrorum
541 3889 682 3972 plurium
714 3889 896 3951 concivium
928 3907 1036 3951 coram
1064 3889 1158 3950 nobis
1189 3888 1271 3950 clare
1296 3908 1445 3971 compro·

181 3997 287 4072 bavit;
311 3997 366 4058 sed
391 3997 465 4078 quia
490 3997 557 4079 ipse
581 3996 744 4058 lohannes
771 3994 855 4057 filius
888 3995 964 4057 dicti
989 3995 1158 4058 Jacomelli
1191 3995 1298 4057 literas
1322 4009 1446 4058 nostras

180 4124 237 4166 seu
262 4103 398 4165 civitatis
421 4103 564 4186 predicte
588 4101 803 4185 privilegiales
826 4121 885 4184 pro
910 4115 998 4184 parte
1030 4103 1130 4184 ipsius
1153 4101 1322 4164 Jacomelli
1347 4121 1444 4183 super

181 4210 277 4272 dictis
300 4210 365 4272 suis
388 4209 644 4292 possessionibus
667 4223 697 4270 et
714 4209 922 4290 porcionibus
938 4208 1197 4291 possessionariis
1221 4207 1345 4270 dudum
1370 4227 1446 4269 con-

182 4315 282 4379 fectas
306 4329 338 4380 et
361 4329 523 4378 emanatas
547 4317 580 4377 in
597 4315 739 4398 predicta
764 4315 905 4376 stacione
930 4316 961 4376 in
980 4313 1227 4376 conservacione
1251 4313 1374 4376 habitas
1390 4333 1448 4396 per

182 4422 345 4485 stillicidia
370 4435 401 4483 et
424 4421 502 4484 alins
526 4420 684 4483 indebitas
704 4433 735 4482 et
759 4420 936 4502 inprovisus
953 4419 1218 4482 conservaciones
1234 4432 1398 4502 corruptas
1416 4431 1447 4482 et

182 4528 325 4590 totaliter
349 4539 555 4610 consumptas
578 4525 647 4589 fore
679 4527 774 4588 nobis
807 4526 992 4605 declaravit,
1024 4539 1056 4587 et
1079 4525 1154 4607 quia
1187 4525 1227 4587 ad
1250 4525 1367 4587 trinam
1399 4523 1447 4587 lo·

182 4653 309 4696 reusem
333 4647 364 4695 et
379 4634 542 4716 publicam
559 4633 853 4716 proclamacionem
870 4653 926 4714 per
944 4651 1003 4693 nos
1019 4631 1192 4714 superinde
1209 4630 1249 4693 ad
1273 4631 1445 4693 instantem

180 4741 282 4825 ipsius
305 4739 459 4802 iohannis
481 4740 675 4822 peticionem
691 4739 732 4801 de
756 4759 844 4801 more
869 4739 947 4800 alias
959 4751 1111 4800 consveto
1128 4737 1285 4820 legittime
1310 4735 1440 4817 iactam,

183 4849 217 4910 in
241 4846 418 4910 hereditate
441 4866 515 4910 vera
540 4847 681 4929 ipsarum
712 4846 950 4929 possessionum
982 4844 1058 4906 dicti
1083 4843 1250 4906 Jacomelli
1274 4843 1445 4926 patrissui

183 4973 282 5017 nemo
305 4955 434 5037 penitus
457 4953 671 5017 contradictor
700 4953 856 5035 apparuit,
889 4951 1029 5034 ideoque
1060 4970 1119 5012 noa
1141 4950 1299 5033 predictas
1323 4970 1446 5032 posses-

184 5062 293 5127 siones
317 5075 348 5123 et
363 5060 533 5147 porciones
549 5059 814 5148 possessiouarias
831 5059 930 5144 ipsius
947 5057 1127 5138 Jacomelli,
1144 5056 1295 5122 videlicet
1312 5056 1445 5122 domum
