3796 5812
1408 559 1468 638 481

316 772 395 834 Item
420 771 552 834 domina
568 769 690 833 Dicaua
706 772 816 834 relicta
834 771 994 853 Hanslyni
1012 771 1179 834 domitium
1199 773 1318 834 Lucam
1336 773 1472 836 condam

212 877 376 962 (juratum)
401 880 528 940 racione
553 878 719 939 cuiusdam
752 879 849 940 baltei
881 898 937 960 per
961 879 1062 959 ipsam
1096 879 1201 940 eidem
1225 879 1359 940 domino
1383 879 1469 941 Luca

214 985 298 1069 (pro)
325 986 463 1066 birsagio
489 985 693 1065 magnatum,
718 985 846 1046 racione
871 985 961 1046 cuius
985 984 1080 1045 baltei
1106 985 1210 1046 eidem
1228 985 1361 1046 domino
1386 985 1472 1046 Luca

212 1092 427 1174 juramentum
453 1090 563 1153 fuisset
594 1090 823 1172 adjudicatum,
848 1091 989 1152 reddidit
1021 1104 1052 1152 et
1075 1091 1197 1153 remisit
1227 1091 1411 1174 expeditum
1443 1105 1473 1152 et

212 1219 270 1282 per
293 1199 403 1261 omnia
427 1199 621 1260 absolutum.

319 1339 398 1402 Item
423 1339 599 1421 Gregorius
631 1339 670 1401 de
696 1339 862 1403 Cralewch
895 1353 1005 1402 contra
1037 1340 1121 1402 Iwan
1154 1339 1334 1402 carnificem
1366 1340 1472 1422 primo

213 1447 326 1508 citatus
349 1465 415 1508 non
439 1447 629 1529 comparuit.

319 1570 397 1632 Item
422 1590 515 1631 causa
540 1570 685 1653 Vydonis
709 1569 766 1632 filii
792 1571 872 1653 Elye
897 1584 1005 1632 contra
1023 1570 1203 1632 Iohannem
1228 1568 1408 1632 carnificem
1434 1569 1473 1632 ad

208 1676 348 1758 primum
373 1676 529 1758 judicium
554 1690 626 1758 post
647 1676 821 1740 adventum
847 1677 946 1759 ipsius
970 1677 1106 1738 Vidonis
1130 1689 1177 1739 est
1200 1689 1380 1759 prorogata.

315 1819 393 1881 Item
417 1819 604 1902 Hanslynus
628 1819 716 1880 solus
739 1833 855 1882 octavo
880 1821 932 1882 die
965 1839 1063 1902 penes
1087 1819 1242 1901 quasdam
1266 1819 1373 1880 literas
1395 1838 1468 1880 suas

209 1924 327 2007 jurabit
349 1945 443 2008 super
468 1946 518 2004 eo,
543 1926 631 2008 quod
656 1925 740 1987 Iwan
772 1924 857 1987 filius
881 1925 1080 1988 Chudaueeh
1112 1925 1172 1988 sibi
1196 1946 1250 1987 sex
1274 1925 1387 1987 marcis
1412 1924 1467 1985 de·

212 2033 375 2093 nariorum
401 2045 573 2094 teneretur.

315 2155 393 2218 Item
419 2155 612 2218 Benedictus
635 2156 783 2218 sacerdos
807 2155 891 2218 filius
915 2156 1072 2237 piliatoris
1096 2169 1210 2217 octavo
1234 2155 1286 2217 die
1311 2174 1406 2237 super
1432 2174 1471 2215 eo

211 2258 339 2342 jurabit,
363 2262 451 2342 quod
476 2261 542 2344 ipse
568 2263 742 2342 quemdam
766 2281 887 2344 equum
912 2261 1037 2324 Nicolai
1061 2259 1220 2323 carnIficis
1245 2307 1355 2324 .....

316 2385 394 2448 Item
421 2386 557 2448 Mathias
593 2386 730 2448 condam
761 2385 882 2468 juratus
910 2432 1020 2448 .....
1045 2385 1173 2466 triginta
1197 2398 1260 2447 tres
1291 2403 1413 2446 marcas
1444 2397 1475 2444 et

212 2504 275 2553 tres
299 2511 421 2574 pensas.

316 2615 396 2678 Item
430 2616 589 2678 Henricus
621 2614 751 2699 pellifex
783 2631 892 2678 contra
926 2615 1055 2678 Gerdak
1086 2615 1228 2678 secundo
1260 2615 1373 2678 citatus
1406 2634 1472 2675 non

212 2723 402 2806 comparuit.

318 2847 395 2908 Item
422 2849 540 2929 Myxeu
564 2849 603 2908 de
629 2845 783 2930 Chychan
809 2846 951 2909 secundo
968 2867 1001 2908 se
1026 2859 1139 2910 octavo
1164 2846 1216 2908 die
1240 2865 1335 2930 super
1362 2867 1400 2908 eo
1425 2845 1472 2928 ju-

209 2954 290 3014 rabit
314 2953 401 3034 quod
427 2953 531 3035 ipsum
557 2953 750 3015 Benedictus
773 2973 845 3015 cum
868 2951 1027 3036 (biccello)
1052 2953 1257 3016 vulnerasset.

317 3095 395 3157 Item
427 3095 580 3157 Nicolaus
612 3115 747 3176 magnus
779 3095 878 3156 lassus
910 3107 966 3172 est,
998 3095 1086 3176 quod
1112 3095 1177 3177 ipse
1202 3113 1260 3176 pro
1293 3093 1383 3156 factis
1416 3115 1473 3156 seu

211 3195 551 3263 excessibus'noverce
575 3202 674 3284 ipsius
698 3215 828 3263 centum
853 3201 1001 3264 denarios
1023 3202 1203 3283 recepisset.

315 3325 392 3386 Item
417 3325 637 3387 testimonium
662 3326 749 3407 quod
775 3325 905 3387 domina
937 3345 1067 3387 consors
1092 3325 1251 3387 Francisci
1276 3339 1387 3388 contra
1414 3326 1472 3388 do-

210 3432 331 3492 minam
357 3431 511 3494 Dicauam
538 3432 666 3493 racione
697 3431 863 3493 cuiusdam
889 3480 896 3493 .
921 3481 928 3493 .
958 3431 1133 3512 producere
1166 3432 1314 3512 debebat,
1338 3451 1395 3514 per
1425 3431 1472 3514 ju·

213 3551 297 3599 ratos
321 3538 360 3598 ad
387 3550 460 3599 octo
485 3537 552 3598 dies
576 3551 623 3599 est
646 3550 864 3618 prorogatum.

317 3661 393 3723 Item
420 3661 573 3722 Nicolaus
604 3673 635 3722 et
658 3661 769 3722 Petrus
799 3660 855 3722 lilii
882 3661 1028 3722 Matheus
1057 3659 1220 3723 Sthefanie
1245 3675 1317 3743 post
1341 3660 1472 3741 plenam

210 3781 241 3829 et
265 3767 487 3830 omnimodam
513 3767 706 3828 divisionem
724 3767 829 3827 eidem
854 3766 892 3827 de
910 3768 1031 3828 cunctis
1055 3769 1150 3829 rebus
1174 3780 1205 3829 et
1229 3767 1323 3828 bonis
1346 3787 1382 3828 ac
1399 3787 1471 3849 pos-

208 3874 404 3935 sessIonibus
427 3875 466 3934 ab
491 3873 567 3955 ipsis
591 3873 854 3955 provenientibus
879 3872 1037 3934 dederunt
1060 3887 1091 3935 et
1114 3874 1324 3955 assignarunt.

313 4015 391 4077 Item
416 4014 598 4076 Anthonius
622 4027 710 4075 sutor
742 4013 780 4074 de
805 4013 1030 4076 Chetettekhel
1057 4015 1185 4075 Petrum
1216 4027 1357 4074 sutorem
1383 4013 1466 4074 binis

207 4121 332 4181 vicibus
356 4121 571 4202 perhemtorie
597 4118 725 4201 (citavit)
752 4141 788 4180 ac
809 4120 950 4201 quodam
979 4119 1203 4181 testimonium
1220 4119 1412 4201 productum
1440 4119 1471 4179 in

208 4246 258 4305 en,
283 4226 371 4308 quod
397 4277 404 4290 .
430 4273 437 4288 .
463 4246 601 4288 unacum
625 4225 748 4308 prefato
773 4226 866 4287 Petro
883 4227 1011 4287 racione
1036 4223 1250 4307 quorumdam
1275 4223 1471 4306 (vulnerum)

208 4353 263 4414 per
288 4353 360 4394 eum
386 4352 481 4414 super
505 4333 609 4414 ipsum
634 4333 761 4394 Petrum
788 4332 961 4410 illatorum,
985 4351 1050 4393 non
1075 4331 1163 4393 venit
1186 4351 1244 4392 nec
1268 4331 1363 4393 misit.

316 4457 393 4518 Item
419 4477 511 4518 causa
538 4457 628 4518 Pauli
645 4456 761 4518 literati
787 4470 896 4517 contra
917 4457 1025 4518 Endre
1047 4456 1168 4518 dictum
1194 4506 1200 4518 .
1227 4504 1233 4517 .
1259 4475 1315 4537 per
1332 4456 1468 4518 alterum

208 4563 343 4624 Paulum
369 4563 529 4624 literatum
554 4563 593 4623 ad
618 4547 873 4624 octavum‘diem
898 4576 944 4624 est
968 4576 1147 4643 prorogata.

314 4705 393 4767 Item
419 4703 594 4784 Gregorius
616 4703 779 4765 Voschaar
802 4716 916 4765 octavo
949 4703 1000 4764 die
1025 4723 1081 4785 per
1106 4701 1283 4784 Georgium
1309 4701 1468 4784 Mykoech

208 4824 238 4873 et
263 4811 427 4872 Matheum
453 4809 624 4893 Zoychych
649 4809 709 4871 hoc
726 4809 897 4886 attestabit‚
922 4809 1010 4890 quod
1036 4809 1209 4891 quemdam
1235 4811 1351 4869 bovem
1375 4827 1469 4870 suum

208 4917 361 4979 Nicolaus
397 4917 533 4978 condam
570 4915 665 4997 judex
702 4917 785 4976 clara
822 4917 892 4976 luce
929 4929 959 4976 et
991 4915 1166 4997 dampnum
1199 4913 1368 4976 facientem
1400 4915 1469 4974 vul-

210 5037 358 5084 nerasset.

1325 5147 1359 5208 31
