3796 5812
378 891 457 954 Item
483 891 667 954 Anthonius
691 905 792 954 sartor
808 907 918 954 contra
936 893 1116 954 Johanoem
1142 893 1239 954 Liber
1254 895 1397 954 secundo
1422 896 1538 955 citatus

274 1018 339 1060 non
365 997 555 1080 comparuit.

381 1103 459 1166 Item
484 1123 577 1166 causa
609 1103 858 1168 carnificum..
885 1155 891 1168 .
917 1155 924 1167 .
948 1119 979 1168 et
1003 1105 1129 1168 Lucasii
1163 1103 1276 1166 famuli
1302 1104 1450 1166 Delasich
1484 1125 1540 1188 per

274 1211 392 1274 Pinech
417 1211 458 1272 ad
482 1225 632 1274 octavum
657 1211 743 1274 diem
768 1223 815 1274 est
837 1225 1018 1294 prorogata.

378 1335 456 1398 ltem
482 1335 665 1397 Anthonius
689 1336 812 1398 Jursich
842 1350 951 1399 contra
982 1337 1154 1398 Nicolaum
1187 1335 1336 1397 Delasich
1362 1336 1469 1418 primo
1494 1337 1537 1398 ci·

272 1455 355 1504 tatus
380 1463 444 1504 non
470 1443 659 1525 comparuit.

379 1549 456 1610 Item
482 1569 576 1611 causa
602 1549 755 1632 Stephani
780 1551 847 1612 Rez
872 1563 904 1613 et
928 1548 1060 1632 Georgii
1090 1549 1183 1631 jurati
1217 1569 1273 1632 per
1298 1549 1477 1611 Johannem
1504 1549 1538 1612 fi-

273 1654 353 1716 lium
379 1655 462 1718 Petri
487 1669 518 1718 et
541 1655 712 1717 Nicolaum
734 1655 892 1719 decanum
916 1676 1018 1738 usque
1035 1655 1208 1718 adventum
1234 1656 1309 1718 dicti
1336 1655 1481 1737 Georgii,
1502 1672 1536 1718 ut

269 1761 336 1843 ipse
360 1761 400 1823 ad
424 1761 564 1843 primum
589 1759 744 1842 judicium
769 1781 954 1845 comparere
978 1763 1104 1842 debeat,
1129 1777 1176 1824 est
1199 1775 1379 1845 prorogata.

375 1885 454 1948 item
478 1905 572 1948 causa
597 1884 728 1948 domine
752 1889 847 1949 Anne
871 1899 902 1949 et
926 1885 1070 1948 Francha
1103 1886 1253 1948 maritum
1279 1885 1380 1968 ipsius
1405 1885 1537 1948 domine

270 2003 301 2053 et
326 1990 504 2074 Georgium
529 2012 630 2074 usque
650 1991 946 2070 adventumsuum‚
970 2007 1005 2055 ut
1029 1992 1145 2075 ipsein
1171 1992 1276 2074 primo
1300 1991 1422 2074 judicio
1447 2010 1536 2054 com·

270 2117 388 2181 parere,
404 2099 531 2179 debeat,
556 2113 603 2162 est
631 2113 813 2182 prorogata.

375 2205 453 2269 ltem
478 2205 564 2268 lwan
582 2204 734 2289 Loytrich
759 2220 790 2267 et
814 2204 974 2287 Georgius
997 2203 1082 2267 filius
1098 2205 1186 2266 Nork
1211 2218 1322 2268 contra
1339 2203 1416 2266 luan
1443 2202 1533 2266 Chu-

273 2311 391 2375 dauich
416 2312 558 2374 secundo
583 2313 669 2374 citati
694 2332 759 2374 non
785 2325 1044 2394 comparuerunt.

376 2418 454 2480 Item
481 2401 613 2480 domina
639 2418 806 2480 Elizabeth
831 2417 895 2480 filia
922 2416 1057 2501 Mykech
1082 2417 1138 2480 filii
1165 2418 1323 2479 Leonardi
1349 2431 1459 2480 contra
1476 2417 1536 2480 do·

270 2525 393 2586 minum
419 2525 586 2587 Nicusium
610 2525 748 2586 condam
773 2524 912 2606 judicem
938 2524 1037 2586 tercio
1064 2524 1158 2586 citata
1182 2544 1247 2586 non
1274 2525 1465 2606 comparuit.

379 2647 457 2711 ltem
483 2668 575 2710 causa
602 2647 735 2729 Georgii
768 2647 844 2710 dicti
870 2647 1042 2710 Blanchich
1068 2647 1205 2710 condam
1237 2647 1330 2728 jurati
1355 2661 1385 2710 et
1410 2647 1533 2710 Mareni

268 2753 361 2834 jurati
388 2774 446 2836 pro
471 2754 613 2836 quodam
638 2755 759 2833 debito,
783 2755 1005 2816 testimonium
1033 2774 1090 2837 per
1115 2752 1292 2836 Georgium
1316 2753 1534 2816 stacunarium

269 2873 300 2922 et
324 2859 505 2922 iohannem
534 2859 636 2922 filium
671 2861 771 2922 Peren
804 2880 839 2922 ac
865 2859 1042 2942 Georgium
1076 2860 1196 2922 dictum
1224 2859 1390 2940 Popouich
1421 2874 1535 2922 octavo

270 2967 322 3027 die
346 2968 524 3048 producere
549 2967 654 3046 debet,
679 2957 756 3049 quid
783 2967 858 3050 ipsis
882 2967 922 3028 de
947 2966 1033 3028 dicto
1059 2965 1143 3029 lacto
1169 2965 1301 3046 Georgii
1326 2980 1460 3029 constat.

380 3091 458 3153 ltem
483 3110 577 3153 causa
595 3091 773 3154 Clementis
797 3089 854 3153 filii
879 3092 989 3153 Jacobi
1007 3105 1115 3154 contra
1140 3091 1312 3152 Nicolaum
1338 3089 1440 3152 filium
1467 3092 1534 3152 Ma-

266 3196 359 3259 theus
383 3217 440 3280 per
457 3196 634 3279 Georgium
653 3213 684 3259 et
706 3197 791 3259 iwan
809 3198 849 3259 ad
874 3213 1023 3260 octavum
1041 3197 1126 3259 diem
1144 3197 1184 3259 ad
1202 3218 1313 3281 pacem
1332 3213 1379 3260 cst
1394 3213 1532 3281 recepta.

373 3303 451 3364 ltem
479 3304 649 3387 Wllrouoy
674 3303 713 3364 de
738 3303 959 3366 Jaztrebarzlra
991 3304 1090 3368 tercio
1122 3305 1235 3366 citatus
1264 3325 1327 3365 non
1353 3305 1535 3387 comparuit

267 3423 377 3472 contra
402 3409 572 3472 dominum
597 3411 765 3472 Nicusium
790 3409 927 3472 condam
955 3410 1106 3492 judicem.

374 3517 452 3578 ltem
478 3537 570 3578 causa
595 3517 721 3580 Nicolai
739 3517 814 3579 dicti
840 3516 1051 3579 Zrebernicha
1068 3531 1178 3579 contra
1203 3517 1405 3580 Clementem
1423 3516 1526 3579 filium

266 3623 376 3685 Jacobi
401 3641 456 3704 per
481 3623 637 3685 iacobum
660 3621 830 3706 pellificem
854 3637 885 3684 et
908 3622 1087 3704 Georgium
1105 3622 1206 3685 filium
1232 3623 1386 3686 lohannis
1414 3623 1455 3686 ad
1473 3642 1527 3685 oc·

265 3741 374 3789 tavum
399 3728 486 3790 diem
509 3729 549 3790 ad
574 3748 686 3812 pacem
711 3743 757 3790 est
780 3743 961 3811 prorogata.

371 3852 448 3914 ltem
468 3853 672 3916 Sebastianus
695 3853 845 3934 vigilator
869 3853 1008 3915 condam
1028 3868 1138 3916 contra
1164 3855 1333 3916 dominum
1359 3856 1529 3918 Nicusium

265 3959 402 4020 condam
427 3957 566 4036 judicem
590 3961 695 4042 primo
718 3961 831 4022 citatus
856 3979 921 4022 non
947 3961 1137 4042 comparuit.

372 4064 449 4126 ltem
475 4065 585 4128 Petrus
609 4065 693 4128 filius
717 4065 852 4128 Machen
878 4067 954 4128 dicti
975 4067 1075 4128 decan
1099 4087 1200 4148 usque
1225 4066 1405 4148 quindenas
1431 4068 1527 4130 Eme-

265 4170 330 4231 rico
354 4169 422 4232 filio
447 4171 603 4234 chhech
629 4186 758 4234 centum
784 4173 932 4235 denarios
955 4173 1080 4234 solvere
1105 4173 1210 4235 debet.

372 4277 449 4339 ltem
475 4297 568 4340 causa
593 4277 684 4340 Pauli
711 4277 790 4340 labri
816 4292 925 4341 contra
942 4279 1127 4341 ladislaum
1150 4279 1233 4340 tular
1255 4280 1295 4341 ad
1320 4279 1460 4361 primum
1478 4279 1527 4360 ju-

264 4382 383 4444 dicium
409 4398 480 4466 post
503 4384 679 4447 adventum
704 4384 802 4466 ipsius
827 4385 967 4446 Ladislai
991 4399 1037 4447 est
1061 4401 1242 4466 prorogata.

370 4597 449 4660 ltem'
472 4617 566 4658 causa
582 4597 707 4659 Nicolai
731 4598 861 4658 sartoris
878 4613 987 4660 contra
1007 4594 1219 4680 dominam(?)
1244 4598 1356 4662 Vrsarn
1375 4598 1528 4661 ancillam

264 4723 353 4764 suam
391 4704 495 4765 taliter
531 4717 577 4764 est
611 4702 804 4784 adjudicata,
840 4703 928 4785 quod
954 4704 1047 4789 idem
1078 4703 1231 4766 Nicolaus
1262 4718 1363 4766 sartor
1396 4719 1529 4787 propter

264 4807 382 4870 lurtum
408 4810 507 4891 ipsius
530 4809 646 4871 ancille
669 4829 725 4871 sue
748 4829 846 4872 unam
871 4809 1048 4872 auriculam
1074 4829 1165 4872 suam
1189 4810 1337 4873 decidere
1361 4811 1467 4891 debet,
1495 4827 1528 4875 et

263 4915 363 4997 ipsam
389 4915 507 4978 debent
536 4916 670 4998 turpiter
700 4916 828 4998 expelli,
859 4915 1038 4999 eademque
1068 4917 1184 4980 ancilla
1209 4917 1328 4980 dictam
1361 4918 1524 4980 civitatem

261 5041 426 5104 nunquam
451 5022 566 5085 debeat
589 5023 728 5104 regredi.
