3796 5812
1450 580 1514 641 479

353 770 431 832 Item
458 770 582 832 Blasius
614 790 750 854 sponsus
777 771 1012 851 Wragouichin
1043 784 1154 832 contra
1180 771 1357 853 Symonem
1391 773 1512 832 dictum

254 877 406 938 Salamon
431 877 535 959 primo
560 876 673 938 citatus
698 896 763 938 non
788 877 976 958 comparuit.

356 983 435 1045 Item
464 981 633 1066 Gyaninus
657 997 767 1045 contra
790 984 1007 1064 Augustinum
1032 983 1231 1045 sacerdotem
1258 1004 1313 1065 per
1338 983 1513 1066 Georgium

250 1089 388 1171 juratum
406 1089 507 1152 filium
527 1089 681 1151 Hermani
707 1103 738 1152 et
761 1109 834 1152 cum
853 1089 996 1172 Georgio
1014 1089 1189 1152 Blanchich
1213 1103 1327 1152 octavo
1349 1092 1401 1152 die
1420 1092 1515 1153 debet

247 1197 387 1260 attestari
412 1195 527 1276 Iacere,
552 1196 642 1278 quod
666 1197 770 1279 ipsum
795 1196 935 1279 prefatus
963 1198 1162 1278 Augustinus
1187 1197 1405 1278 vituperasset.

354 1409 431 1471 Item
457 1428 550 1470 causa
576 1407 709 1488 Georgii
734 1408 907 1470 BIanchich
932 1422 962 1470 et
983 1409 1106 1470 Mareni
1131 1409 1224 1492 jurati
1249 1430 1305 1492 per
1330 1409 1507 1491 Georgium

251 1515 466 1577 stacunarium
483 1529 514 1576 et
531 1514 709 1576 Iohannem
734 1513 836 1576 filium
855 1515 937 1576 Petri
962 1529 1159 1578 attestatores
1183 1515 1223 1576 ad
1248 1531 1396 1578 octavum
1422 1516 1508 1576 diem

253 1621 293 1682 ad
316 1641 429 1704 pacem
456 1635 502 1682 est
525 1633 662 1702 recepta.

355 1727 433 1789 Item
458 1747 551 1789 causa
577 1726 709 1808 Georgii
734 1727 926 1789 stachunarii
949 1727 1046 1790 Touh
1069 1727 1126 1790 filii
1153 1729 1307 1790 Hermani
1332 1731 1371 1792 ab
1398 1750 1460 1792 una
1479 1745 1510 1794 et

250 1833 398 1916 Gregorii
430 1834 509 1896 oIIm
541 1833 623 1916 capti
647 1853 703 1914 per
734 1833 904 1895 Nicolaum
928 1833 1046 1913 rufum,
1078 1835 1159 1917 (per)
1184 1835 1369 1918 Philippum
1395 1837 1510 1914 Mauri,

251 1939 452 2002 Anthonium
478 1940 587 2019 Renis,
605 1939 741 2022 Mykech
758 1939 936 2002 institorem
961 1954 992 2002 et
1009 1939 1172 2002 Thomam
1196 1939 1298 2002 filium
1317 1941 1450 2004 Churnk
1468 1943 1508 2003 ad

250 2047 348 2128 ipsius
364 2044 604 2108 fideiussionem
621 2059 796 2128 receptum,
813 2047 917 2108 taliter
934 2059 980 2108 est
996 2046 1188 2127 adjudicata,
1209 2047 1297 2128 quod
1315 2048 1413 2109 iidem
1431 2047 1508 2110 fide·

249 2153 386 2215 iussores
410 2171 511 2233 usque
536 2151 715 2233 quindenas
738 2151 888 2214 sciscitari
914 2153 1042 2230 debent,
1067 2152 1155 2234 quod
1179 2153 1205 2214 si
1229 2165 1276 2214 est
1301 2153 1429 2232 nobilis,
1454 2155 1505 2216 vel

248 2259 325 2320 cIvis
349 2258 400 2320 vel
424 2257 553 2340 jobagio
578 2258 723 2337 alicuius,
740 2258 882 2340 scitaque
907 2259 1036 2320 veritate
1054 2258 1151 2320 iidem
1177 2257 1378 2320 fideiussores
1402 2260 1507 2341 ipsum

250 2365 282 2426 in
306 2364 414 2427 sedern
440 2364 599 2426 adducere
624 2366 752 2443 debent,
781 2365 806 2424 si
839 2384 904 2426 non
936 2364 1126 2426 adduxerint
1157 2378 1272 2427 extunc
1295 2365 1508 2448 (h)omagium

250 2472 340 2533 cuius
372 2471 572 2534 condicionis
603 2473 643 2533 sit
672 2470 757 2533 idem
790 2469 975 2552 Gregorius,
1007 2472 1039 2532 in
1072 2471 1164 2532 dictis
1197 2471 1369 2552 quindenis
1401 2493 1510 2534 coram

248 2579 341 2639 nobis
366 2579 528 2660 deponere
552 2578 688 2654 debent;
714 2578 812 2640 Vorih
837 2578 877 2640 de
901 2577 986 2639 dicto
1008 2591 1116 2638 nostro
1141 2576 1262 2656 judicio
1287 2598 1352 2640 non
1376 2593 1512 2641 conten·

249 2697 319 2748 tans
344 2685 374 2746 In
400 2685 599 2766 presenciam
623 2685 829 2764 antiquorum
854 2683 996 2766 judicum
1025 2683 1208 2765 appellavit.

355 2791 433 2853 Item
459 2810 552 2853 causa
578 2791 700 2852 Mareni
725 2790 818 2870 jurati
846 2803 876 2851 et
894 2790 1069 2873 Mychaelis
1093 2789 1149 2852 filii
1169 2789 1317 2851 Damiani
1343 2791 1448 2853 taliter
1466 2805 1512 2853 est

248 2898 440 2979 adjudicata,
458 2897 545 2979 quod
570 2897 645 2979 quia
663 2896 748 2957 idem
766 2897 876 2958 Mareu
898 2897 1004 2979 ipsum
1028 2896 1168 2957 hostium
1186 2897 1310 2979 pridem
1328 2916 1383 2978 per
1401 2898 1510 2978 Ipsum

248 3005 488 3086 recaptivatum,
512 3023 605 3064 suum
631 3001 699 3064 fore
724 3001 826 3064 iacere
859 3023 922 3063 non
948 3003 1062 3084 potuit,
1087 3023 1144 3085 pro
1170 3023 1208 3064 eo
1241 3003 1273 3063 in
1300 3022 1364 3065 uno
1388 3002 1510 3084 judicio

248 3129 321 3172 curn
346 3109 446 3171 tribus
470 3109 576 3190 pensis
592 3108 798 3190 recaptivavit
822 3107 977 3170 eumalio
1002 3108 1135 3170 reddere
1152 3108 1247 3169 debet
1264 3108 1424 3170 Damiano
1441 3129 1512 3191 pre-

249 3229 370 3295 nota10‚
395 3228 426 3277 et
450 3215 525 3296 quia
549 3214 635 3276 idem
662 3233 726 3276 non
751 3227 951 3276 contentatus
976 3215 1079 3297 ipsum
1097 3214 1252 3296 judicium
1277 3215 1431 3297 judicatui
1457 3236 1508 3276 an·

248 3322 414 3404 tiquorum
439 3319 582 3403 judicum
607 3320 789 3402 appellavit.

357 3429 435 3490 Item
464 3427 550 3489 idem
584 3426 732 3510 Mychael
764 3439 872 3488 contra
904 3426 1074 3489 Marenum
1104 3427 1243 3509 juratum
1277 3441 1511 3489 sacramentum

250 3549 389 3618 prestare
415 3533 510 3596 debet
527 3547 640 3595 octavo
658 3533 710 3594 die
734 3553 894 3614 supereo,
912 3533 1000 3614 quod
1022 3532 1108 3594 idem
1123 3533 1269 3615 Mychael
1286 3533 1345 3594 sibi
1364 3534 1506 3614 quodam

248 3643 430 3724 laquecium
455 3641 520 3702 sive
544 3660 647 3702 seram
671 3653 726 3701 aut
747 3640 904 3722 quosdam
930 3661 1049 3702 asseres
1073 3659 1137 3702 non
1162 3641 1341 3721 recepisset.

357 3749 434 3811 Item
459 3769 552 3810 causa
577 3747 732 3810 Iohannis
755 3748 881 3829 nepotis
898 3746 1022 3808 domini
1047 3746 1188 3808 custodis
1205 3761 1235 3808 et
1260 3747 1436 3828 Mychaelis
1453 3745 1510 3807 filii

250 3855 400 3917 Damiani
413 3875 469 3938 per
482 3854 656 3938 judicesad
671 3852 782 3915 feriam
796 3868 917 3915 sextam
931 3854 1075 3935 proxime
1089 3865 1256 3914 venturam
1270 3866 1315 3914 est
1327 3867 1509 3935 prorogata.

861 4049 898 4114 2.

355 4192 432 4253 Item
465 4193 604 4254 Ioannes
629 4191 773 4253 Pozorch
798 4204 907 4252 contra
933 4191 1112 4252 Fabianum
1135 4192 1297 4254 literatum
1330 4191 1434 4273 primo
1468 4190 1510 4251 ci·

249 4310 330 4359 tatus
354 4317 419 4359 non
445 4299 634 4380 comparuit.

355 4404 433 4465 Item
457 4424 550 4466 causa
575 4451 582 4466 .
609 4455 615 4466 .
640 4419 750 4465 contra
775 4403 969 4486 Gregorium
987 4403 1228 4486 Chudauchych
1254 4425 1310 4486 per
1331 4404 1510 4465 Iohannem

248 4509 387 4572 Chemer
411 4525 442 4572 et
466 4561 472 4572 .
499 4561 504 4572 .
529 4511 568 4571 ad
592 4523 740 4572 octavum
766 4511 851 4572 dIem
875 4511 915 4573 ad
941 4531 1052 4592 pacem
1077 4523 1123 4573 est
1148 4523 1284 4592 recepta.

355 4617 432 4679 Itern
449 4636 541 4679 causa
559 4617 643 4678 Petri
662 4629 771 4677 contra
785 4615 979 4698 Gregorium
996 4615 1238 4699 Chudauchych
1256 4637 1313 4698 per
1330 4616 1509 4678 Iohannem

249 4724 388 4786 Chemer
412 4737 442 4786 et
467 4773 473 4786 .
500 4773 506 4785 .
532 4723 571 4784 ad
596 4738 745 4783 octavum
770 4723 855 4784 diern
880 4723 920 4784 ad
944 4743 1056 4804 pacem
1081 4739 1126 4785 est
1151 4738 1287 4806 recepta.

355 4830 432 4892 Item
467 4849 559 4892 causa
585 4828 752 4889 Laurencii
778 4829 867 4906 iurati
902 4843 1011 4892 contra
1037 4850 1170 4892 uxorem
1196 4830 1303 4892 Hanse
1329 4829 1509 4892 Chari'ntIni

248 4956 304 5018 per
328 4938 484 4999 Iacobum
508 4933 646 5019 judicem
680 4949 710 4995 et
735 4935 934 5018 Mychaelem
967 4937 1008 4999 ad
1032 4951 1181 5000 octavum
1214 4937 1300 4998 diem
1333 4937 1373 4998 ad
1398 4955 1509 5019 pacem

249 5058 295 5106 est
320 5057 457 5127 recepta.
