3678 5800
540 570 627 628 Anno
649 583 739 648 1433.
764 604 809 614 -
831 583 884 633 20.
906 570 1021 633 martii.

307 779 385 841 Item
410 778 496 842 Iwan
521 779 683 842 Ialchiew.

308 886 385 948 Item
410 886 522 949 Petrus
547 886 756 970 Sudrowych.

308 991 386 1056 Item
410 991 570 1074 Georgius
593 991 679 1055 filius
702 993 804 1058 Pauli.

307 1097 386 1162 Item
410 1097 585 1182 Dyonisius
608 1099 745 1163 institor.

308 1203 384 1266 Item
408 1204 555 1267 Thomas
578 1205 727 1269 decanus.

308 1309 385 1373 Item
409 1310 562 1374 Nicolaus
593 1331 693 1394 gener
716 1312 938 1396 Zupanichyn.

1038 1048 1171 1129 Lingwa
1195 1045 1368 1110 slavonica.

308 1523 384 1586 Item
411 1524 577 1587 Emericus
604 1524 730 1608 pridem
762 1523 893 1607 juratus.

307 1629 385 1692 Item
410 1629 591 1713 Stephanus
614 1629 756 1714 pellifex.

307 1735 383 1798 Item
409 1737 562 1798 Nicolaus
585 1751 697 1800 sartor.
1010 1737 1144 1820 Lingwa
1169 1735 1353 1814 hungarica.

307 1841 383 1903 Item
409 1843 548 1904 Michael
571 1841 670 1906 faber.
940 1765 954 1983 Ι

307 1947 384 2011 Item
409 1949 521 2011 Petrus
544 1949 637 2012 Klslt.

256 2159 333 2222 Item
364 2159 505 2242 prelatus
537 2161 720 2244 Stephanus
751 2160 847 2242 judex
878 2175 909 2224 et
948 2161 1016 2223 eius
1047 2160 1140 2243 jurati
1170 2173 1201 2222 et
1240 2159 1415 2221 consiliarii

143 2267 322 2348 supradicti
346 2269 455 2330 omnIs
479 2280 595 2330 statuta
619 2283 650 2330 et
678 2268 815 2348 decreta,
839 2281 904 2330 tam
934 2267 967 2329 in
999 2267 1140 2349 antIquis
1167 2285 1264 2348 quam
1288 2265 1320 2327 in
1344 2285 1413 2348 pre·

143 2373 229 2434 senti
255 2374 393 2436 laternis
416 2387 566 2437 contenta
590 2387 621 2437 et
644 2375 805 2458 consripts
829 2373 937 2456 quoad
965 2393 1078 2436 omnes
1110 2392 1220 2436 esrum
1244 2371 1414 2451 clausulas,

146 2491 270 2562 puncta
294 2493 325 2542 et
348 2479 500 2542 articulos
523 2493 680 2565 perpetuo
704 2495 735 2544 et
759 2481 987 2544 inviolabiliter
1014 2479 1244 2544 confirmarunt
1268 2478 1414 2558 valitura,

144 2584 273 2666 justicia
287 2599 383 2668 atque
397 2587 544 2650 libertate
560 2588 763 2672 privilegiata
776 2589 912 2650 civitatis
929 2601 1094 2671 prenotate
1108 2587 1166 2649 rite
1184 2585 1414 2669 persuadente.

306 2802 403 2878 terta
431 2813 529 2880 sexta
557 2809 713 2898 proxima
740 2817 817 2900 post
845 2808 1043 2881 domlniearn
1071 2807 1255 2880 Invotnvlt.

679 2961 726 3044 (ό.
751 2965 873 3043 martti).

254 3121 331 3184 Item
358 3123 551 3185 Benedictus
577 3123 704 3206 pridem
729 3125 851 3206 juratus
879 3135 981 3185 sartor
1005 3135 1115 3184 contra
1141 3121 1269 3183 Petrum
1289 3120 1414 3204 pridem

145 3227 301 3290 similiter
325 3227 464 3308 juratum
489 3227 590 3292 filium
616 3231 699 3292 Petri
725 3231 829 3312 primo
854 3231 967 3292 citatus
991 3249 1055 3291 non
1081 3228 1270 3310 comparuit.

181 3427 280 3502 Pesla
308 3437 407 3503 sexta
435 3435 589 3521 proxima
619 3440 697 3504 ante
725 3433 846 3506 festam
874 3435 964 3504 beati
993 3431 1160 3504 Benedicti
1190 3431 1322 3503 ahhsIIs
1350 3437 1384 3502 et

668 3558 885 3631 consessoris.

672 3731 736 3805 (20.
767 3729 889 3804 maror).

254 3866 334 3928 Item
352 3867 427 3948 quia
445 3865 606 3949 Georgius
621 3867 765 3930 literatus
782 3867 875 3930 Duch
895 3869 1151 3950 cognomIaatus,
1169 3867 1253 3929 filius
1271 3868 1414 3952 Mathye,

144 3972 312 4036 habitator
336 3973 473 4036 ciuitatis
496 3988 527 4036 et
551 3975 660 4036 Katria
685 3975 794 4036 relicta
814 3975 953 4036 condam
971 3974 1090 4036 Mathei
1116 3973 1228 4036 decani
1253 3973 1310 4036 filii
1332 3975 1414 4037 Mar·

145 4081 220 4160 tInI,
247 4099 334 4142 nunc
357 4099 489 4142 consors
512 4080 626 4163 prefati
652 4081 784 4162 Georgii
802 4081 917 4144 literati
939 4081 1030 4143 Duch
1056 4081 1133 4142 civis
1157 4081 1241 4142 dicte
1266 4081 1413 4161 civitatis,

146 4207 210 4271 pro
235 4187 464 4270 redempcione
489 4187 655 4250 cuiusdam
679 4199 761 4250 terre
792 4187 928 4250 duarum
961 4188 1119 4250 dictarum
1143 4187 1256 4270 prefati
1283 4187 1414 4271 Mathey

145 4294 264 4357 decani
288 4313 346 4375 per
369 4294 474 4376 Ipsum
499 4294 637 4356 condam
662 4293 782 4357 Methei
799 4295 957 4357 decanum
974 4295 1043 4356 viro
1067 4294 1205 4357 condam
1229 4293 1366 4376 provido
1384 4307 1415 4355 et

146 4401 384 4483 circumspecto
409 4399 559 4462 Michaeli
583 4399 651 4463 lilio
677 4401 830 4484 Symonis
856 4401 945 4484 olym
976 4400 1074 4482 judici
1099 4413 1130 4462 et
1153 4399 1278 4462 concivi
1304 4411 1414 4462 nostro

146 4527 209 4590 pro
236 4519 360 4588 septem
384 4503 454 4570 flor.
478 4507 547 4568 auri
571 4507 660 4591 olym
692 4507 905 4590 inpignorste‚
929 4506 1060 4570 eosdem
1092 4521 1213 4589 septem
1238 4504 1309 4568 flor.
1345 4505 1413 4568 auri

147 4613 327 4676 Valentino
349 4613 486 4692 literato,
510 4611 577 4675 filio
594 4612 708 4695 prelati
722 4613 886 4676 Michaelis
902 4613 1016 4696 judicis
1040 4613 1115 4675 dicti
1134 4611 1300 4692 Saronich‚
1317 4612 1413 4695 plene

149 4735 182 4782 et
208 4718 356 4781 effectIve
380 4718 626 4782 extradederunt
650 4734 681 4781 et
704 4719 846 4803 plenarie
873 4720 1105 4803 persolverunt,
1131 4732 1162 4780 et
1178 4719 1280 4800 ipsam
1297 4731 1414 4780 terrem

147 4845 210 4910 pro
246 4825 367 4888 eisdem
399 4838 521 4908 septem
552 4825 622 4890 flor.
658 4826 727 4888 auri
758 4826 798 4888 ab
823 4825 938 4888 eodem
969 4825 1142 4888 Valentino
1167 4825 1293 4888 literato
1318 4839 1414 4908 prout

148 4931 239 4995 idem
264 4927 368 5017 [nobis
398 4929 507 4994 retulit
531 4946 561 4994 et
592 4945 706 5016 sponte
738 4929 902 4995 confessus
934 4945 980 4994 est
1008 4951 1115 4994 coram
1140 4931 1244 5011 nobis,
1274 4930 1413 5014 ideoque

149 5041 222 5123 ipse
255 5038 445 5102 Valentinus
475 5039 619 5102 literatus
651 5039 827 5122 predictam
860 5051 976 5102 terram
1012 5039 1149 5102 duarum
1179 5038 1336 5100 dietarum
1358 5058 1415 5121 per
