3876 5798
637 575 836 650 Ann01447.
863 607 902 616 -
926 587 975 633 21.
1000 575 1114 647 aprilis.
1443 593 1503 654 451

244 784 296 844 die
321 783 424 866 jurare
448 783 608 845 tenebitur
632 802 727 864 super
751 802 800 861 eo,
827 797 860 844 ut
884 784 951 866 ipse
976 785 1100 846 Blasius
1116 785 1237 866 juratus
1263 785 1388 848 nullam
1413 805 1507 868 pecu-

242 891 329 952 niam
354 910 412 952 nec
436 891 560 972 aliquas
583 909 632 950 res
655 889 753 971 patris
776 889 876 970 ipsIus
899 890 1006 951 uxoris
1027 891 1103 952 dicti
1129 891 1267 952 Emerici
1291 892 1408 953 sutoris
1425 891 1501 953 dicti

244 995 389 1075 Skertha,
407 1015 486 1078 quas
499 996 566 1077 ipsa
584 1008 693 1058 contra
718 995 857 1056 eundem
874 995 1017 1058 BlasIum
1035 995 1173 1077 juratum
1191 998 1402 1079 proponebat,
1420 995 1507 1078 apud

242 1120 275 1162 se
301 1121 366 1162 non
390 1101 521 1162 retinuit
544 1120 602 1162 nec
627 1101 749 1179 habuit,
774 1121 832 1162 nec
856 1101 961 1163 adhuc
984 1103 1099 1164 retInet
1130 1123 1234 1184 neque
1259 1101 1365 1181 habet,
1389 1101 1445 1164 sed
1471 1103 1504 1163 in

243 1209 333 1270 totali
360 1208 490 1270 accione
523 1219 554 1269 et
584 1207 801 1289 acquisicione
833 1208 933 1290 ipsius
957 1211 1064 1270 uxoris
1096 1209 1172 1270 dicti
1197 1209 1335 1270 Emerici
1361 1207 1505 1288 Skertha,

242 1313 307 1376 filie
331 1307 451 1376 scilicet
476 1313 613 1375 condam
644 1313 777 1395 Georgii
809 1314 886 1383 dicti
911 1315 1041 1398 Thayse
1073 1315 1227 1377 innocens
1258 1315 1297 1376 sit
1320 1315 1448 1397 penitus
1474 1326 1505 1376 et

243 1421 404 1483 innoxius.

350 1527 427 1588 Item
443 1546 568 1588 causam
580 1525 700 1588 Vrbani
713 1527 828 1588 literati
842 1525 898 1588 filii
915 1527 1042 1588 Thome
1055 1541 1087 1590 et
1100 1527 1282 1590 Mathkonis
1295 1526 1352 1589 filii
1366 1527 1504 1589 condam

244 1633 409 1694 Benedicti
428 1633 649 1715 Iwankowych
667 1633 749 1694 inter
777 1652 832 1694 eos
849 1652 934 1694 nunc
950 1647 1070 1713 motam
1088 1648 1119 1694 et
1136 1633 1275 1695 habitam
1293 1633 1387 1714 jurati
1404 1653 1506 1715 usque

241 1737 281 1798 ad
305 1739 446 1820 prImum
471 1737 625 1818 iudicium
649 1739 694 1800 sIc
721 1752 944 1820 prorogarunt,
972 1753 1007 1801 ut
1037 1739 1062 1800 si
1088 1740 1148 1821 ipsi
1172 1739 1268 1800 litiste
1293 1739 1374 1801 inter
1397 1759 1430 1800 se
1457 1739 1505 1800 in·

241 1844 334 1906 terim
352 1844 595 1906 concordabunt
611 1859 641 1906 et
657 1865 769 1928 pacem
787 1843 929 1924 fecerint,
947 1847 1028 1907 bene
1046 1846 1189 1928 quidem,
1206 1846 1231 1906 si
1248 1859 1355 1906 autem
1372 1865 1448 1924 non,
1467 1865 1506 1906 ex

241 1964 317 2012 tunc
335 1951 366 2012 in
385 1952 453 2034 ipso
471 1951 576 2034 primo
592 1951 713 2032 judicio
727 1952 862 2014 eandem
880 1971 1009 2014 causam
1026 1952 1169 2032 ipsorum
1185 1952 1354 2014 Iitistarum
1378 1951 1505 2034 adjudi-

243 2057 361 2119 cabunt
385 2069 416 2119 et
440 2057 502 2120 fine
527 2058 637 2120 debito
661 2059 857 2120 concludent
880 2059 993 2120 ordine
1011 2059 1088 2140 juria
1113 2071 1144 2120 et
1167 2058 1291 2138 justicia
1314 2061 1506 2140 requirente.

346 2163 424 2226 Item
447 2184 574 2226 causam
592 2166 734 2246 magistri
752 2165 871 2228 Mathei
893 2165 1008 2227 notarii
1033 2178 1064 2227 et
1079 2185 1135 2226 sue
1152 2166 1308 2228 consortis
1332 2185 1368 2227 ac
1385 2165 1503 2248 Elyza-

241 2270 316 2332 beth
342 2271 448 2332 uxoris
473 2270 605 2353 Georgii
622 2270 715 2352 jurati
741 2270 832 2334 aliter
849 2271 958 2334 Gurak
975 2272 1090 2350 vocati,
1115 2285 1146 2334 et
1170 2273 1374 2355 interipsum
1395 2271 1504 2334 Gurak

241 2375 381 2456 juratum
407 2393 441 2439 ut
464 2391 706 2460 procuratorem
730 2379 829 2461 ipsius
852 2399 908 2441 sue
925 2379 1033 2440 uxoris
1056 2379 1218 2458 habitam,
1233 2393 1355 2442 motam
1381 2393 1412 2441 et
1436 2400 1504 2441 ver-

239 2497 371 2563 tentem,
393 2484 486 2566 jurati
504 2485 652 2546 moderni
676 2503 778 2566 usque
802 2485 842 2547 ad
866 2485 1007 2567 palmum
1031 2484 1187 2566 judicium
1212 2487 1256 2548 εἰς
1279 2500 1504 2568 prorogarunt,

240 2603 273 2651 ut
289 2591 314 2651 si
333 2591 393 2671 ipsi
411 2591 509 2652 litiste
532 2591 659 2653 interim
680 2591 921 2653 concordabunt
938 2603 969 2653 et
985 2611 1096 2674 pacem
1119 2591 1245 2671 facient,
1263 2593 1344 2654 bene
1363 2593 1506 2674 quidem,

240 2695 265 2756 si
290 2710 396 2758 autem
422 2717 498 2775 non,
523 2718 560 2758 ex
584 2711 659 2760 tunc
683 2698 743 2780 ipsi
768 2697 861 2778 jurati
884 2698 983 2779 ipsam
1010 2718 1136 2760 causam
1163 2699 1306 2780 ipsorum
1331 2700 1503 2762 litistarum

241 2803 273 2863 in
306 2803 421 2864 eodem
457 2804 562 2885 prImo
593 2803 713 2884 judicio
746 2803 979 2884 adjudicabunt
1011 2817 1042 2865 et
1078 2802 1140 2866 fine
1170 2805 1279 2866 debito
1312 2805 1506 2868 concludent

237 2907 360 2989 justicia
385 2909 520 2972 civitatis
544 2909 684 2992 predicte
709 2910 909 2992 requirente.

346 3015 423 3076 Item
448 3017 523 3098 quia
548 3017 700 3079 honestus
736 3015 862 3096 juvenis
885 3017 1085 3097 Augustinus
1119 3017 1262 3079 literatus
1286 3016 1370 3078 filius
1394 3020 1504 3098 Augu·

239 3121 312 3182 stIni
338 3121 493 3184 carnificis
518 3122 592 3183 dicti
619 3123 728 3184 Kusne
752 3123 856 3203 jurati,
871 3123 1011 3184 concivis
1029 3125 1126 3185 nostri
1148 3122 1205 3185 filii
1234 3123 1336 3202 Pauli,
1355 3123 1386 3184 id
1404 3124 1504 3184 nostri

239 3227 271 3287 in
297 3229 460 3308 presencia
484 3227 679 3290 sufficienter
696 3229 927 3312 comprobavit,
953 3242 987 3290 ut
1003 3231 1123 3310 probus
1148 3243 1178 3290 et
1196 3229 1348 3291 honestus
1365 3229 1503 3291 condam

238 3334 361 3414 juvenis
385 3335 575 3397 ValentInus
598 3334 683 3397 filius
707 3337 765 3396 viti
790 3335 927 3397 condam
953 3336 1080 3417 providi
1104 3335 1253 3416 Gregorii
1277 3336 1393 3398 literati
1411 3335 1500 3418 olym

237 3443 399 3524 scriptoris
423 3443 580 3504 librorum
604 3442 637 3503 in
661 3443 810 3503 extremis
833 3443 897 3504 vite
921 3461 977 3503 sue
1001 3425 1189 3523 Iemporalis
1213 3442 1399 3520 laborasset,
1424 3455 1502 3503 tunc

240 3550 307 3630 Ipse
331 3549 458 3610 vineam
484 3563 515 3610 et
538 3549 618 3610 duas
641 3548 737 3610 silvas
759 3569 831 3609 suas
863 3549 969 3630 ipsum
993 3547 1201 3610 ValentInum
1225 3548 1398 3610 literatorie
1424 3567 1501 3608 con-

239 3669 415 3734 cernentes,
446 3653 571 3737 prefato
602 3655 785 3736 Augustino
816 3655 941 3716 literato
975 3653 1060 3716 fratri
1089 3674 1147 3716 suo
1181 3655 1299 3716 carnali
1334 3655 1504 3735 legavisset

238 3761 306 3841 jure
337 3775 494 3844 perpetuo
526 3761 745 3843 possidendas,
778 3761 917 3842 ideoque
949 3779 1007 3821 nos
1035 3761 1171 3822 eandem
1204 3762 1333 3822 vineam
1357 3774 1388 3823 et
1419 3761 1503 3844 ipsas

236 3867 331 3928 silvas
356 3867 431 3928 dicti
456 3867 619 3930 Valentini
644 3887 717 3928 cum
742 3887 851 3928 earum
879 3867 1000 3929 cunctis
1025 3867 1216 3928 utilitatibus
1240 3880 1271 3930 et
1295 3867 1502 3949 pertinenciis

237 3973 394 4034 universis
417 3972 542 4055 prefato
566 3974 749 4054 Augustino
773 3973 899 4036 literato
924 3993 959 4034 ac
983 3993 1040 4055 per
1057 3993 1131 4034 eum
1156 3973 1221 4034 suis
1245 3973 1418 4036 heredibus
1441 3987 1502 4036 sta-

236 4079 356 4140 tuimus
388 4092 545 4162 perpetuo
577 4078 787 4161 possidendas
818 4093 849 4141 et
879 4079 1188 4160 quomodocumque
1221 4080 1359 4142 voluerit
1395 4079 1502 4162 dispo·

237 4185 358 4246 nendas
381 4183 467 4266 juxta
485 4186 710 4247 condicionem
735 4185 871 4247 civitatis
888 4197 1051 4267 prenotate
1068 4187 1107 4246 ab
1124 4185 1258 4266 antiquo
1275 4187 1497 4268 approbatam.

343 4338 548 4355 .......
575 4294 710 4370 (exesum,
734 4293 883 4369 lacerum),
914 4291 1049 4372 Egidius'
1080 4288 1219 4351 carnifex
1243 4291 1347 4352 nullas
1368 4312 1417 4353 res
1442 4292 1498 4353 ali-

235 4399 324 4459 cuius
349 4399 475 4480 penitus
499 4398 669 4460 homiuum
693 4399 732 4459 de
757 4399 915 4459 Rakonok
941 4397 1007 4459 ullo
1032 4412 1176 4479 tempore
1200 4399 1371 4480 recepisset
1396 4397 1496 4460 modo

237 4503 370 4586 aliquali
405 4504 460 4565 sed
486 4503 633 4565 homines
665 4504 764 4586 ipsius
788 4503 972 4566 Mathkonis
1000 4505 1074 4566 bani
1105 4504 1256 4566 videlicet
1287 4505 1406 4566 Paulus
1437 4509 1499 4565 Az-

238 4610 349 4671 talnok
374 4610 527 4670 curiensis
559 4610 659 4692 ipsius
683 4609 866 4672 Mathkonis
898 4610 971 4672 bani
995 4630 1051 4671 seu
1075 4611 1140 4688 alii,
1174 4612 1291 4693 quibus
1315 4612 1499 4693 peripsum

237 4716 448 4778 Mathkonem
466 4717 586 4776 banum
611 4717 818 4778 commissum
836 4715 905 4796 fuit,
931 4717 990 4798 Ipsi
1004 4717 1121 4798 Egidio
1139 4717 1277 4779 carnifici
1295 4737 1411 4779 novem
1430 4717 1498 4780 flor.

236 4823 305 4882 auri
330 4823 554 4904 persolverunt
578 4843 614 4883 ac
638 4823 769 4883 demum
798 4821 1037 4899 satisfecerunt;
1062 4823 1111 4884 cui
1137 4824 1269 4905 quidem
1294 4823 1498 4904 juramentali

238 4928 437 5010 deposicioni
469 4929 567 5010 ipsius
599 4929 707 5010 Egidii
739 4928 894 4990 carnificis
925 4941 1087 5010 presentes
1112 4928 1324 4991 interfuerunt
1353 4929 1499 4991 Thomas

236 5033 321 5096 filius
346 5034 438 5096 Pauli
463 5034 518 5096 filii
545 5034 694 5116 Gregorii
718 5033 776 5096 filii
797 5035 907 5118 Woyn
932 5035 971 5096 de
989 5035 1193 5118 Woynosecz
1219 5050 1249 5096 et
1273 5035 1440 5096 Ladislaus
1457 5035 1496 5096 de

1379 5138 1392 5165 t
