3734 5796
419 591 479 654 322
782 573 982 650 Ann01439.
1009 605 1048 615 —
1073 583 1123 647 27.
1147 572 1316 631 novembris.

435 791 533 866 Feria
561 801 659 866 sexta
687 797 841 883 proxima
870 801 946 882 post
973 793 1095 863 festum
1122 793 1219 863 beate
1248 791 1430 862 hatherine
1458 792 1603 878 virginis
1632 797 1665 860 et

891 919 1046 988 martiris
1075 916 1209 988 Christi.

903 1069 965 1146 (27.
989 1067 1176 1150 novembris).

522 1213 601 1274 ltem
626 1211 808 1294 Stephanus
838 1210 994 1272 Praudich
1017 1225 1127 1272 contra
1146 1209 1344 1292 Stephanum
1363 1207 1544 1270 carnificem
1562 1206 1682 1268 dictum

418 1319 527 1402 Zaylro
551 1321 655 1401 primo
679 1320 791 1380 citatus
815 1337 879 1380 non
909 1318 1099 1399 comparuit.

523 1425 601 1486 ltem
626 1425 701 1506 quia
726 1425 886 1486 Fabianus
909 1424 1030 1506 juratus
1053 1423 1137 1485 lilius
1155 1422 1309 1484 Johannis
1334 1422 1367 1482 id
1387 1420 1585 1483 sufficienter
1610 1440 1683 1482 cum

420 1531 585 1614 fidedigno
616 1532 802 1594 testimonio
835 1531 937 1613 pridie
970 1549 1075 1592 coram
1109 1530 1202 1590 nobis
1233 1530 1266 1590 in
1297 1527 1417 1610 judicio
1449 1527 1684 1610 comprobavit,

420 1639 587 1722 quomodo
620 1639 719 1720 ipsius
750 1639 882 1699 barbam
916 1636 1091 1718 Gregorius
1127 1635 1211 1696 lilius
1241 1634 1405 1697 Valentini
1437 1635 1588 1696 manibus
1619 1633 1684 1694 suis

419 1746 556 1827 propriis
580 1745 756 1822 evulsisset,
779 1744 853 1806 ideo
878 1742 971 1824 jurati
996 1743 1260 1824 adjudicaverunt
1283 1741 1338 1802 tali
1364 1741 1475 1818 m0d0,
1501 1741 1590 1822 quod
1616 1741 1684 1821 ipse

418 1851 593 1932 Gregorius
617 1848 755 1912 infacto
779 1849 861 1912 dicte
888 1849 1062 1911 evulsionis
1085 1847 1206 1930 prefate
1235 1849 1332 1909 barbe
1357 1848 1457 1928 ipsius
1483 1846 1618 1908 Fabiani
1637 1846 1684 1926 ju-

419 1957 476 2018 rati
502 1971 610 2018 contra
636 1956 774 2018 eundem
808 1956 987 2018 Fabianum
1019 1955 1157 2036 juratum
1188 1953 1341 2017 remansit
1372 1953 1404 2014 in
1429 1955 1504 2014 vivo
1530 1953 1683 2032 homagio

418 2061 612 2144 judicialiter
637 2063 802 2124 convictus
825 2076 856 2123 et
877 2075 1077 2144 aggravatus,
1102 2061 1190 2144 quod
1214 2061 1401 2140 homagium
1420 2060 1531 2120 vivum
1555 2059 1684 2121 fideius-

420 2189 508 2230 sores
533 2169 631 2250 ipsius
656 2167 803 2249 Gregorii
836 2188 937 2250 usque
969 2168 1148 2250 quindenas
1179 2167 1320 2250 predicte
1352 2165 1429 2228 ferie
1460 2181 1548 2227 sexte
1579 2165 1683 2226 eidem

406 2275 564 2336 vFabiano
587 2275 691 2356 jurato
716 2295 753 2336 ex
785 2289 891 2336 nostra
923 2275 1087 2356 judiciaria
1120 2273 1347 2336 commissione
1380 2274 1566 2355 persolvere
1597 2285 1683 2333 tene·

419 2381 538 2443 buntur
562 2380 639 2461 juris
662 2381 775 2443 ordine
800 2393 1001 2463 exposcente.

523 2487 601 2548 Item
618 2487 650 2548 in
674 2507 767 2548 causa
792 2487 872 2548 inter
896 2487 1051 2549 iacobum
1076 2486 1178 2548 filiurn
1202 2488 1287 2549 Petri
1312 2487 1435 2568 Saphar
1461 2499 1492 2548 et
1516 2486 1600 2547 inter
1618 2485 1681 2545 Ma-

420 2593 529 2676 thyam
553 2593 674 2654 dictum
699 2593 817 2654 Farkas
841 2593 943 2655 filium
968 2595 1075 2676 Egidii
1091 2614 1198 2656 coram
1222 2595 1316 2656 nobis
1340 2595 1372 2655 in
1397 2593 1480 2655 lacto
1506 2593 1678 2675 possessio·

421 2719 497 2762 num
517 2713 547 2761 et
561 2701 719 2762 bonorum
738 2701 941 2762 inmobilium
960 2701 1096 2762 condam
1107 2701 1238 2763 domine
1253 2700 1453 2782 Margarethe
1467 2699 1532 2762 filie
1544 2699 1678 2762 condam

420 2806 617 2887 Sigismundi
641 2806 734 2888 jurati
751 2808 840 2889 olym
858 2808 1013 2869 consortis
1029 2807 1128 2889 ipsius
1145 2809 1255 2869 Jacohi
1273 2807 1378 2890 jurati,
1395 2807 1459 2890 jam
1477 2806 1677 2888 aliquamdiu

418 2913 578 2992 defuncte,
599 2933 706 2975 coram
724 2915 816 2974 nobis
840 2928 927 2976 mota
953 2927 984 2976 et
1007 2927 1149 2975 vertente
1167 2915 1271 2976 taliter
1294 2913 1574 2994 adjudicaverunt,
1592 2911 1677 2995 quod

420 3021 486 3102 ipsa
512 3021 643 3082 domina
668 3019 867 3102 Margarethe
893 3021 999 3082 necin
1025 3021 1159 3082 articulo
1184 3040 1239 3082 sue
1258 3021 1368 3082 mortis
1393 3040 1451 3081 nec
1476 3020 1581 3080 eciam
1605 3038 1677 3080 sana

420 3141 450 3188 et
474 3127 545 3186 viva
578 3127 716 3188 existens
748 3127 889 3208 aliquam
922 3127 1193 3188 testamentariam
1224 3127 1424 3208 legacionem
1456 3127 1496 3186 de
1533 3125 1681 3207 predictis

420 3232 674 3313 possessionibus
690 3246 721 3293 et
738 3233 831 3293 bonis
848 3233 913 3293 suis
930 3233 1139 3294 inmobilibus
1161 3252 1226 3294 non
1243 3233 1348 3314 potuit
1371 3230 1476 3292 iacere
1494 3231 1551 3293 sed
1570 3229 1678 3292 eadem

420 3340 505 3400 bona
524 3351 555 3400 et
571 3339 787 3420 possessiones
803 3339 914 3399 eedem
932 3339 1031 3420 ipsius
1044 3339 1175 3400 domine
1194 3337 1394 3420 Margarethe
1410 3357 1506 3420 super
1523 3335 1679 3419 prelatum

420 3444 573 3505 Jacobum
598 3443 736 3525 juratum
766 3460 796 3505 et
820 3465 915 3526 super
939 3464 1054 3526 pueros
1085 3445 1230 3506 eiusdem
1254 3445 1386 3506 domine
1422 3443 1623 3525 Margarethe
1648 3462 1681 3502 es

419 3550 532 3612 eadem
557 3564 587 3611 et
611 3570 648 3610 ex
673 3550 742 3632 ipso
767 3551 887 3612 Jacobo
912 3551 1014 3632 jurato
1047 3551 1202 3632 legittime
1234 3552 1424 3633 progenitos
1448 3566 1480 3614 et
1503 3565 1682 3632 procreatos

418 3670 582 3736 tamquam
607 3675 699 3716 veros
722 3656 855 3717 heredes
879 3658 977 3738 ipsius
1001 3657 1085 3738 juxta
1111 3672 1259 3718 contenta
1283 3657 1443 3740 privilegii
1469 3657 1572 3718 nostri
1598 3675 1681 3718 com-

422 3763 528 3823 munis
553 3763 591 3823 de
616 3761 684 3842 jure
708 3761 900 3824 hereditario
923 3763 1078 3843 legittime
1105 3777 1179 3824 sunt
1203 3763 1354 3824 devoluta
1378 3777 1409 3824 et
1434 3762 1623 3824 redundate.

526 3868 603 3930 ltem
636 3869 710 3949 quia
743 3869 925 3930 Anthonius
957 3869 1059 3930 dictus
1090 3869 1266 3951 Pomigach
1296 3869 1374 3930 alias
1404 3869 1567 3930 habitator
1603 3869 1681 3930 dicte

421 3973 557 4036 civitatis
580 3974 612 4034 in
637 3973 723 4036 furtu
756 3973 926 4036 manifesto
958 3995 997 4036 eo
1029 3975 1127 4036 modo
1159 3989 1303 4057 repertus
1336 3989 1392 4054 est,
1424 3975 1594 4056 quomodo
1618 3975 1680 4056 ipse

421 4081 592 4142 duodecim
617 4101 731 4162 pecora
749 4081 885 4143 condam
908 4081 1005 4142 lwani
1023 4081 1201 4160 lacomelli,
1218 4101 1281 4162 que
1298 4081 1510 4142 commissarii
1536 4081 1679 4142 eiusdem

422 4188 520 4248 lwani
545 4187 712 4248 lacomelli
737 4188 796 4269 ipsi
822 4188 987 4249 Anthonio
1015 4187 1191 4268 Pomigach
1217 4187 1257 4248 ad
1281 4187 1478 4270 pascendum
1503 4201 1536 4248 et
1560 4205 1681 4248 conser-

421 4293 562 4353 vandum
589 4293 754 4370 dederant,
783 4307 941 4354 nocturno
974 4307 1116 4374 tempore
1151 4291 1267 4355 furtive
1292 4293 1332 4354 de
1365 4293 1526 4354 territorio
1551 4293 1681 4354 civitatis

422 4399 564 4480 predicte
590 4399 714 4480 depulit
737 4398 798 4459 hoc
823 4420 908 4460 anno
933 4399 1015 4460 circa
1047 4398 1161 4460 festum
1195 4400 1294 4460 sancti
1320 4399 1452 4480 Georgii
1484 4400 1623 4461 martiris
1645 4397 1681 4459 ad

423 4519 532 4566 tenuta
558 4519 589 4566 et
612 4507 830 4586 possessiones
853 4527 889 4567 ac
914 4506 1057 4567 dominia
1078 4506 1215 4567 condam
1233 4506 1373 4568 Ladislai
1399 4505 1508 4568 Thoth
1536 4508 1575 4567 de
1593 4507 1682 4568 Zom-

423 4611 548 4672 zedwar
573 4611 636 4692 jam
661 4611 814 4692 defuncti,
839 4613 943 4673 adhuc
967 4627 1111 4695 tempore
1137 4613 1200 4674 vite
1224 4633 1281 4674 sue
1309 4617 1466 4696 presentis
1490 4613 1567 4674 dum
1596 4614 1682 4674 vivus

423 4717 523 4777 extitit
546 4717 632 4778 idem
657 4719 823 4779 Ladislaus
848 4719 969 4796 Thoth,
995 4719 1160 4800 depulerat
1194 4720 1261 4801 ipse
1285 4719 1474 4780 Anthonius
1499 4719 1682 4800 Pomigach,

423 4842 485 4904 que
510 4823 641 4904 quidem
665 4844 779 4905 pecora
805 4827 844 4885 ab
870 4825 939 4906 ipso
964 4825 1098 4886 domino
1128 4825 1278 4886 Ladislao
1305 4825 1421 4887 Thoth
1452 4841 1599 4908 tempore
1623 4825 1681 4884 vite

423 4949 478 4988 sue
503 4931 656 5009 presentis
681 4951 736 5011 per
760 4933 878 5011 probos
902 4932 987 4992 viros
1011 4932 1159 4993 concives
1194 4947 1319 4993 nostros
1346 4933 1395 4992 vix
1420 4933 1631 5014 expetivimus
1653 4943 1680 4991 et

427 5035 646 5114 erogavimus,
673 5037 811 5118 ideoque
843 5038 981 5100 eundem
1006 5037 1207 5100 Anthonium
1233 5038 1407 5120 Pomigach
1441 5039 1475 5100 in
1506 5051 1678 5121 presentem
