3876 5798
483 583 548 644 440
892 568 979 624 Anno
1002 565 1095 644 1446.
1121 600 1161 611 -
1185 563 1238 626 28.
1255 569 1348 644 anii.

450 799 453 804 ¹
485 795 650 839 remanere
683 793 839 860 perpetuo
863 777 1112 860 possidendum
1144 779 1184 840 de
1216 799 1282 860 quo
1313 779 1433 860 judicio
1465 781 1531 863 ipse
1557 781 1737 844 Valentinus

485 881 606 962 juratus
631 902 694 944 non
724 897 894 946 contentus
925 885 1099 966 appellavit
1131 884 1267 947 eandem
1300 885 1578 966 adjudicacionem
1603 889 1736 970 ipsorum

482 987 657 1068 juratorum
699 989 730 1050 in
775 991 970 1071 presenciam
1012 1005 1042 1052 et
1084 991 1354 1054 deliberacionem
1394 993 1557 1056 seniorum
1600 994 1736 1076 judicum

484 1109 629 1158 crvrtatrs.

487 1328 584 1404 Feria
614 1334 721 1404 tercia
742 1336 897 1422 proxima
926 1341 1004 1406 ante
1032 1333 1155 1407 lustum
1173 1355 1232 1408 sen
1261 1338 1294 1408 in
1321 1337 1441 1426 vigilia
1468 1337 1547 1410 lasti
1575 1337 1742 1411 beatomn

842 1457 935 1530 Petri
963 1465 996 1530 et
1026 1459 1121 1531 Pauli
1150 1459 1389 1548 apostolorum.

1003 1624 1071 1708 (28.
1087 1627 1198 1708 Jimii).

595 1782 671 1844 ltem
717 1782 876 1864 Georgius
911 1805 1072 1848 successor
1104 1785 1240 1848 condam
1278 1788 1361 1850 Petri
1395 1788 1595 1872 Horwathyn
1638 1804 1741 1852 contra

486 1889 650 1973 Mathyam
676 1891 842 1973 Ralrarych
866 1893 971 1974 primo
1007 1894 1121 1954 citatus
1146 1913 1210 1955 non
1235 1895 1424 1977 comparuit.

593 2014 670 2076 ltem
695 2035 822 2076 causam
849 2015 880 2076 in
901 2015 985 2078 lacto
1002 2017 1084 2078 inter
1109 2018 1243 2080 Paulum
1261 2019 1403 2099 Zagorcz
1419 2019 1600 2082 carnificem
1619 2036 1650 2083 et
1667 2021 1742 2082 iuter

486 2121 687 2182 Anthonium
706 2121 851 2182 similiter
867 2121 1046 2184 carnificem
1062 2122 1163 2186 lilium
1179 2123 1310 2206 Georgii
1325 2125 1531 2210 Oprasnycza
1548 2127 1589 2188 ad
1606 2127 1741 2209 primum

484 2227 640 2308 judicium
666 2247 722 2309 per
744 2227 872 2288 testium
891 2228 990 2310 ipsius
1008 2229 1097 2290 Pauli
1114 2230 1256 2311 Zagorcz
1273 2251 1380 2293 coram
1406 2232 1500 2294 nobis
1516 2233 1741 2314 productorum

486 2335 654 2396 instantem
679 2335 872 2416 peticionem
898 2355 956 2416 pro
981 2356 1058 2417 pace
1083 2335 1187 2398 fienda
1216 2337 1365 2400 duximus
1390 2338 1641 2420 prorogandam.

593 2458 670 2520 ltem
700 2459 881 2541 Stephanus
904 2474 993 2522 sutor
1017 2461 1098 2523 circa
1123 2461 1266 2524 relictam
1301 2461 1515 2545 Sydowchieh
1545 2483 1742 2546 permanens,

486 2577 580 2626 testes
594 2584 676 2645 quos
689 2566 879 2645 nominavit,
892 2566 1059 2628 videlicet:
1077 2567 1219 2630 relictam
1235 2569 1410 2649 predictam
1424 2569 1523 2652 ipsius
1534 2568 1742 2654 Sydowchich

487 2683 517 2734 et
541 2669 742 2742 Anthonium
778 2671 996 2756 loffanowych
1028 2691 1063 2735 ac
1094 2674 1282 2736 servitorem
1315 2674 1454 2736 condam
1486 2676 1601 2738 Marini
1634 2674 1743 2757 judicis

489 2776 652 2858 Mathyam
678 2778 810 2838 nomine
834 2797 870 2839 ac
887 2777 1067 2840 lohannem
1091 2778 1192 2841 filium
1218 2779 1358 2842 condam
1381 2780 1502 2843 Vrbani
1526 2781 1620 2863 jurati
1638 2795 1742 2844 contra

487 2880 688 2944 Anthonium
706 2882 887 2944 carnificem
913 2883 1152 2968 Oprasnychich
1181 2887 1212 2947 in
1237 2905 1332 2948 causa
1350 2887 1432 2950 inter
1455 2906 1511 2951 eos
1528 2907 1638 2950 coram
1655 2887 1744 2950 nobis

485 3009 570 3051 nunc
587 3001 685 3067 mota,
709 2989 749 3051 ad
766 2991 905 3072 primum
923 2990 1079 3072 judicium
1099 2993 1244 3074 proxime
1261 3013 1431 3055 occurrens
1448 2994 1544 3056 debet
1566 2994 1743 3077 producere

486 3114 593 3156 coram
619 3095 721 3156 nobis.

593 3219 668 3280 ltem
684 3219 775 3300 jurati
794 3219 1058 3302 adjudicaverunt
1074 3241 1203 3283 causam
1221 3223 1457 3285 vulnerationis
1473 3237 1505 3286 et
1521 3225 1745 3287 exsiccacionis

487 3324 578 3406 digiti
605 3325 719 3386 indicis
743 3345 856 3388 manus
880 3326 989 3388 dextre
1005 3327 1166 3389 Valentini
1191 3327 1271 3390 fabri
1288 3329 1449 3391 servitoris
1472 3331 1648 3393 Ztanlronis
1666 3330 1742 3393 labri

485 3451 542 3512 per
577 3431 777 3492 Anthonium
814 3433 992 3515 Ztakorych
1024 3453 1119 3515 super
1151 3435 1255 3515 ipsum
1288 3435 1494 3498 Valentinum
1530 3435 1634 3514 lacte,
1667 3438 1745 3498 inter

486 3537 625 3599 eundem
650 3538 856 3600 Valentinum
883 3539 1009 3601 fabrum
1041 3553 1072 3601 et
1097 3541 1177 3601 inter
1210 3542 1314 3622 ipsum
1338 3541 1540 3605 Anthonium
1566 3543 1741 3626 Ztakorych

486 3663 594 3705 coram
627 3644 704 3724 ipsis
736 3643 846 3724 juratis
878 3659 997 3707 motam
1031 3659 1061 3707 et
1093 3661 1269 3708 vertentem
1294 3667 1332 3710 eo
1364 3649 1463 3710 modo
1489 3650 1744 3726 determinantes,

486 3750 573 3831 quod
600 3750 667 3831 ipse
692 3749 881 3812 Valentinus
906 3749 994 3812 faber
1025 3771 1122 3833 penes
1146 3753 1250 3834 ipsum
1275 3754 1412 3834 digitum
1436 3774 1530 3817 suum
1555 3757 1743 3818 exsiccatum

486 3855 564 3917 feria
591 3870 676 3918 sexta
701 3857 846 3938 proxime
880 3872 1011 3920 ventura
1043 3879 1138 3942 super
1170 3879 1256 3921 aram
1281 3860 1423 3922 secundo
1456 3881 1489 3922 se
1513 3863 1658 3945 personis
1688 3863 1743 3924 sibi

487 3963 646 4025 similibus
671 3965 702 4024 in
728 3964 860 4026 ecclesia
884 3966 982 4026 sancti
1009 3967 1105 4027 Marci
1125 3965 1227 4046 jurare
1251 3967 1413 4029 tenebitur
1436 3987 1531 4050 super
1555 3988 1605 4048 eo,
1630 3983 1665 4030 ut
1682 3971 1744 4052 ipse

487 4070 670 4132 Anthonius
687 4071 865 4154 Ztakorych
884 4073 984 4154 ipsam
1009 4073 1258 4135 exsiccationem
1277 4087 1308 4136 et
1324 4074 1586 4136 vulneracionem
1612 4075 1743 4157 predicti

488 4177 580 4258 digiti
606 4178 704 4258 ipsius
729 4179 891 4240 Valentini
917 4178 996 4240 fabri
1021 4199 1117 4260 super
1133 4180 1272 4242 eundem
1295 4181 1502 4243 Valentinum
1528 4179 1654 4243 fabrum
1674 4181 1744 4244 lecit

488 4297 518 4343 et
542 4285 745 4365 perpetravit,
779 4299 809 4346 et
842 4286 918 4346 dum
944 4287 1047 4367 ipsum
1079 4285 1293 4366 juramentum
1326 4285 1511 4369 deposuerit
1541 4287 1609 4369 ipse
1631 4287 1743 4349 Valen-

486 4390 571 4450 tinus
595 4388 693 4469 faber‚
717 4405 792 4452 tunc
826 4391 892 4472 ipse
917 4391 1100 4452 Anthonius
1124 4393 1302 4475 Ztakorych
1335 4393 1421 4454 dicto
1446 4393 1619 4456 Valentino
1654 4393 1740 4455 labro

487 4498 646 4558 tenebitur
682 4498 857 4579 plenariam
897 4499 1071 4580 inpendere
1116 4499 1372 4580 persolucionem
1412 4520 1470 4583 pro
1506 4501 1650 4582 predicto
1686 4519 1741 4561 suo

488 4604 635 4664 membro
660 4605 815 4666 exsiccato
847 4606 1024 4666 secundum
1055 4620 1205 4667 contenta
1238 4607 1396 4687 privilegii
1430 4607 1529 4668 nostri
1556 4607 1742 4685 communis,

485 4721 515 4770 et
538 4707 637 4788 judici
663 4729 698 4770 ac
722 4710 831 4790 juratis
855 4712 1001 4772 similiter
1025 4712 1202 4773 secundum
1232 4727 1381 4774 contenta
1413 4711 1558 4774 eiusdem
1583 4711 1738 4796 privilegii

484 4814 569 4875 idem
587 4816 769 4876 Anthonius
793 4816 970 4899 Ztakorych
989 4817 1084 4878 debet
1100 4818 1247 4879 similiter
1262 4819 1389 4900 plenam
1416 4818 1519 4880 iacere
1544 4819 1740 4880 solucionem

485 4919 523 4980 de
549 4921 686 5003 birsagio
710 4923 786 5004 ipsis
811 4923 868 4983 rite
893 4924 1111 5005 proveniente.
