3734 5796
607 508 809 584 Ann01439.
834 541 874 552 —
899 521 947 582 15.
970 511 1051 568 maii.

191 718 292 780 lwani
317 733 363 780 est
387 719 517 801 dejure
543 718 743 780 devolvenda
767 733 922 802 perpetuo
940 719 1143 802 possidenda,
1167 721 1228 782 alia
1253 735 1362 783 autem
1387 741 1452 782 me·

192 824 293 886 dietas
317 824 504 888 earumdem
520 825 759 907 possessionum
776 839 807 888 et
828 828 986 888 bonorum
1004 846 1039 888 ac
1057 827 1245 888 victualium
1270 827 1346 889 dicti
1364 827 1449 889 livan

190 951 250 1013 pto
274 931 379 993 anima
404 931 549 994 eiusdem
573 931 671 994 lwani
694 931 734 993 de
762 931 830 1014 jure
855 945 902 994 est
926 933 1144 996 distribuenda
1177 947 1208 996 et
1232 933 1454 1012 devenienda;

192 1037 427 1119 suppellectilia
459 1051 566 1100 autem
599 1038 715 1100 domus
748 1037 893 1100 eiusdem
928 1037 1024 1100 lwani
1065 1038 1185 1122 prefate
1217 1041 1324 1102 relicte
1356 1041 1455 1122 ipsius

192 1144 301 1223 lwani,
325 1144 501 1207 Katherina
525 1157 648 1222 vocate,
679 1158 751 1226 post
783 1157 919 1208 mortem
953 1145 1097 1208 eiusdem
1122 1147 1220 1208 lwani
1251 1160 1393 1228 spectare
1424 1161 1456 1210 et

191 1250 351 1331 pertinere
384 1250 501 1312 debent
532 1271 568 1312 ac
599 1250 768 1332 provenire
801 1251 840 1312 de
873 1250 960 1332 jure;
992 1251 1032 1312 de
1066 1271 1131 1333 quo
1163 1251 1283 1332 judicio
1315 1252 1455 1336 prelatus

191 1357 390 1438 Augustinus
423 1356 543 1438 juratus
574 1377 639 1419 non
671 1370 849 1436 contentus,
882 1358 1055 1441 appellavit
1087 1359 1222 1420 eandem
1254 1378 1381 1422 causam
1414 1360 1454 1420 ad

191 1462 461 1525 deliberacionem
495 1462 658 1526 seniorum
688 1461 832 1544 judicum
864 1483 923 1545 pro
955 1464 1098 1526 eiusdem
1132 1485 1225 1526 cause
1257 1464 1344 1526 finali
1376 1465 1453 1528 deli·

195 1570 376 1632 beracione.

296 1675 374 1738 ltem
391 1675 499 1738 relicta
517 1675 606 1738 Pauli
626 1675 857 1759 Dwymowych
876 1676 961 1759 juxta
978 1676 1256 1758 adjudicationem
1274 1677 1451 1758 juratorum

191 1782 286 1844 debet
309 1797 423 1844 octavo
448 1783 500 1844 die
524 1758 621 1865 super
643 1801 730 1844 aram
754 1783 857 1865 jurare
881 1803 1036 1865 supereo
1061 1797 1171 1845 contra
1196 1784 1366 1846 dominum
1384 1789 1450 1846 An·

190 1889 339 1952 thonium
364 1889 577 1972 presbiterum
608 1889 784 1970 plebanum
815 1890 947 1952 ecclesie
979 1890 1079 1953 sancti
1104 1889 1242 1952 Emerici
1273 1910 1368 1972 super
1399 1911 1450 1970 eo,

189 2011 224 2058 ut
248 1997 315 2078 ipse
340 1995 491 2058 dominus
514 1995 697 2058 Anthonius
720 1996 875 2078 presbiter
899 1997 958 2078 ipsi
975 1997 1084 2058 relicte
1108 1996 1184 2060 dicti
1207 1997 1297 2058 Pauli
1322 2010 1447 2060 tenetur

191 2104 299 2166 debite
323 2118 355 2166 et
377 2102 462 2166 licite
486 2115 608 2186 septem
632 2103 701 2166 flor.
725 2104 805 2183 auri,
830 2116 861 2165 et
884 2104 962 2166 dum
994 2103 1154 2182 juraverit,
1179 2117 1255 2165 tunc
1280 2103 1387 2165 eidem
1412 2125 1449 2164 ex

192 2223 281 2293 parte
306 2211 406 2292 ipsius
430 2211 554 2274 domini
572 2210 727 2272 Anthonii
751 2210 893 2292 plenaria
918 2207 1095 2272 satisfaccio
1127 2209 1222 2272 debet
1253 2210 1388 2291 inpendi
1412 2209 1452 2272 de

189 2317 270 2399 jure,
295 2316 408 2379 ordine
431 2316 509 2398 juris
533 2317 725 2400 requi-rente.

295 2424 373 2488 Item
397 2423 472 2505 quia
503 2423 551 2484 vir
583 2423 736 2504 providus
767 2434 798 2484 et
828 2421 980 2485 honestus
1014 2423 1166 2485 Nicolaus
1198 2423 1283 2486 filius
1316 2423 1451 2486 Fabiani

189 2529 315 2612 pridem
339 2529 445 2612 judex,
471 2530 676 2611 concivisque
700 2543 816 2609 noster,
842 2543 873 2592 et
903 2529 1035 2592 honesta
1061 2531 1177 2592 mulier
1202 2530 1303 2594 Elena
1327 2545 1450 2610 vocata,

187 2638 297 2699 relicta
322 2638 458 2699 condam
485 2637 637 2720 Stephani
663 2638 792 2700 sartoris
816 2637 890 2700 dicti
917 2638 995 2715 Ban,
1020 2637 1109 2720 olym
1133 2636 1226 2719 jurati
1251 2651 1283 2700 et
1306 2638 1449 2700 concivis

188 2745 288 2806 nostri
314 2743 371 2806 filii
397 2744 537 2828 Tlhome,
562 2743 770 2808 commissarii
808 2743 928 2805 scilicet
952 2756 983 2806 et
1015 2756 1197 2806 executores
1228 2744 1332 2806 ultimi
1356 2757 1450 2806 testa·

187 2851 288 2913 menti
313 2850 420 2932 scripti
445 2850 589 2914 eiusdem
618 2850 772 2934 Stephani
804 2849 934 2912 sartoris
957 2850 1035 2928 Bau,
1068 2863 1212 2912 nostrum
1238 2850 1450 2931 personaliter

185 2955 384 3039 egrediendo
409 2972 615 3040 conspectum
645 2957 738 3018 nobis
770 2977 808 3019 eo
840 2956 939 3018 modo
971 2954 1148 3037 significare
1182 2969 1342 3035 curarunt,
1368 2976 1448 3038 quo-

186 3065 286 3126 modo
311 3077 394 3126 certe
411 3065 500 3126 litere
519 3077 624 3126 nostre
649 3084 704 3125 seu
727 3063 864 3124 civitatis
882 3063 1022 3144 predicte
1040 3061 1255 3144 privilegiales
1280 3083 1337 3144 pro
1355 3077 1445 3144 parte

133 3233 134 3239 χ
185 3171 286 3253 ipsius
311 3170 464 3251 Stephani
489 3171 618 3232 sartoris
643 3171 709 3232 Bun
726 3189 821 3252 super
845 3170 983 3252 quadam
1002 3169 1100 3231 domo
1125 3183 1156 3232 et
1179 3169 1280 3232 fundo
1305 3169 1449 3232 eiusdem

186 3275 341 3358 Stephani
365 3277 493 3338 sartoris
518 3278 549 3337 in
568 3277 650 3338 dicta
676 3277 801 3338 civitate
819 3277 900 3338 inter
933 3275 1048 3337 domos
1073 3289 1104 3337 et
1131 3275 1249 3337 fundos
1273 3277 1448 3339 liberorum

184 3384 326 3447 condam
356 3383 488 3466 Georgii
520 3383 633 3464 judicis
664 3385 703 3444 ab
736 3404 798 3444 una
828 3397 859 3445 et
890 3396 977 3464 parte
1008 3383 1048 3444 ab
1072 3383 1171 3444 altera
1205 3382 1334 3446 Thome
1370 3383 1446 3445 dicti

186 3491 299 3552 Kozala
329 3505 511 3554 nostrorum
544 3491 725 3552 concivium
761 3489 867 3551 habita
900 3504 931 3550 et
962 3489 1132 3569 existente,
1165 3509 1263 3551 unam
1296 3490 1448 3553 videlicet

184 3597 342 3678 integram
367 3598 486 3658 curiam
512 3598 551 3658 ad
576 3617 670 3658 usum
695 3597 829 3658 civitatis
854 3596 884 3656 in
910 3617 942 3657 se
967 3597 1196 3674 continentem,
1222 3596 1346 3658 dudum
1372 3617 1447 3658 con·

184 3703 266 3765 fecte
291 3717 322 3764 et
345 3716 502 3782 amanam,
527 3719 672 3786 tempore
696 3703 929 3764 combustionis
953 3722 1008 3764 seu
1034 3702 1306 3764 concremacionis
1331 3703 1448 3766 domus

184 3809 326 3892 predicte
352 3824 383 3871 et
414 3823 601 3872 cunctorum
633 3808 856 3872 hedificiorum
892 3809 1036 3870 eiusdem
1070 3807 1223 3890 Stephani
1253 3809 1383 3870 sartoris
1408 3811 1447 3870 ab

184 3915 337 3978 incendio
361 3915 478 3978 domus
501 3931 532 3978 et
556 3915 646 3977 fundi
671 3915 805 3997 predicti
829 3914 966 3976 condam
985 3913 1117 3998 Georgii
1142 3914 1256 3996 judicis
1281 3915 1449 3976 casualiter

181 4021 280 4102 facto,
304 4023 379 4104 igne
404 4037 602 4084 concremate
628 4036 658 4084 et
680 4023 819 4084 totaliter
844 4035 1032 4103 consumpte
1049 4020 1201 4099 fuissent;
1227 4035 1257 4083 et
1282 4023 1356 4103 quia
1382 4022 1448 4104 ipse

184 4129 370 4212 Stephanus
393 4143 494 4190 sartor
518 4130 550 4200 in
576 4129 724 4190 extremis
747 4129 810 4189 vite
843 4148 898 4190 sue
923 4128 1109 4210 temporalis
1141 4129 1300 4206 laborans,
1325 4127 1445 4190 medie-

183 4249 284 4298 tatem
310 4235 454 4297 eiusdem
479 4235 570 4296 fundi
594 4236 641 4297 sui
668 4235 860 4297 concremati
891 4255 908 4295 a
941 4247 1028 4315 parte
1053 4235 1135 4296 dicte
1159 4235 1276 4296 domus
1299 4249 1330 4295 et
1354 4233 1446 4296 fundi

183 4343 288 4424 ipsius
312 4341 442 4403 Thome
467 4343 577 4403 Kozak
610 4341 713 4420 sitam,
745 4341 885 4422 mediam
910 4341 1059 4402 videlicet
1097 4343 1217 4402 curiam
1251 4342 1282 4402 in
1307 4361 1340 4402 se
1372 4361 1448 4402 con-

182 4450 367 4528 tinentem,
402 4447 531 4530 prelatis
573 4447 798 4510 commissariis
830 4461 861 4508 et
896 4449 1117 4508 executoribus
1156 4448 1230 4509 dicti
1266 4448 1314 4508 sui
1353 4461 1446 4508 testa-

182 4555 283 4618 menti
308 4555 447 4616 vendere
471 4569 503 4618 et
526 4575 583 4637 pro
606 4555 712 4616 anima
737 4575 792 4616 sua
824 4555 1003 4634 expendere
1035 4569 1066 4615 et
1101 4555 1228 4636 elargiri
1260 4555 1447 4635 legavisset;

182 4662 280 4724 aliam
305 4674 410 4724 autem
452 4663 659 4723 medietatem
687 4661 830 4722 eiusdem
867 4659 958 4721 fundi
990 4683 1006 4722 a
1032 4674 1119 4743 parte
1152 4661 1265 4743 prefati
1297 4659 1388 4722 fundi
1417 4673 1447 4722 et

182 4768 300 4830 domus
325 4767 482 4829 dictorum
509 4768 684 4830 liberorum
710 4767 808 4848 ipsius
834 4766 965 4848 Georgii
998 4766 1112 4848 judicis
1144 4767 1356 4850 adjacentem,
1381 4787 1445 4828 me-

182 4875 270 4936 diam
296 4873 443 4936 similiter
465 4875 586 4936 curiam
611 4875 640 4935 in
675 4894 707 4935 se
740 4874 968 4952 continentem,
985 4874 1115 4935 Andree
1139 4873 1206 4935 filio
1235 4874 1300 4936 llke
1328 4875 1447 4935 sororis

181 5001 238 5042 sue
263 4980 434 5061 legavisset
467 4995 497 5044 et
529 4981 700 5043 dimisisset
734 4981 801 5064 jure
834 4980 1020 5061 perhennali
1053 4980 1280 5062 possidendam
1313 4993 1343 5042 et
1367 4999 1446 5062 quo-
