3678 5800
402 568 460 630 170
794 554 991 632 Anato1432.
1017 587 1057 598 —
1082 569 1109 612 J.
1134 553 1266 629 augusti.

402 761 544 842 ipsorum
562 762 739 843 quemlibet
757 762 956 824 reddidimus
974 762 1041 826 fore
1058 765 1203 846 quietum
1222 779 1252 828 et
1269 765 1464 847 expeditum,
1481 766 1660 848 predictam

400 881 508 928 autem
533 868 703 950 pecuniam
728 887 825 950 quam
849 889 908 952 pro
925 869 1001 952 ipsis
1022 871 1191 952 pecoribus
1215 891 1271 933 seu
1288 873 1392 933 bobus
1408 871 1566 934 dederunt
1582 891 1661 953 que·

400 985 470 1035 rant
493 993 589 1056 super
612 974 705 1036 iilum
729 975 780 1037 cui
805 975 973 1038 dederunt.

505 1080 584 1142 ltem
613 1081 688 1162 quia
721 1081 874 1145 Clemens
897 1081 982 1144 filius
1015 1083 1144 1146 Andree
1167 1084 1329 1146 solitarius
1361 1086 1578 1166 juramentum
1602 1083 1666 1144 sibi

398 1185 618 1266 adjudicatum
644 1187 674 1248 in
701 1186 785 1250 facto
809 1189 951 1270 ipsorum
977 1189 1115 1251 duorum
1146 1192 1256 1269 boum,
1281 1210 1363 1272 quos
1387 1209 1461 1253 suos
1486 1189 1553 1253 fore
1578 1210 1665 1252 asse-

395 1293 495 1372 rebat,
519 1312 678 1376 supereo
702 1313 797 1376 super
821 1315 909 1356 aram
925 1295 1141 1376 juramentum
1163 1296 1322 1379 deposuit,
1346 1311 1382 1358 ut
1398 1297 1465 1379 ipae
1490 1317 1548 1360 nec
1575 1297 1667 1360 solus

395 1418 454 1460 nec
480 1419 536 1482 per
560 1399 726 1462 bominem
751 1420 844 1462 suum
870 1401 971 1462 dictos
1007 1403 1105 1464 boves
1132 1402 1290 1484 litigiosos
1313 1402 1443 1485 prefatis
1467 1401 1668 1466 Carintianis

400 1503 542 1587 Saylroni
558 1518 589 1567 et
605 1507 743 1589 Mayhen
762 1526 827 1569 non
844 1507 1039 1570 vendidisset
1056 1527 1114 1570 nec
1131 1508 1269 1571 vendere
1283 1509 1505 1590 commisisset,
1523 1508 1667 1590 ideoque

396 1611 464 1692 ipse
499 1611 600 1673 dictos
634 1613 732 1675 boves
761 1632 836 1674 suos
866 1627 1032 1696 tamquam
1063 1634 1153 1676 veras
1185 1628 1216 1677 et
1249 1615 1347 1698 justas
1378 1635 1427 1678 res
1459 1615 1600 1678 obtinuit
1635 1627 1668 1678 et

394 1717 528 1800 adeptus
552 1733 598 1780 est
622 1719 734 1781 ordine
759 1719 836 1801 juris
860 1734 1061 1803 exposcente.

412 1935 509 2011 Feria
537 1946 634 2011 sexta
664 1943 818 2030 proxima
847 1949 923 2031 post
952 1941 1076 2015 festam
1104 1942 1331 2032 Deposicionis
1360 1945 1469 2015 sancti
1498 1944 1649 2018 ladislai

975 2069 1080 2164 regis.

917 2221 960 2299 (1.
990 2223 1131 2298 augusti).

505 2360 582 2422 ltem
609 2360 701 2444 Gyan
727 2360 857 2444 pellifex
889 2376 997 2425 contra
1026 2361 1232 2425 Scolasticam
1264 2362 1407 2426 relictam
1433 2362 1565 2446 Georgii
1595 2384 1662 2426 sar·

396 2467 476 2528 toris
500 2467 643 2530 secundo
667 2469 779 2531 citatus
801 2488 865 2530 non
891 2470 1080 2552 comparuit.

506 2572 584 2635 item
609 2575 685 2655 quia
710 2573 802 2657 Gyan
820 2575 951 2657 pellifex
976 2577 1008 2637 in
1025 2596 1119 2638 causa
1143 2575 1353 2658 depilacionis
1377 2577 1539 2638 Dominici
1560 2576 1664 2638 Hrezt

394 2677 612 2758 juramentum
636 2681 696 2742 sibi
721 2695 830 2742 contra
855 2682 994 2744 eundem
1019 2681 1237 2762 adjudicatum
1271 2701 1337 2744 non
1361 2683 1497 2766 prestitit
1521 2703 1580 2745 nec
1607 2683 1662 2744 de·

394 2786 502 2866 posuit
526 2801 560 2848 ut
584 2787 731 2865 debebat,
756 2788 895 2870 ideoque
920 2789 986 2870 ipse
1007 2788 1123 2872 Gyuan
1147 2787 1277 2872 pellifex
1295 2789 1390 2850 debet
1413 2787 1593 2852 satisfacere
1621 2789 1661 2850 de

396 2891 521 2953 duabus
545 2893 658 2955 marcis
689 2893 894 2956 denariorum
926 2895 985 2977 ipsi
1010 2895 1183 2956 Dominico
1207 2895 1247 2956 ad
1277 2895 1458 2976 quindenas
1479 2896 1511 2957 in
1536 2897 1659 2978 quibus

396 2997 560 3092 convictus
574 3019 640 3060 esse
655 3000 838 3082 perhibetur
851 3000 964 3062 ordine
976 3000 1053 3082 juris
1063 3003 1254 3083 requirente,
1267 3001 1354 3063 salva
1367 3001 1657 3084 judicisporcione.

500 3106 579 3168 ltem
604 3109 677 3189 quia
704 3107 850 3168 Vrbanus
874 3128 1014 3190 supanus
1038 3107 1122 3170 filius
1151 3107 1279 3191 Mathye
1304 3108 1442 3170 condam
1473 3108 1589 3189 supani
1617 3108 1657 3169 de

394 3232 507 3294 campo
531 3214 740 3294 zagrabiensi,
764 3215 904 3275 concivis
928 3228 1045 3292 noster,
1070 3216 1101 3276 in
1127 3213 1210 3276 facto
1227 3213 1394 3276 homicidii
1412 3233 1466 3275 seu
1484 3213 1653 3296 (h)omagii

393 3319 544 3402 Symonis
567 3318 623 3380 filii
649 3319 811 3382 Dominici
835 3341 892 3402 per
916 3321 1054 3384 eundem
1071 3321 1236 3383 Vrbanum
1261 3320 1400 3402 juratum
1424 3340 1461 3382 ex
1486 3320 1656 3402 inproviso

392 3439 423 3487 et
447 3426 593 3488 nolenter
617 3446 652 3488 ac
677 3447 741 3488 non
771 3427 913 3488 studiose
946 3447 1050 3508 neque
1076 3447 1113 3488 ex
1144 3441 1355 3510 preconcepta
1387 3427 1513 3488 malicia
1538 3445 1653 3509 perpe·

391 3532 476 3612 trati,
501 3552 558 3613 pro
583 3533 689 3594 anima
714 3553 770 3594 sua
795 3549 825 3594 et
849 3553 907 3614 pro
940 3533 1046 3595 anima
1071 3534 1171 3615 ipsius
1204 3534 1356 3617 Symonis
1380 3533 1419 3594 ad
1444 3533 1555 3595 limina
1581 3536 1656 3594 bea-

393 3651 500 3700 torum
526 3639 608 3700 Petri
633 3652 664 3701 et
696 3639 786 3700 Pauli
819 3641 1038 3722 apostolorum
1071 3641 1101 3701 in
1127 3641 1308 3702 Romanam
1341 3640 1461 3702 curiam
1486 3640 1519 3700 in
1545 3639 1657 3700 sedem

392 3747 603 3828 apostolicam
632 3766 689 3828 pro
722 3747 929 3809 absolutione
961 3747 1045 3809 dicte
1075 3747 1326 3829 perpetracionis
1358 3746 1457 3828 ipsius
1488 3744 1658 3808 homicidii

389 3852 599 3932 personaliter
623 3867 657 3914 ut
681 3853 792 3914 debuit
817 3853 856 3914 de
881 3853 1088 3916 ordinacione
1114 3868 1144 3914 et
1168 3852 1395 3914 commissione
1413 3852 1559 3913 omnium
1586 3850 1655 3913 affi-

392 3959 482 4020 nium
506 3973 537 4020 et
561 3959 875 4041 consanguineorum
907 3960 981 4021 dicti
1007 3960 1158 4042 Symonis
1189 3959 1371 4042 interempti
1396 3957 1535 4020 visitavit
1558 3973 1591 4018 et
1615 3957 1652 4019 li·

390 4077 489 4126 teram
526 4066 800 4127 absolucionalem
825 4064 928 4127 fratris
953 4067 1085 4127 Arnaldi
1119 4065 1255 4128 Guillini
1281 4065 1319 4125 de
1355 4064 1490 4125 Limone
1522 4063 1648 4124 domini

389 4191 471 4254 pape
496 4171 640 4252 primarii
664 4171 704 4232 de
728 4172 795 4254 ipsa
820 4173 967 4234 Romana
991 4173 1088 4250 curia,
1112 4171 1305 4253 reportando
1329 4189 1438 4232 secum
1464 4169 1556 4231 nobis
1582 4189 1653 4251 pre·

393 4277 529 4338 sentavit
561 4291 656 4359 prout
688 4279 718 4338 in
752 4279 864 4339 eadem
896 4299 1040 4360 expresse
1069 4279 1208 4339 vidimus
1239 4277 1408 4354 contineri,
1441 4276 1514 4337 ideo
1547 4277 1655 4359 ipsum

390 4383 556 4445 Vrbanum
589 4384 717 4445 racione
750 4386 849 4466 ipsius
880 4385 1046 4446 homicidii
1078 4397 1187 4446 contra
1219 4381 1381 4465 quoslibet
1413 4382 1602 4464 inpetitores
1625 4395 1656 4443 et

392 4490 591 4552 adversarios
615 4510 689 4552 suos
712 4491 737 4552 si
763 4492 818 4572 qui
842 4490 956 4570 forent,
981 4491 1180 4552 reddidimus
1196 4504 1227 4552 et
1243 4490 1464 4552 commisimus
1487 4507 1560 4550 cum
1579 4507 1653 4550 con·

390 4615 485 4657 sensu
510 4596 668 4658 dictorum
694 4595 839 4659 affinium
865 4613 896 4660 et
920 4598 1233 4678 consanguineorum
1254 4615 1386 4658 suorum
1410 4595 1596 4678 expeditum
1622 4608 1654 4657 et

387 4703 577 4764 omnimode
602 4702 770 4785 pacificum
795 4719 826 4766 et
850 4705 1006 4786 quietum,
1031 4704 1135 4765 eidem
1157 4703 1387 4765 nichilominus
1410 4701 1544 4764 liberam
1571 4701 1654 4762 inter

388 4827 447 4869 nos
472 4821 503 4870 et
527 4828 670 4870 securam
695 4811 867 4892 superinde
891 4810 1054 4889 manendi,
1079 4809 1243 4872 habitandi
1271 4821 1302 4871 et
1325 4808 1399 4870 binc
1424 4821 1455 4870 et
1479 4807 1552 4868 inde
1581 4827 1652 4889 per·

386 4914 484 4995 gandi
521 4928 551 4976 et
582 4914 804 4997 proficiscendi
838 4936 873 4977 ac
905 4915 1073 4978 itinerandi
1107 4915 1342 4979 contendentes
1374 4913 1556 4976 facultatem
1583 4912 1651 4994 jure

388 5021 544 5083 libertatis
569 5037 677 5084 nostre
701 5022 900 5104 privilegiato
925 5037 1095 5086 annuente.
