3678 5800
428 493 488 555 194
831 475 919 534 Anno
943 489 1034 554 1433.
1061 509 1101 518 -
1126 489 1179 551 29.
1202 475 1285 538 maii.

424 685 491 747 nite
516 685 547 747 e't
570 699 736 768 procreate
755 687 911 768 personis,
936 687 968 748 id
986 706 1058 747 cum
1076 685 1245 750 sufficienti
1271 699 1302 750 et
1317 686 1482 770 fidedigno
1506 701 1688 750 nostrorum

424 791 608 853 concivium
633 793 819 854 testimonio
844 793 876 854 in
901 793 977 854 sede
993 805 1102 854 nostra
1126 792 1293 874 judiciaria
1310 793 1394 856 clare
1411 807 1443 857 et
1466 795 1587 857 seriose
1604 814 1689 857 com·

427 898 576 979 probavit
600 917 707 960 coram
733 899 836 978 nobis,
860 911 896 962 ut
926 899 1004 961 dum
1035 897 1177 981 prefatus
1201 899 1382 982 Stephanus
1414 902 1558 964 salivena
1583 901 1617 963 in
1641 923 1689 963 ex·

426 1004 537 1066 tremis
561 1004 624 1066 vite
648 1023 706 1066 sue
736 1005 923 1088 temporalis
955 1005 1139 1084 laborasset,
1170 1013 1249 1068 tunc
1280 1006 1347 1089 ipse
1379 1007 1544 1068 universas
1567 1027 1689 1090 posses·

425 1111 531 1172 aiones
555 1123 587 1173 et
609 1112 780 1194 porciones
804 1112 1071 1194 possessionarias
1094 1132 1130 1174 ac
1154 1112 1267 1194 quevis
1296 1113 1380 1174 bona
1405 1133 1461 1174 sua
1485 1113 1593 1196 ipsum
1617 1113 1689 1194 juri·

425 1217 496 1280 dice
520 1232 749 1281 concernentes
771 1232 802 1280 et
824 1219 994 1300 tangencia
1018 1237 1093 1280 cum
1116 1219 1182 1280 suis
1213 1219 1405 1282 utilitatibus
1428 1233 1459 1283 et
1482 1220 1689 1303 pertinenciis

425 1324 581 1386 universis
612 1324 987 1407 predicte'Margaretbe
1019 1344 1076 1407 pro
1108 1338 1184 1388 tunc
1211 1345 1268 1387 sue
1299 1326 1391 1388 uxori
1424 1340 1455 1388 et
1486 1326 1590 1389 Eleae
1616 1325 1688 1405 lilie,

425 1431 501 1510 suis,
526 1431 696 1511 legavisset
719 1444 750 1493 et
777 1430 950 1493 dimisisset
980 1431 1049 1512 jure
1081 1431 1268 1514 perhennali
1302 1431 1527 1514 possidendas,
1551 1431 1689 1514 ideoque

427 1556 488 1598 nos
511 1537 672 1620 predictas
696 1538 861 1600 universas
884 1538 1102 1621 possessiones
1125 1552 1157 1600 et
1172 1539 1341 1621 porciones
1365 1538 1634 1620 possessionarias
1656 1558 1690 1599 ac

426 1643 538 1724 quevis
563 1645 647 1706 bona
671 1644 746 1705 dicti
773 1644 927 1727 Stephani
950 1645 1109 1707 testatoris
1133 1665 1206 1706 cum
1230 1645 1296 1707 suis
1324 1645 1516 1707 utilitatibus
1542 1657 1574 1707 et
1596 1645 1689 1726 perti-

428 1751 552 1812 nenciis
576 1751 743 1830 universis,
767 1751 920 1834 predictis
938 1751 1138 1833 Margaretbe
1159 1751 1267 1814 relicte
1292 1765 1323 1814 et
1347 1752 1448 1814 Elene
1472 1751 1538 1814 filie
1555 1751 1688 1835 predicti

428 1856 582 1939 Stephani
607 1858 747 1920 salivene
773 1871 804 1920 et
826 1877 884 1940 per
907 1877 960 1918 eas
984 1877 1093 1918 earum
1115 1857 1286 1921 heredibus
1309 1859 1478 1920 statuimus
1501 1873 1533 1921 et
1557 1860 1689 1921 commi-

428 1961 528 2024 simus
560 1977 716 2046 perpetuo
749 1963 959 2040 possidendas
988 1975 1019 2024 et
1049 1963 1358 2046 quomodocumque
1390 1965 1553 2026 voluerint
1586 1965 1689 2047 dispo·

427 2068 550 2130 nendas
566 2067 652 2148 juxta
669 2069 895 2131 condicionem
920 2069 1056 2131 civitatis
1072 2082 1238 2152 prenotate
1255 2071 1295 2132 ab
1316 2071 1449 2152 antiquo
1466 2073 1687 2152 approbatam.

532 2174 609 2237 Item
636 2175 816 2258 Stephanus
848 2174 1007 2237 Praudich
1038 2189 1147 2238 contra
1176 2175 1340 2259 Matbyam
1374 2175 1556 2238 carnificem
1588 2176 1689 2258 primo

427 2279 542 2342 citatus
565 2301 631 2343 non
656 2283 845 2365 comparuit.

536 2387 615 2450 ltem
640 2410 732 2451 causa
765 2390 848 2452 inter
879 2390 1053 2451 Martinum
1085 2391 1286 2472 sagipparem
1315 2403 1347 2452 et
1377 2389 1520 2451 lwanum
1552 2387 1688 2450 infacto

426 2507 565 2574 quatuor
588 2494 658 2558 flor.
689 2516 746 2578 per
769 2495 949 2578 predictum
983 2495 1156 2558 Martinum
1188 2497 1390 2579 sagipparem
1422 2509 1453 2558 et
1483 2496 1613 2558 Petrum
1640 2515 1688 2558 su·

426 2612 529 2662 torem
554 2614 794 2683 procuratorem
826 2602 971 2664 eiusdem
1002 2621 1104 2684 usque
1128 2602 1168 2663 ad
1201 2602 1376 2664 adventum
1416 2603 1515 2684 ipsius
1539 2602 1622 2663 livan
1646 2613 1688 2662 est

427 2721 609 2789 prorogata.

534 2813 612 2876 Item
637 2814 729 2896 jurati
755 2814 1030 2897 adjudicaverunt,
1055 2828 1090 2876 ut
1112 2815 1187 2897 quia
1204 2817 1314 2897 Agnes
1330 2814 1423 2877 aliter
1447 2815 1552 2876 Kussa
1569 2827 1685 2891 vocata,

427 2939 508 2981 uxor
532 2921 688 2982 Anthonii
714 2920 791 2982 dicti
815 2920 973 2983 Pestelich
998 2921 1030 2982 in
1055 2919 1225 2983 manifesto
1242 2921 1417 2983 bursicidio
1442 2941 1498 2983 seu
1523 2921 1683 2983 bursicidii

426 3045 523 3108 opere
548 3039 682 3110 reperta,
706 3047 762 3109 per
778 3027 935 3109 plurimos
959 3027 1027 3088 dies
1051 3027 1083 3088 in
1109 3027 1288 3088 carceribus
1304 3028 1546 3090 communitatis
1570 3027 1601 3089 in
1619 3028 1681 3088 vin·

425 3131 505 3192 culis
525 3143 623 3211 teuta,
648 3147 833 3195 conservata
851 3147 882 3196 et
898 3135 1009 3216 punita
1033 3133 1146 3210 extitit,
1163 3153 1229 3215 que
1246 3133 1321 3196 licet
1337 3153 1395 3215 pro
1420 3135 1485 3196 suis
1509 3133 1683 3216 prescriptis

425 3238 606 3300 excessibus
619 3239 774 3300 maiorem
788 3259 903 3322 penam
918 3240 1137 3319 demeruisset‚
1148 3253 1256 3301 tamen
1266 3240 1485 3303 misericordia
1499 3241 1551 3302 dei
1566 3240 1641 3302 moti
1650 3251 1681 3300 ut

428 3343 540 3405 eadem
559 3345 675 3406 mulier
691 3346 833 3428 predicta
850 3344 932 3409 facta
948 3366 1004 3408 sua
1022 3346 1106 3407 mala
1128 3345 1244 3408 defleat
1260 3346 1518 3428 penitencialiter
1542 3361 1573 3408 et
1588 3359 1683 3408 cetera

429 3463 459 3512 et
484 3451 545 3512 alia
570 3451 632 3513 biis
655 3451 772 3513 similia
796 3472 852 3514 seu
877 3453 1035 3514 deteriora
1058 3452 1192 3514 ulterius
1208 3471 1274 3514 non
1297 3453 1488 3531 committat,
1513 3452 1553 3514 ad
1572 3454 1681 3514 instan-

427 3571 559 3640 temque
583 3559 725 3641 plurium
750 3559 892 3621 virorum
910 3562 1086 3642 proborum
1111 3572 1142 3620 et
1158 3557 1368 3620 bonestorum
1387 3559 1582 3642 peticionem
1598 3558 1682 3620 nobis

425 3685 484 3747 pro
509 3666 621 3726 eadem
646 3665 773 3745 factam,
798 3667 904 3728 eidem
928 3667 1046 3748 Agneti
1077 3666 1331 3728 misericordiam
1364 3665 1504 3728 fecimus
1527 3667 1631 3739 talem,
1651 3677 1682 3726 ut

426 3771 566 3854 amplius
590 3785 621 3834 et
644 3773 684 3833 de
709 3787 815 3834 cetero
838 3773 956 3835 similia
980 3787 1011 3835 et
1034 3774 1095 3835 alia
1113 3774 1196 3835 mala
1222 3771 1303 3835 facta
1328 3792 1393 3834 non
1420 3774 1610 3852 committat,
1625 3789 1680 3854 que

425 3877 450 3937 si
477 3877 616 3958 amplius
640 3877 671 3938 in
697 3878 808 3960 aliquo
833 3878 993 3941 maleficio
1018 3879 1216 3962 deprehensa
1241 3878 1346 3959 luerit,
1370 3881 1492 3962 absque
1517 3880 1603 3942 omni
1626 3877 1678 3938 mi-

426 3983 598 4045 sericordia
631 3983 695 4066 jam
719 3984 758 4046 de
791 3999 897 4049 cetero
930 3986 1017 4069 juxta
1044 4007 1100 4048 sua
1134 3986 1289 4049 demerita
1312 4006 1430 4069 penam
1462 4007 1560 4069 quam
1584 3987 1678 4048 derne·

425 4090 524 4150 ruerit
547 4103 772 4173 consequetur.

532 4195 610 4258 ltem
634 4198 797 4280 predictus
821 4198 1006 4261 Anthonius
1029 4199 1186 4262 Pestelich
1218 4219 1275 4282 per
1309 4199 1586 4282 adjudicacionem
1606 4199 1678 4280 jura·

426 4313 533 4363 torum
558 4317 672 4365 octavo
699 4304 751 4366 die
776 4325 982 4387 superatam
1006 4305 1109 4387 jurare
1144 4305 1240 4368 debet
1270 4325 1366 4388 super
1389 4327 1438 4384 eo,
1462 4321 1498 4369 ut
1521 4308 1585 4390 ipse
1606 4323 1676 4366 nun-

426 4427 525 4489 quam
550 4410 692 4473 scivisset
708 4411 851 4493 aliquam
868 4412 1030 4474 maliciam
1055 4413 1155 4494 ipsius
1178 4431 1234 4474 sue
1252 4412 1361 4474 uxoris
1378 4415 1523 4494 Agnetis,
1547 4432 1601 4474 nec
1615 4411 1673 4492 ipsa

424 4533 505 4576 uxor
517 4535 573 4577 sua
584 4516 686 4598 ipsam
703 4517 863 4579 maliciam
879 4518 1044 4580 bursicidii
1062 4519 1194 4600 predicti
1210 4538 1283 4580 cum
1300 4518 1380 4580 scitu
1395 4539 1454 4581 suo
1470 4529 1675 4602 perpetrasset.

530 4621 608 4684 Item
633 4623 734 4686 Elena
760 4645 838 4686 uror
863 4625 991 4686 Martini
1013 4626 1141 4687 sartoris
1163 4627 1260 4688 tercia
1284 4645 1317 4687 se
1345 4627 1491 4708 personis
1520 4626 1577 4687 sibi
1600 4620 1675 4683 simi·

425 4727 509 4789 libus
533 4743 647 4791 octavo
671 4731 724 4792 die
748 4751 843 4814 super
868 4751 955 4792 aram
980 4732 1076 4794 debet
1097 4731 1201 4813 jurare
1225 4751 1395 4814 supereo,
1420 4745 1456 4794 ut
1482 4733 1548 4815 ipsa
1565 4727 1674 4791 nullum

426 4833 554 4896 milium
579 4836 735 4899 Anthonii
762 4839 828 4900 coci
854 4838 1071 4917 subtraxisset,
1102 4857 1258 4900 naccum
1291 4857 1451 4900 consensu
1477 4851 1509 4899 et
1530 4856 1584 4898 suo
1603 4831 1673 4892 scitu

424 4943 620 5005 subtractum
648 4943 769 5024 luisset,
793 4966 850 5027 per
874 4946 1154 5028 adjudicationem
1179 4943 1368 5028 juratorum.
