3678 5800
429 485 487 569 178
787 486 875 546 Anno
898 499 988 564 1432.
1014 518 1054 529 -
1072 496 1106 561 5.
1131 485 1290 546 dccmrbffl.

425 710 532 760 nostra
556 695 721 778 judiciaria
746 697 829 758 clare
846 697 1068 781 comprobavit
1088 715 1196 758 coram
1216 695 1320 775 nobis,
1344 709 1379 758 ut
1395 694 1473 758 dum
1497 695 1686 758 Valentinus

426 817 527 866 sartor
558 803 642 866 iilius
672 803 773 887 ipsius
805 803 911 885 Egidii
943 801 1099 866 camificia
1131 823 1240 866 versus
1271 814 1376 886 partes
1399 801 1522 865 Italicas
1547 821 1606 886 pro
1629 821 1688 863 suo

426 910 553 973 meliori
574 909 735 993 proiectus
752 910 916 990 extitisset,
932 923 1009 972 tunc
1026 910 1093 992 ipse
1109 909 1241 971 totalem
1259 928 1349 972 suam
1367 909 1555 992 porcionem
1573 908 1690 971 domus

427 1018 488 1078 sibi
513 1036 569 1100 per
593 1016 751 1100 prefatum
781 1017 974 1100 Dyonisium
1006 1015 1168 1079 Janchech
1189 1036 1285 1078 avum
1317 1036 1411 1078 suum
1435 1015 1574 1099 legatam
1598 1029 1691 1078 testa·

428 1123 620 1203 mentaliter,
645 1124 816 1208 ipsumque
840 1123 1049 1186 Valentinum
1066 1135 1221 1186 sartorem
1244 1124 1417 1186 literatorie
1432 1136 1692 1200 conternantem,

428 1230 488 1313 ipsi
513 1229 631 1311 Egidio
655 1230 735 1314 patri
759 1249 818 1292 suo
841 1230 1004 1292 vendendi
1029 1243 1060 1292 et
1091 1229 1130 1291 de
1155 1229 1268 1294 eadem
1291 1249 1350 1314 pro
1382 1249 1441 1293 suo
1466 1230 1560 1293 libito
1585 1230 1693 1312 diapo-

430 1336 529 1398 nendi
562 1337 691 1419 plenam
725 1337 897 1398 dimisisset
926 1349 1127 1420 potestatem,
1158 1335 1298 1419 ideoque
1327 1357 1386 1399 nos
1417 1337 1594 1420 predictam
1619 1357 1694 1420 por·

429 1443 554 1504 cionem
580 1443 707 1522 domus,
732 1444 918 1526 porcionem
950 1443 1100 1506 videlicet
1131 1443 1230 1526 ipsius
1261 1443 1424 1506 Valentini
1454 1444 1595 1522 sartoris,
1619 1462 1693 1506 cum

431 1549 497 1610 suis
521 1549 727 1632 pertinenciis
751 1564 781 1612 et
805 1549 996 1613 utilitatibus
1020 1551 1177 1612 universis
1193 1550 1300 1613 eidem
1325 1551 1443 1633 Egidio
1468 1550 1609 1614 carnifici
1625 1551 1693 1635 ple·

432 1676 507 1717 nam
538 1655 700 1719 vendendi
725 1671 755 1719 et
785 1657 826 1718 de
858 1657 970 1722 eadem
1002 1677 1061 1741 pro
1091 1676 1150 1720 suo
1175 1657 1268 1720 libito
1299 1657 1493 1742 disponendi
1524 1657 1695 1721 statuimus

433 1761 628 1828 facultatem.

474 1981 571 2056 Faria
599 1989 698 2056 serta
726 1986 881 2074 proxima
909 1991 987 2057 ante
1014 1984 1138 2057 festum
1165 1985 1255 2058 besti
1285 1983 1411 2058 Nicolai
1441 1985 1656 2058 confessoris.

930 2133 975 2216 (5.
1009 2135 1191 2220 decembres).

540 2295 619 2358 ltem
636 2294 748 2357 Petrus
763 2294 884 2376 juratus
900 2293 984 2356 iilius
1001 2295 1085 2358 Petri
1103 2294 1225 2378 Saphar
1240 2308 1351 2358 contra
1368 2293 1533 2357 Thomam
1557 2293 1693 2377 juratum

432 2401 535 2464 filium
567 2399 674 2463 Choni
706 2414 945 2483 procuratorem
979 2400 1110 2484 Georgii
1144 2400 1275 2485 kalyn
1304 2400 1447 2462 secundo
1479 2401 1593 2464 citatus
1630 2420 1695 2462 non

434 2507 623 2590 comparuit.

540 2613 618 2675 Item
643 2614 719 2694 quia
749 2615 851 2696 probe
883 2627 914 2677 et
946 2613 1078 2676 honeste
1110 2614 1262 2676 mulieres
1292 2613 1494 2696 Margaretha
1525 2613 1636 2676 relicta
1666 2625 1696 2674 et

433 2720 581 2798 Maricza,
606 2723 700 2782 Anna
723 2740 758 2782 ac
783 2720 984 2802 Margaretha
1008 2719 1073 2783 filie
1097 2721 1233 2783 condam
1253 2720 1384 2804 Mathey
1407 2721 1483 2783 dicti
1509 2719 1618 2802 Supan
1638 2718 1693 2782 filii

435 2826 563 2888 Andree
589 2825 627 2887 de
652 2825 858 2909 Zobothycza
882 2845 941 2888 nec
968 2845 1034 2888 non
1066 2826 1244 2910 Elyzabeth
1267 2826 1332 2889 lilia
1364 2825 1478 2909 prefati
1504 2826 1633 2888 Andree
1657 2826 1694 2887 de

437 2931 642 3016 Zobothycza
659 2952 750 2994 soror
773 2932 849 2995 dicti
868 2931 997 3016 Mathye
1023 2933 1132 3014 Supan
1149 2953 1185 2995 ac
1202 2932 1357 2996 lobannis
1377 2948 1409 2996 et
1432 2933 1601 2995 Michaelis
1616 2931 1695 2994 lilio-

434 3059 505 3102 rum
540 3039 683 3101 eiusdem
707 3038 837 3101 Andree
861 3039 984 3100 uterina
1009 3051 1040 3100 et
1068 3039 1203 3101 carnalis
1233 3039 1386 3102 veraciter
1418 3038 1488 3102 fore
1511 3038 1694 3101 adinvenie-

435 3147 550 3207 bantur
574 3158 727 3227 tanquam
751 3145 885 3208 heredes
909 3157 940 3207 et
963 3145 1147 3226 superstites
1169 3146 1311 3228 ipsorum
1335 3145 1401 3207 veri
1427 3159 1458 3208 et
1482 3145 1644 3226 legittimi,
1668 3156 1696 3204 et

436 3252 511 3334 quia
536 3250 648 3333 prelati
674 3251 835 3314 lohannes
860 3265 891 3313 et
915 3250 1053 3314 Michael
1076 3250 1134 3313 lilii
1158 3251 1258 3334 ipsius
1281 3249 1409 3313 Andree
1434 3251 1467 3312 in
1491 3251 1628 3332 juvenili
1652 3251 1695 3332 ip·

436 3377 545 3419 sorum
570 3371 652 3419 etate
677 3359 797 3440 absque
821 3356 975 3420 heredum
1001 3356 1134 3419 sollacio
1158 3357 1297 3419 intestati
1321 3359 1361 3419 ab
1385 3356 1443 3418 hac
1459 3355 1532 3418 luce
1557 3357 1696 3419 decesse-

437 3477 519 3543 runt,
544 3464 683 3545 ideoque
707 3484 766 3526 nos
791 3464 960 3546 porciones
976 3464 1120 3542 ipsorum
1141 3463 1297 3526 Johannis
1320 3476 1352 3526 et
1376 3462 1544 3525 Michaelis
1569 3463 1603 3524 in
1621 3481 1696 3544 quo·

437 3573 510 3634 darn
543 3571 672 3654 (h)orto,
705 3571 829 3654 (h)oreo
862 3585 893 3634 et
925 3584 1005 3632 terra
1030 3571 1062 3632 in
1093 3570 1248 3632 suburbio
1272 3569 1408 3632 civitatis
1438 3569 1525 3650 juxta
1550 3583 1696 3632 contenta

437 3678 600 3739 literarum
624 3677 874 3760 privilegialium
896 3677 1031 3740 civitatis
1056 3676 1197 3759 predicte
1229 3676 1338 3739 habito
1371 3690 1402 3738 et
1425 3677 1592 3756 existente,
1616 3677 1698 3760 ipsos

438 3785 611 3846 literatorie
628 3797 856 3846 concernentes
872 3784 1031 3865 pertimet
1047 3803 1103 3866 per
1119 3783 1264 3844 medium
1280 3801 1376 3865 super
1391 3782 1568 3865 predictam
1586 3782 1697 3864 Elyza-

438 3889 513 3951 beth
537 3909 680 3951 sororem
697 3891 852 3972 ipsorum,
876 3890 991 3971 partim
1008 3903 1116 3951 autern
1140 3902 1172 3951 et
1194 3909 1251 3971 per
1268 3888 1412 3950 medium
1429 3908 1525 3970 super
1541 3888 1698 3970 predictas

441 3994 674 4076 Margaretham
700 3996 843 4057 relictam
869 4009 898 4056 et
926 3994 1108 4072 Mariczam,
1142 4000 1270 4056 Annam
1300 4013 1336 4055 ac
1360 3993 1597 4076 Margaretham
1621 3992 1698 4055 filias

440 4102 573 4182 predicti
599 4100 730 4184 Mathey
755 4101 863 4182 Supan
889 4099 992 4162 lratris
1016 4101 1115 4182 ipsius
1139 4099 1317 4183 Elyzabeth
1340 4113 1495 4182 tanquam
1519 4100 1623 4162 eciam
1648 4101 1699 4162 he·

442 4207 533 4268 redes
557 4207 656 4288 ipsius
680 4207 810 4289 Mathey
843 4221 873 4268 et
905 4226 960 4288 per
984 4225 1184 4287 consequens
1215 4206 1349 4268 heredes
1378 4207 1521 4289 ipsorum
1547 4206 1700 4268 Johannis

441 4327 471 4372 et
496 4311 671 4390 Michaelis,
695 4313 806 4394 porcio
831 4332 907 4374 vero
931 4313 1027 4373 tercia
1052 4311 1185 4393 predicti
1204 4312 1334 4396 Mathey
1359 4311 1467 4394 Supan
1492 4313 1526 4373 in
1550 4313 1700 4395 predictis

441 4417 568 4499 (hlorto,
593 4417 717 4500 (h)oreo
742 4432 773 4480 et
788 4432 869 4480 terra
892 4420 996 4501 ipsum
1022 4417 1151 4500 Mathey
1169 4418 1279 4500 Supan
1295 4419 1469 4481 literatorie
1493 4438 1699 4498 concernens,

440 4524 646 4586 solummodo
660 4544 755 4606 super
768 4524 905 4607 prelatas
922 4524 1155 4606 Margaretham
1169 4524 1312 4587 relictam
1327 4539 1358 4587 et
1371 4526 1555 4605 Mariczam,
1574 4531 1699 4588 Annam

441 4649 477 4689 ac
502 4629 736 4711 Margaretham
760 4629 841 4692 filias
865 4631 1009 4693 eiusdem
1037 4630 1168 4713 Mathey
1193 4631 1303 4713 Supan
1333 4643 1487 4713 tanquam
1511 4629 1648 4692 heredes
1672 4643 1699 4692 et

440 4736 624 4816 superstites
648 4736 746 4818 ipsius
778 4735 869 4798 vivos
892 4749 964 4818 post
987 4756 1062 4798 eum
1089 4749 1301 4812 remanentes,
1333 4735 1418 4818 juxta
1442 4736 1541 4819 ipsius
1565 4737 1698 4800 civitatis

440 4841 605 4921 antiquam
615 4843 878 4904 consvetudinem
887 4857 917 4904 et
927 4843 1159 4924 privilegiatam
1169 4843 1348 4904 libertatern
1362 4861 1420 4904 nec
1429 4862 1495 4904 non
1504 4863 1561 4926 per
1573 4843 1698 4926 adjudi-

442 4946 604 5008 cacionem
622 4948 797 5028 juratorum
815 4950 1043 5010 modernorum
1062 4951 1191 5010 nemine
1211 4950 1339 5031 penitus
1361 4949 1613 5025 contradicente,
1630 4963 1698 5011 sunt
