3734 5796
556 548 642 602 Anno
664 559 757 622 1440.
781 579 826 589 —·
849 542 881 605 8.
901 547 1052 622 januarii.
1334 583 1335 588 κ
1373 564 1433 626 325

171 755 265 818 clesie
290 770 396 818 nostre
420 757 612 839 parochialis
636 757 719 817 beati
742 757 840 818 Marci
858 756 1063 840 ewangeliste
1080 757 1113 818 in
1136 757 1262 818 civitate
1289 757 1433 839 predicta

171 859 313 926 fundate.

275 969 354 1032 Item
378 969 540 1032 Johannes
556 970 801 1034 Theutbonicus
825 969 973 1053 lapicida,
995 969 1073 1031 alias
1089 969 1210 1052 juratus
1235 983 1265 1033 et
1289 971 1430 1033 concivis

170 1089 287 1157 noster,
311 1076 396 1140 lilius
419 1078 504 1139 Petri
529 1077 676 1140 similiter
693 1079 842 1160 lapicida,
866 1079 898 1139 in
923 1097 1016 1139 causa
1037 1077 1135 1139 trium
1159 1076 1228 1140 flor.
1252 1079 1322 1140 auri
1352 1079 1434 1140 inter

169 1184 273 1266 ipsum
298 1196 329 1245 at
353 1183 435 1246 inter
460 1183 667 1247 Valentinum
692 1185 831 1268 juratum
857 1183 959 1246 filiurn
984 1183 1049 1244 lwk
1084 1202 1191 1244 coram
1216 1184 1310 1245 nobis
1333 1197 1431 1264 mota,

168 1289 263 1351 debet
293 1289 471 1372 producere
503 1291 674 1354 Nicolaum
706 1291 808 1354 filium
840 1291 974 1354 Fabiani
1016 1305 1047 1351 et
1077 1290 1207 1352 Petrum
1240 1290 1431 1372 Hungarurn

167 1394 268 1456 filium
302 1395 393 1458 Pauli
428 1395 552 1478 pridem
585 1396 705 1478 judices
744 1398 776 1460 in
816 1397 1037 1460 testimonium
1078 1397 1117 1458 ad
1149 1396 1261 1459 feriam
1301 1399 1433 1460 terciam

168 1503 311 1584 proxime
336 1501 517 1565 affuturam.

272 1608 350 1670 ltem
375 1628 447 1670 cum
469 1609 653 1691 nuperrime
669 1609 763 1690 jurati
787 1629 915 1672 causam
933 1609 1067 1672 Fabiani
1084 1609 1178 1692 jurati
1202 1610 1259 1672 lilii
1277 1611 1431 1673 lobannis

165 1715 197 1775 in
215 1713 299 1776 facto
324 1715 554 1798 appellacionis
576 1735 633 1777 seu
650 1716 887 1778 nominacionis
903 1716 987 1778 male
1013 1714 1162 1798 Gregorii
1180 1715 1238 1778 filii
1257 1717 1432 1797 Valentini,

167 1840 233 1902 qua
258 1821 480 1903 appe'llacione
512 1835 544 1884 et
575 1821 803 1884 nominacione
834 1823 921 1884 idem
954 1821 1130 1904 Gregorius
1153 1836 1299 1905 tempore
1331 1823 1430 1886 ewul-

166 1928 266 1989 sionis
292 1929 391 1990 barbe
415 1925 529 2011 prelati
554 1929 688 1991 Fabiani
723 1929 817 2012 jurati
841 1948 974 1991 uxorem
1007 1928 1151 1991 eiusdem
1175 1929 1310 1990 Fabiani
1334 1928 1428 2012 jurati

165 2035 364 2096 meretricem
393 2049 423 2097 et
447 2035 620 2098 dominum
646 2035 755 2118 ipsius,
780 2035 948 2098 dominum
973 2035 1177 2098 meretricum
1202 2035 1375 2118 appellavit
1399 2049 1430 2097 et

163 2141 352 2222 nominavit,
369 2161 408 2204 eo
426 2141 526 2204 modo
543 2142 657 2224 pridie,
674 2142 823 2204 videlicet
844 2141 921 2204 feria
938 2158 1025 2205 sexta
1048 2143 1194 2225 proxima
1213 2155 1285 2224 post
1310 2140 1426 2204 festum

163 2249 255 2310 beate
273 2248 373 2310 Lucie
386 2248 520 2330 virginis
535 2247 778 2328 adjudicassent,
796 2263 830 2311 ut
843 2249 909 2331 ipse
929 2247 1105 2330 Gregorius
1122 2247 1428 2311 dehonestacionem

163 2351 283 2434 prefate
296 2354 404 2416 uxoris
418 2367 448 2416 et
461 2353 578 2416 domus
591 2354 691 2437 ipsius
705 2354 838 2416 Fabiani
855 2354 960 2435 jurati,
973 2369 1082 2416 contra
1099 2354 1238 2416 eundern
1249 2353 1428 2415 Fabianum

161 2458 301 2540 juratum
327 2473 357 2521 et
391 2479 524 2523 uxorem
555 2480 645 2522 susm
677 2461 710 2522 in
742 2461 854 2523 decern
885 2461 991 2544 pensis
1024 2459 1229 2523 denariorum
1262 2473 1293 2522 et
1317 2471 1428 2522 contra

162 2566 426 2629 communitatem
452 2567 484 2627 in
508 2579 636 2629 centum
668 2567 807 2628 denariis
838 2567 1030 2644 judicialiter
1061 2580 1251 2648 aggravatus
1274 2566 1428 2628 extitisset

161 2672 274 2734 ordine
299 2671 375 2755 juris
399 2673 599 2754 requirente;
623 2687 700 2736 tunc
724 2672 865 2755 prelatus
881 2673 1043 2735 Fabianus
1066 2672 1188 2755 juratus
1211 2672 1251 2733 de
1276 2673 1342 2754 ipsa
1371 2671 1426 2733 ad-

160 2777 361 2860 judicacione
393 2779 536 2862 ipsorum
569 2779 746 2861 juratorum
779 2799 843 2842 non
880 2793 1049 2844 contentus
1081 2779 1255 2863 appellavit
1288 2778 1425 2842 eandem

160 2903 286 2948 causam
311 2885 352 2947 ad
375 2886 517 2948 seniores
539 2885 661 2969 judices
684 2906 741 2969 per
765 2886 896 2949 eosdem
921 2885 1172 2968 dijudicandam.
