3796 5812
227 675 352 682 ...-.—-
381 675 891 682 —..-.-...—..-.-.....-......
1004 676 1103 682 --..
1427 589 1490 650 493

228 793 259 842 et
275 781 412 842 existens
436 781 468 842 in
485 779 648 843 vicinitate
664 779 830 842 vinearum
849 779 977 842 Thome
995 778 1051 842 filii
1070 779 1153 842 Petri
1168 793 1198 842 et
1215 780 1306 842 Pauli
1324 781 1489 864 Pauichyn

230 908 247 948 a
272 885 395 969 prelato
421 886 588 948 Clemente
606 886 646 948 ad
664 887 766 967 ipsam
792 887 924 947 Luciam
942 885 1093 948 devoluta
1111 886 1169 948 rite
1188 901 1269 948 esset
1291 901 1322 949 et
1345 887 1491 965 babetur,

229 993 303 1054 ideo
328 1012 386 1054 nos
417 993 553 1054 eandem
584 993 711 1054 vineam
747 1011 819 1054 cum
851 991 916 1053 suis
947 991 1151 1073 pertinenciis
1184 1007 1359 1054 memorate
1393 993 1491 1054 Lucie

228 1099 398 1161 statuimus
422 1111 453 1160 et
470 1098 690 1160 commisimus
711 1111 866 1180 perpetuo
883 1097 1110 1180 possidendam
1135 1111 1166 1160 et
1183 1099 1491 1180 quomodocumque

228 1205 367 1267 voluerit
391 1204 636 1287 disponendam.

335 1310 413 1373 ltem
431 1330 524 1372 causa
542 1311 623 1372 inter
641 1309 819 1392 Georgium
835 1310 938 1373 filium
956 1310 1042 1373 Galli
1060 1311 1106 1374 uti
1125 1311 1155 1372 in
1174 1331 1304 1372 causam
1321 1323 1488 1373 attractum

227 1432 258 1479 et
283 1417 464 1478 lohannem
480 1415 581 1478 filium
601 1417 681 1499 Elye
706 1417 745 1478 ad
762 1417 903 1498 primum
925 1417 1079 1499 judicium
1098 1417 1137 1478 ad
1155 1437 1265 1499 pacem
1292 1429 1339 1478 est
1356 1429 1493 1498 recepta.

334 1523 413 1584 ltem
438 1541 531 1584 causa
557 1523 638 1583 inter
672 1521 849 1604 Georgium
875 1523 1056 1585 Crouacum
1083 1524 1128 1586 uti
1153 1537 1294 1585 actorem
1318 1535 1349 1584 et
1374 1521 1493 1584 Katha-

230 1629 359 1690 lenkam
384 1628 545 1710 pistricem
570 1629 615 1690 uti
641 1629 672 1690 in
698 1647 825 1690 causam
858 1643 1022 1692 attractam
1051 1630 1091 1690 ad
1115 1629 1255 1711 primum
1281 1628 1436 1710 judicium
1452 1627 1492 1689 ad

227 1755 339 1818 pacem
365 1747 412 1796 est
436 1749 572 1818 recepta.

335 1841 412 1902 ltem
449 1841 524 1923 quia
562 1841 718 1904 Martinus
753 1841 856 1904 dictus
891 1843 1047 1925 Zekirych
1084 1841 1263 1904 avunculus
1294 1841 1493 1922 Margarethe

228 1949 384 2010 consortis
410 1947 494 2009 lwan
518 1947 576 2010 filii
599 1949 767 2032 Radozlay
791 1950 822 2010 in
848 1951 996 2011 extremis
1028 1949 1178 2011 laborans
1202 1949 1380 2028 quamdam
1405 1949 1494 2009 vine-

227 2056 312 2117 olam
338 2075 428 2115 suam
454 2054 486 2115 io
521 2068 630 2116 nostro
662 2055 823 2117 territorio
856 2056 938 2116 inter
965 2055 1075 2116 vineas
1108 2057 1236 2135 Agnese
1261 2053 1493 2115 Horuatinicha

227 2173 338 2222 vocate
364 2174 394 2220 et
418 2161 502 2220 viam
519 2179 726 2222 communem
743 2160 897 2239 habitam,
915 2161 1019 2222 eidem
1039 2157 1238 2241 Margarethe
1263 2178 1321 2241 pro
1349 2159 1414 2220 suis
1430 2179 1494 2220 ser·

228 2266 318 2327 viciis
343 2266 515 2328 dimisisset
538 2280 568 2328 et
592 2267 729 2347 legasset
760 2281 916 2350 perpetuo
949 2265 1176 2348 possidendam
1201 2279 1296 2346 prout
1331 2263 1493 2346 idipsum

229 2372 295 2453 ipsa
334 2371 535 2453 Margaretha
567 2393 641 2434 cum
672 2371 837 2454 fidedigno
869 2372 1054 2436 testimonio
1094 2383 1276 2432 nostrorum
1310 2369 1492 2432 concivium

227 2498 335 2540 coram
362 2479 454 2540 nobis
479 2479 711 2561 comprobavit,
736 2479 809 2542 ideo
834 2498 893 2540 nos
921 2478 1056 2540 eandem
1082 2476 1210 2536 vineam
1237 2475 1343 2538 eidem
1369 2477 1493 2557 Marga-

226 2582 313 2644 rethe
338 2584 508 2646 statuimus
532 2597 689 2666 perpetuo
717 2584 957 2667 possidendam.

333 2689 411 2750 ltem
429 2689 610 2772 Stephanus
634 2704 723 2751 sutor
747 2703 856 2752 contra
875 2691 1060 2752 Ladislaum
1084 2690 1205 2752 dictum
1231 2687 1421 2751 Lokothech
1446 2709 1493 2750 se·

227 2795 333 2856 cundo
358 2797 473 2858 citatus
496 2815 560 2857 non
587 2797 776 2878 comparuit.

333 2901 409 2964 Item
447 2900 540 2982 jurati
576 2901 851 2984 adjudicaverunt,
887 2903 974 2984 qnod
1007 2901 1188 2985 Stephanus
1223 2901 1307 2964 filius
1340 2899 1492 2982 Gregorii

226 3006 350 3087 pridem
375 3005 505 3088 juratus,
530 3023 637 3070 noster
653 3009 805 3086 concivis,
829 3009 926 3071 hodie
950 3009 990 3070 ad
1009 3023 1083 3070 octo
1108 3008 1176 3070 dies
1192 3027 1286 3090 super
1310 3025 1397 3068 aram
1414 3005 1491 3067 soli·

228 3113 326 3174 tarius
350 3113 446 3175 debet
469 3111 684 3194 juramentum
710 3114 871 3196 deponere
899 3135 994 3197 super
1018 3133 1068 3194 e0,
1094 3127 1127 3176 ut
1151 3114 1290 3195 quedam
1314 3126 1396 3174 terra
1420 3130 1488 3172 ara·

228 3219 301 3279 bilis
326 3219 462 3281 duarum
487 3233 521 3281 ut
545 3221 661 3283 dicitur
693 3221 849 3282 dictarum
882 3221 913 3282 in
945 3221 1106 3283 vicinitate
1135 3234 1290 3282 terrarum
1316 3217 1486 3280 arabilium

228 3325 390 3387 colendioi
422 3325 624 3388 sacerdotum
657 3339 688 3389 et
708 3328 837 3388 Thome
869 3327 978 3388 vicarii
1011 3325 1117 3388 habita
1148 3339 1179 3388 et
1206 3326 1353 3404 existens,
1384 3323 1485 3385 sibia

227 3432 363 3494 condam
385 3431 509 3515 Wyech
527 3447 633 3494 sutore
650 3453 709 3515 pro
726 3433 784 3495 XV
802 3433 907 3514 pensis
924 3433 1129 3494 denariorum
1147 3432 1348 3513 inpignorata
1366 3428 1486 3491 luisset.

336 3537 414 3598 ltem
442 3537 517 3618 quia
543 3538 735 3600 Benedictus
752 3537 891 3600 carnifex
912 3538 990 3600 alias
1012 3537 1122 3599 Wdile
1140 3537 1244 3598 dictus
1261 3535 1345 3597 filius
1363 3534 1491 3597 Martini

232 3642 400 3704 frenatoris
424 3643 455 3704 id
480 3663 552 3705 cum
576 3642 745 3706 sufficienti
770 3657 800 3706 et
816 3643 981 3724 fidedigno
998 3657 1180 3705 nostrorum
1205 3642 1387 3703 concivium
1403 3641 1490 3703 testi·

228 3750 340 3811 monio
364 3751 446 3811 clare
471 3751 694 3833 comprobavit
711 3771 818 3812 coram
836 3751 940 3830 nobis,
965 3751 1051 3832 quod
1069 3747 1211 3832 prelatus
1228 3749 1385 3810 Martinus
1402 3761 1491 3830 pater

231 3875 307 3916 suus
331 3855 392 3916 sibi
418 3855 591 3938 quamdam
623 3858 750 3919 vineam
783 3857 1038 3919 condicionalem
1064 3856 1096 3917 in
1128 3855 1290 3916 vicinitate
1323 3855 1491 3916 vinearum

229 3961 320 4024 Pauli
347 3961 403 4024 lilii
430 3961 562 4044 Georgii
587 3963 630 4044 (et
660 3963 840 4042 vinearum)
869 3963 959 4024 Pauli
993 3960 1254 4025 Charanthouich
1287 3961 1429 4022 habitam
1461 3973 1492 4022 et

228 4069 429 4148 existentem,
453 4069 538 4152 (cum
563 4068 820 4151 condicionibus)
845 4070 877 4130 in
896 4069 996 4130 literis
1020 4069 1136 4129 nostris
1160 4066 1416 4150 privilegialibus
1433 4085 1491 4148 pro

227 4188 317 4256 parte
343 4175 442 4256 ipsius
466 4175 595 4237 Martini
619 4195 714 4258 super
738 4175 850 4237 eadem
868 4176 961 4236 vinea
985 4172 1138 4236 confectis
1162 4173 1245 4234 clare
1269 4173 1439 4252 contentis,
1458 4173 1490 4233 in

228 4281 378 4342 extremis
402 4281 466 4344 vite
491 4302 546 4344 sue
571 4281 721 4343 laborans
744 4294 899 4364 perpetuo
918 4281 1052 4362 legasset
1077 4294 1107 4341 et
1131 4279 1314 4356 dimisisset,
1339 4278 1413 4340 ideo
1431 4297 1490 4339 nos

229 4388 436 4470 prescriptam
456 4388 582 4450 vineam
600 4387 858 4449 condicionalem
882 4407 954 4448 cum
972 4386 1216 4448 condicionibus
1240 4398 1271 4444 et
1287 4383 1491 4465 pertinenciis

230 4508 408 4556 memorato
434 4494 608 4556 Benedicto
633 4493 772 4556 carnifici
796 4508 827 4554 et
849 4494 915 4554 suis
947 4492 1119 4554 heredibus
1142 4491 1311 4552 statuimus
1334 4503 1490 4573 perpetuo

227 4601 466 4682 possidendam.

333 4708 411 4770 ltem
436 4707 560 4770 Blasius
584 4707 802 4790 carpentarius
825 4719 934 4768 contra
954 4705 1164 4766 Benedictum
1183 4702 1290 4764 Hanse
1316 4703 1421 4784 primo
1446 4702 1490 4762 ci-

227 4828 311 4876 tatus
335 4834 399 4875 non
429 4814 618 4895 comparuit.

335 4919 413 4982 ltem
439 4921 556 4982 Paulus
579 4920 708 4984 sellator
739 4919 824 4981 filius
849 4918 1002 5001 Stephani
1027 4931 1136 4979 contra
1162 4915 1325 4978 Thomam
1349 4927 1489 4975 sutorem

229 5027 349 5088 dictum
375 5027 507 5088 Kriuich
532 5026 637 5108 primo
661 5026 774 5086 citatus
797 5043 863 5085 non
888 5024 1076 5105 comparuit.
