3876 5798
396 587 461 648 444
769 569 856 628 Anno
879 565 972 646 1446.
996 601 1040 612 —
1065 565 1114 628 16.
1138 568 1296 628 decembris

397 779 497 842 domo
521 793 552 840 et
577 779 677 842 lundo
703 780 802 862 ipsius
825 779 950 842 Nicolai
975 778 1068 860 jurati
1094 777 1211 854 habita,
1240 797 1296 860 pet
1320 776 1474 840 fossatum
1499 777 1582 839 ultra
1607 796 1669 838 seu

397 906 453 968 per
477 885 596 948 fundos
620 887 782 950 Valentini
809 887 933 969 judicis,
964 886 1142 949 liberorum
1177 885 1305 969 Barych
1329 898 1360 946 et
1392 883 1522 968 Mathye
1553 883 1668 964 generi

397 993 567 1076 Rakarycb
590 1013 626 1056 ac
652 995 827 1056 liberorum
852 993 980 1056 Andree
1005 991 1158 1056 Zwecbar
1190 1011 1227 1054 ac
1251 991 1371 1075 Frycze
1395 990 1488 1072 jurati
1513 1008 1572 1052 nec
1597 1009 1667 1050 non

397 1099 533 1181 Jurycze
559 1098 673 1163 Croaci
699 1101 731 1162 io
755 1100 829 1163 loco
849 1099 946 1162 solito
970 1114 1001 1162 et
1024 1099 1158 1182 antiquo
1175 1099 1332 1176 habitum,
1356 1111 1501 1180 tempore
1525 1095 1667 1180 pluviali

397 1217 429 1267 et
453 1204 580 1268 decenti
605 1207 726 1289 absque
751 1206 893 1289 dampno
918 1219 948 1268 et
971 1205 1151 1288 preiudicio
1182 1205 1400 1288 predictorum
1433 1223 1506 1266 cum
1530 1217 1561 1266 et
1584 1204 1668 1265 vici·

400 1330 515 1373 norum
553 1331 679 1394 semper
710 1311 822 1376 habuit
851 1327 1004 1391 meatum,
1036 1312 1176 1394 ideoque
1204 1311 1297 1394 jurati
1329 1311 1593 1394 adjudicaverunt
1623 1329 1669 1372 eo

399 1417 512 1497 modo,
530 1419 618 1501 quod
637 1420 704 1502 ipae
722 1419 876 1482 Nicolaus
891 1418 1012 1501 juratus
1028 1433 1060 1483 et
1075 1437 1189 1482 omnes
1206 1419 1302 1481 vicini
1318 1419 1366 1481 sui
1384 1417 1516 1501 predicti
1534 1417 1669 1500 plenam

400 1524 539 1586 habeant
563 1537 753 1606 potestatem
785 1527 925 1608 privatas
948 1539 979 1588 et
1012 1525 1136 1588 cloacas
1163 1544 1275 1588 eorum
1307 1537 1452 1608 tempore
1476 1523 1608 1607 pluviali
1633 1537 1670 1584 et

397 1629 524 1693 decenti
549 1632 670 1712 absque
694 1631 837 1714 dampno
861 1645 892 1694 et
915 1631 1097 1715 preiudicio
1115 1633 1258 1715 ipsorum
1283 1631 1403 1694 civium
1427 1644 1458 1694 et
1481 1631 1667 1692 vicinorum

398 1737 567 1800 emittendi
593 1751 624 1800 et
647 1737 806 1820 purgandi
830 1740 889 1800 sub
918 1757 998 1820 pena
1025 1739 1056 1800 in
1089 1738 1208 1800 talibus
1230 1736 1298 1800 fieri
1331 1737 1423 1799 solita
1447 1751 1478 1799 et
1501 1749 1667 1799 consueta.

506 1844 583 1906 Item
601 1845 732 1907 domina
751 1845 927 1928 Elyzabeth
953 1864 1033 1907 uxor
1052 1845 1195 1926 magistri
1214 1843 1334 1906 Mathei
1358 1857 1467 1906 contra
1493 1843 1668 1906 dominam

398 1948 576 2033 Elyzabetb
601 1971 734 2014 uxorem
759 1950 891 2034 Georgii
915 1951 1008 2034 jurati
1034 1951 1138 2034 ptimo
1162 1951 1256 2014 citata
1280 1970 1345 2014 non
1371 1951 1560 2033 comparuit.

504 2057 581 2118 ltem
614 2056 723 2120 Gurak
747 2071 836 2121 sutor
858 2056 943 2120 filius
968 2057 1106 2120 Emerici
1139 2072 1250 2120 contra
1285 2057 1488 2121 Clementem
1520 2071 1669 2119 sutorem

399 2161 503 2243 primo
529 2163 642 2226 citatus
667 2183 731 2226 non
758 2164 947 2247 comparuit.

506 2269 584 2331 ltem
620 2268 773 2332 Clemens
807 2285 896 2334 tutor
930 2284 1040 2334 contra
1073 2271 1258 2334 Emericum
1297 2284 1438 2333 sutorem
1477 2269 1670 2331 servitorem

400 2373 483 2435 Petri
508 2375 625 2438 sutoris
649 2375 770 2458 Pogled
795 2377 900 2462 primo
925 2377 1039 2440 citatus
1063 2396 1128 2440 non
1153 2375 1342 2459 comparuit.
1596 2443 1603 2476 θ

452 2591 548 2668 herla
577 2603 677 2668 sexta
704 2599 860 2687 proxima
887 2605 963 2687 post
995 2597 1119 2670 leston
1156 2597 1252 2670 beate
1280 2597 1378 2670 lucie
1406 2596 1550 2684 virginis
1577 2601 1612 2666 et

870 2723 1026 2794 martiris
1054 2719 1191 2794 Christi.

900 2890 963 2968 (ld.
986 2892 1160 2967 decembris).

511 3029 588 3092 ltem
615 3029 723 3092 Guralr
749 3045 836 3094 sutor
860 3045 969 3094 contra
994 3032 1197 3095 Clementem
1215 3045 1356 3094 sutorem
1381 3030 1524 3095 secundo
1549 3031 1672 3094 citatus

402 3155 468 3197 non
494 3137 683 3219 comparuit.

509 3242 586 3304 ltem
612 3243 796 3306 Anthonius
819 3243 958 3307 carnifex
983 3244 1203 3329 Joffanowych
1232 3256 1343 3306 contra
1367 3243 1502 3307 Paulum
1526 3242 1670 3326 juratum

399 3348 506 3429 primo
530 3348 644 3410 citatus
668 3368 732 3412 non
758 3351 948 3432 comparuit.

506 3453 583 3517 ltem
609 3454 789 3538 Stephanus
812 3468 900 3520 sutor
924 3457 1035 3540 Rosyn
1059 3468 1170 3519 contra
1187 3455 1365 3539 Georgium
1390 3470 1531 3520 sutorem
1557 3455 1668 3539 primo

400 3562 517 3624 citatus
543 3581 607 3624 non
633 3563 823 3646 comparuit.

509 3669 587 3731 Item
611 3668 743 3732 domina
768 3668 947 3752 Elyzabeth
978 3688 1057 3731 uxor
1086 3670 1228 3750 magistri
1254 3669 1384 3752 Mathye
1416 3668 1530 3731 notarii
1555 3681 1668 3730 contra

403 3775 571 3838 dominam
607 3774 785 3860 Elyzabeth
819 3793 952 3837 uxorem
989 3774 1121 3857 Georgii
1157 3776 1249 3858 jurati
1293 3775 1435 3838 secundo
1469 3775 1562 3838 citata
1599 3793 1666 3836 non

403 3883 593 3964 comparuit.

511 3988 587 4050 ltem
621 3989 783 4050 Fabianus
813 3987 935 4070 juratus
965 3999 1074 4050 contra
1107 3985 1236 4049 Petrum
1271 3987 1374 4050 Junak
1406 3987 1527 4050 dictum
1559 3985 1666 4069 primo

404 4095 518 4156 citatus
542 4114 607 4156 non
631 4095 820 4176 comparuit.

509 4201 586 4264 ltem
611 4201 685 4283 quia
718 4200 849 4262 domina
874 4201 1047 4265 Scolastica
1078 4202 1187 4264 relicta
1220 4201 1358 4264 condam
1385 4202 1464 4263 Pero
1489 4200 1581 4282 jurati
1606 4199 1665 4262 filii

401 4308 484 4370 Petri
511 4308 634 4390 Saphar
657 4325 714 4389 per
739 4305 882 4368 Blasium
906 4306 1044 4387 judicem
1062 4307 1165 4370 lilium
1185 4307 1275 4369 Pauli
1300 4308 1428 4369 racione
1453 4307 1548 4369 unius
1572 4307 1666 4389 pedis

403 4435 460 4477 seu
485 4415 613 4476 racione
644 4427 727 4476 terre
759 4413 799 4474 ad
831 4433 1013 4476 mensuram
1046 4414 1141 4476 unius
1173 4414 1274 4497 pedis,
1305 4433 1403 4496 quam
1435 4413 1501 4494 ipsa
1533 4413 1668 4475 domina

404 4521 577 4584 Scolastica
601 4540 658 4603 per
683 4520 926 4602 apposicionem
951 4521 1111 4582 canalium
1136 4521 1195 4581 sub
1219 4520 1389 4582 stillicidiis
1412 4517 1585 4582 defendere
1608 4519 1667 4581 de-

405 4629 502 4690 bebat
526 4647 633 4689 coram
658 4627 768 4709 juratis
791 4647 847 4689 seu
873 4627 903 4688 in
927 4627 1089 4708 presencia
1115 4627 1301 4708 juratorum,
1326 4626 1358 4687 in
1382 4645 1511 4688 causam
1535 4639 1666 4688 attracta

406 4735 520 4814 extitit,
545 4733 612 4795 sola
637 4753 744 4796 coram
778 4734 897 4796 eisdem
930 4733 1039 4814 juratis
1063 4734 1095 4795 in
1127 4733 1247 4814 judicio
1270 4733 1397 4816 publice
1430 4731 1575 4796 confessa
1606 4745 1667 4812 est,

402 4855 438 4903 ut
463 4842 530 4924 ipsa
556 4839 696 4902 eundem
720 4840 848 4922 pedem,
873 4859 970 4922 quem
995 4839 1060 4922 ipsa
1086 4859 1142 4922 per
1169 4839 1292 4901 canalia
1318 4859 1335 4901 a
1359 4839 1531 4902 stillicidiis
1553 4837 1667 4901 delen-

401 4948 480 5010 dere
504 4946 652 5026 debebat,
695 4947 753 5029 ipsi
780 4946 885 5008 blasio
916 4946 1013 5028 judici
1048 4945 1252 5028 perhenniter
1282 4945 1403 5008 remisit
1434 4943 1669 5028 possidendum

404 5055 457 5134 ita,
482 5053 570 5138 quod
603 5053 670 5138 ipse
704 5052 828 5115 Blasius
859 5053 995 5115 eandem
1026 5067 1142 5114 terram
1174 5052 1214 5114 ad
1243 5071 1425 5115 mensuram
1457 5051 1551 5114 unius
1575 5052 1672 5134 pedis
