3796 5812
548 756 626 818 Item
653 775 747 818 causa
771 755 894 818 domini
921 755 1038 840 Gyuan
1067 770 1177 820 contra
1202 758 1326 840 Ciphus
1358 760 1462 821 taliter
1486 773 1532 822 est
1555 759 1706 839 judicata,

442 862 530 943 quod
556 863 641 924 idem
668 862 784 945 Gyuan
816 863 904 924 solus
936 882 1031 946 super
1062 879 1181 946 quanta
1213 865 1391 946 quantitate
1424 866 1559 947 pecunie
1591 879 1706 926 octavo

444 969 495 1029 die
520 967 636 1048 jurabit
660 969 789 1030 racione
813 968 977 1030 cuiusdam
1004 969 1079 1051 equi
1104 983 1135 1032 et
1158 969 1324 1032 cuiusdam
1356 971 1441 1050 salis,
1465 985 1584 1034 tantam
1612 991 1707 1054 pccu·

442 1075 528 1136 niam
553 1074 638 1136 idem
664 1075 789 1158 Cipbus
813 1075 917 1137 eidem
944 1074 1060 1158 Gyuan
1085 1077 1267 1158 persolvere
1292 1078 1461 1138 tenebitur.

549 1181 625 1242 ltem
652 1201 745 1242 causa
771 1182 881 1243 Jacobi
906 1181 986 1244 Bole
1011 1196 1120 1244 contra
1145 1182 1324 1263 Georgium
1348 1197 1502 1245 sartorem
1527 1184 1634 1245 taliter
1659 1198 1705 1244 est

441 1286 591 1368 judicata,
616 1286 704 1368 quod
737 1287 812 1368 quia
845 1287 930 1348 idem
963 1287 1123 1368 Georgius
1153 1303 1254 1349 sartor
1285 1309 1319 1350 se
1351 1288 1437 1368 juxta
1469 1289 1708 1350 continenciam

404 1437 414 1452 .
442 1393 605 1454 literarum
631 1393 772 1474 magistri
797 1393 952 1455 tavarnici
969 1396 1115 1473 serravit,
1140 1395 1214 1456 ideo
1239 1395 1306 1476 ipse
1332 1395 1362 1456 io
1382 1395 1473 1456 nullo
1498 1395 1557 1477 ipsi
1584 1395 1710 1456 Jacobo

442 1513 488 1560 est
512 1499 699 1580 culpabilis;
725 1499 793 1580 ipse
818 1519 894 1560 vero
913 1501 1050 1561 lacobus
1074 1500 1112 1561 ad
1131 1501 1281 1583 antiquos
1304 1501 1427 1582 judices
1451 1502 1553 1582 ipsam
1579 1521 1707 1562 causam

442 1604 625 1688 appellavit.

549 1816 627 1877 ltem
653 1816 784 1878 domina
808 1821 902 1878 Anna
934 1818 1077 1880 secundo
1109 1839 1141 1880 se
1174 1819 1290 1900 jurabit
1321 1833 1435 1880 octavo
1460 1819 1512 1880 die
1536 1839 1632 1901 super
1659 1840 1712 1898 eo,

443 1922 530 2003 quod
569 1922 670 2004 ipsam
708 1921 899 1985 Benedictus
930 1923 1079 2006 Vardych
1113 1944 1215 2006 usque
1246 1925 1285 1985 ad
1318 1923 1509 1987 effusionem
1541 1926 1709 2007 sanguinis

444 2029 658 2110 percussisset.
857 2011 859 2016 ι

548 2133 626 2196 Item
650 2153 744 2196 causa
769 2135 900 2196 loannis
925 2134 1070 2217 pellificis
1094 2149 1203 2198 contra
1225 2138 1353 2218 Reynar
1377 2137 1417 2198 ad
1440 2149 1590 2198 octavum
1616 2137 1708 2200 diem

444 2254 490 2302 est
514 2240 715 2322 prolongata.

550 2347 629 2408 ltem
661 2367 754 2408 causa
787 2347 944 2429 capellani
973 2348 1012 2408 de
1043 2361 1153 2410 sancto
1185 2347 1330 2410 Johanne
1364 2363 1473 2410 contra
1507 2349 1711 2433 Mychaelem

445 2452 738 2514 molendinatorem
764 2453 806 2514 ita
828 2467 874 2513 est
898 2453 1047 2534 judicata,
1073 2455 1160 2536 quod
1182 2455 1256 2536 quia
1282 2455 1367 2516 idem
1392 2455 1577 2536 capellanus
1601 2456 1709 2537 ipsum

447 2556 648 2640 Mychaelem
673 2579 690 2618 a
714 2557 956 2620 fideiussoribus
980 2580 1044 2621 non
1069 2561 1167 2642 petita
1184 2559 1308 2640 justicia
1332 2563 1530 2644 captivasset,
1555 2563 1630 2624 ideo
1650 2563 1710 2646 ipsi

444 2663 648 2725 fideiussores
665 2677 738 2725 sunt
762 2664 854 2726 liberi
879 2679 910 2726 et
930 2666 1034 2748 ipsum
1054 2667 1254 2748 Mychaelem
1270 2666 1411 2749 prefatus
1434 2665 1618 2750 capellanus
1636 2689 1711 2730 cum

443 2770 567 2852 justicia
591 2770 728 2832 civitatis
752 2771 902 2852 prosequi
929 2771 1055 2833 debeat.

555 2876 632 2937 ltem
650 2897 743 2937 causa
761 2876 884 2937 domini
910 2877 1047 2938 Dionisii
1064 2879 1237 2940 sacerdotis
1254 2879 1292 2939 de
1310 2894 1419 2941 sancto
1437 2879 1583 2941 Johanne
1600 2895 1711 2942 contra

447 2983 575 3043 Petrum
601 2982 893 3043 molendinatorem
919 2995 966 3043 est
996 2982 1145 3063 judicata,
1178 2985 1266 3065 quod
1300 2987 1385 3046 idem
1410 2986 1522 3047 Petrus
1547 2987 1606 3068 ipsi
1631 2987 1712 3048 Dio·

445 3089 528 3149 nisio
554 3087 712 3149 sacerdoti
737 3089 922 3169 quindecim
947 3090 1081 3150 cubulos
1101 3091 1196 3152 tritici
1213 3111 1268 3152 seu
1294 3090 1444 3154 frumenti
1463 3112 1563 3173 usquc
1581 3107 1713 3175 tempus
1777 3123 1778 3128 ¹

446 3215 502 3277 per
528 3214 582 3256 eos
607 3194 788 3255 ordinatum
815 3195 939 3256 solvere
956 3196 1134 3272 tenebitur;
1159 3196 1234 3258 item
1261 3197 1346 3258 idem
1372 3197 1483 3259 Petrus
1506 3199 1651 3260 secundo
1677 3219 1711 3260 se

444 3303 558 3362 octavo
584 3301 636 3360 die
661 3320 755 3381 super
780 3315 899 3380 quanta
924 3321 1073 3381 expensa,
1102 3321 1197 3382 quam
1223 3322 1318 3383 super
1350 3303 1454 3385 ipsum
1480 3305 1710 3366 molendinum

443 3407 654 3489 expendisset,
671 3427 734 3488 qua
753 3427 890 3488 expensa
915 3407 1041 3468 debitor
1066 3427 1130 3469 non
1149 3407 1267 3486 luisset,
1293 3408 1419 3488 juraret,
1444 3425 1564 3473 tantam
1591 3431 1712 3492 expen-

444 3533 512 3575 sam
538 3514 605 3595 ipse
631 3513 742 3574 Petrus
766 3514 797 3574 in
823 3513 983 3594 predictos
999 3513 1183 3594 quindecim
1201 3515 1337 3576 cubulos
1357 3515 1514 3578 defalcare
1531 3519 1705 3579 tenebitur.

549 3637 627 3698 ltem
645 3657 738 3699 causa
755 3637 895 3719 Philippi
920 3637 976 3698 filii
995 3638 1097 3698 Mauri
1123 3655 1232 3699 contra
1250 3638 1452 3701 Clementem
1471 3639 1708 3723 Scriechchych

443 3745 486 3804 ita
511 3755 557 3803 est
581 3741 730 3824 judicata,
755 3743 843 3824 quod
875 3744 950 3824 quia
984 3743 1069 3804 idem
1098 3743 1251 3806 Clemens
1275 3765 1369 3826 super
1401 3743 1557 3807 famulum
1593 3746 1710 3828 prefati

444 3845 583 3931 Philippi
616 3847 734 3910 lactum
768 3849 1000 3931 potenciarium
1033 3850 1254 3928 commisisset,
1286 3851 1359 3912 ideo
1395 3851 1492 3932 judici
1526 3853 1557 3912 in
1590 3852 1705 3914 decem

444 3956 559 4016 marcis
583 3955 787 4016 denariorum
807 3969 853 4016 est
877 3957 1040 4017 convictus
1058 3972 1088 4018 et
1112 3957 1241 4039 insuper
1258 3957 1342 4018 idem
1362 3958 1513 4018 dominus
1538 3958 1709 4040 Philippus

443 4064 531 4124 solus
555 4076 668 4123 octavo
693 4063 744 4123 die
761 4083 856 4146 super
878 4076 996 4144 quanta
1017 4064 1151 4144 pecunie
1169 4065 1345 4145 quantitate
1363 4064 1481 4143 juraret
1504 4084 1560 4126 seu
1584 4065 1705 4144 jurabit

442 4189 537 4250 super
562 4189 611 4246 eu,
636 4169 723 4250 quod
742 4169 808 4250 ipse
834 4169 962 4229 racione
980 4169 1055 4228 dicti
1073 4167 1146 4229 facti
1171 4169 1358 4250 potenciarii
1378 4182 1502 4230 tantum
1528 4169 1708 4252 dampnum

442 4274 602 4353 habuerit,
627 4273 686 4335 hoc
712 4275 797 4335 idem
828 4275 980 4336 Clemens
1012 4274 1117 4335 eidem
1148 4274 1298 4356 Philippo
1330 4275 1510 4356 persolvere
1536 4277 1709 4337 tenebitur.

550 4380 627 4441 Item
653 4379 783 4440 domina
803 4381 903 4440 Elena
929 4399 1008 4441 uxor
1025 4381 1189 4442 benedicti
1214 4381 1313 4441 tercio
1337 4401 1369 4442 se
1387 4396 1500 4442 octavo
1526 4381 1577 4442 die
1595 4398 1708 4443 contra

443 4487 571 4546 Petrum
598 4486 887 4546 molendinatorem
913 4485 1029 4566 jurabit
1053 4506 1149 4568 super
1165 4505 1214 4564 e0,
1238 4488 1326 4567 quod
1353 4487 1418 4567 ipsa
1443 4487 1609 4568 quoddam
1636 4487 1701 4548 fru-

442 4607 586 4652 mentum
612 4611 677 4652 non
703 4593 831 4652 racione
855 4593 1094 4670 subtraccionis‚
1119 4592 1174 4652 sed
1195 4606 1229 4652 ut
1254 4593 1358 4673 ipsum
1391 4591 1589 4654 frumentum
1613 4595 1705 4676 porci

442 4717 506 4757 non
533 4699 750 4776 comederent,
776 4699 955 4780 recepisset.

549 4805 626 4864 ltem
651 4805 796 4864 Andreas
821 4805 886 4887 Syb
912 4819 1021 4866 contra
1048 4805 1246 4886 Stephanum
1279 4805 1417 4887 juratum
1454 4806 1558 4887 primo
1587 4807 1701 4868 citatus

441 4931 507 4971 non
532 4912 721 4993 comparuit.
