3876 5798
419 755 623 818 Scolasticam
649 755 791 838 puellam
815 753 915 818 filiam
941 755 1039 818 Marci
1061 753 1223 834 Zwecbar,
1246 765 1392 837 presente
1417 773 1483 816 uno
1507 774 1548 815 ex
1571 753 1683 836 juratis

418 863 544 942 nostris,
567 881 730 945 supereo,
754 875 790 923 ut
813 861 880 945 ipse
904 861 1038 923 eandem
1058 860 1264 924 scolasticam
1281 860 1424 944 puellam
1448 859 1583 923 minime
1599 861 1683 923 vitu·

418 981 568 1051 perasset.

527 1074 604 1136 Item
638 1073 814 1136 Katherina
847 1093 927 1136 uxor
957 1073 1114 1156 legittima
1141 1071 1267 1134 Nicolai
1300 1071 1416 1134 literati
1448 1070 1541 1154 jurati
1573 1085 1683 1134 contra

419 1181 583 1244 Thomam
607 1181 768 1244 literatum
793 1182 914 1244 dictum
939 1179 1072 1243 Cheden
1097 1179 1202 1262 primo
1226 1179 1321 1240 citata
1345 1197 1410 1240 non
1436 1179 1625 1260 comparuit.

526 1305 604 1368 Item
621 1306 766 1368 Andreas
779 1319 868 1368 autor
883 1318 993 1368 contra
1011 1303 1139 1368 fratrem
1152 1304 1235 1367 Petri
1249 1303 1378 1366 sartoris
1390 1305 1522 1366 nomine
1539 1304 1684 1388 ..primo

376 1481 380 1491 Ι
419 1411 533 1474 citatus
557 1432 622 1474 non
650 1414 841 1496 comparuit.

528 1537 605 1600 Item
631 1537 769 1600 Michael
793 1536 934 1620 Irenipar
959 1550 990 1598 et
1007 1535 1153 1620 Mathyas
1176 1549 1265 1600 sutor
1281 1537 1373 1614 jurati
1391 1551 1499 1600 contra
1519 1535 1684 1599 Thomam

420 1642 543 1704 dictum
567 1643 737 1728 Marysycb
762 1657 797 1706 ut
824 1657 964 1706 actorem
990 1643 1022 1704 in
1054 1644 1159 1727 primo
1184 1641 1304 1725 judicio
1335 1643 1480 1726 proxime
1504 1641 1683 1704 occurrenti

421 1751 615 1812 tenebuntur
642 1750 846 1834 respondere.

523 1873 602 1936 Item
625 1873 737 1957 prefati
757 1873 895 1936 Michael
920 1872 1059 1956 frenipar
1079 1887 1109 1936 et
1127 1873 1272 1957 Mathyas
1296 1873 1389 1956 jurati
1406 1885 1516 1936 contra
1542 1872 1678 1935 Paulum

419 1979 524 2043 lilium
549 1979 704 2042 Iohannis
728 1981 881 2043 institoris
904 1993 939 2042 ut
962 1993 1101 2042 actorem
1127 1981 1158 2041 in
1186 1980 1291 2062 primo
1314 1979 1435 2062 judicio
1459 1979 1605 2062 proxime
1629 1997 1684 2040 oc·

421 2087 559 2151 currenti
582 2087 777 2149 tenebuntur
800 2087 1005 2170 respondere.

524 2211 602 2274 Item
637 2211 713 2293 quia
747 2209 922 2292 Gregorius
953 2209 1172 2293 Wrecharych
1210 2229 1309 2292 gener
1344 2210 1427 2272 Petri
1460 2209 1680 2294 Wrecharych

419 2317 607 2399 magistrum
620 2317 823 2380 Clementem
840 2331 1005 2397 sartorem,
1019 2332 1163 2380 nostrum
1177 2329 1208 2378 et
1224 2315 1360 2379 civitatis
1373 2316 1549 2398 Tergensis
1566 2317 1681 2396 civem,

423 2425 627 2507 deceptorem
650 2438 681 2486 et
704 2423 942 2488 malefactorem
965 2443 1073 2511 coram
1097 2423 1228 2486 Vrbano
1259 2421 1363 2504 jurato
1387 2436 1498 2485 nostro
1523 2423 1682 2485 moderno

422 2531 597 2614 appellavit
617 2543 648 2592 et
671 2531 850 2592 nominavit
875 2530 1010 2613 turpiter
1033 2527 1264 2611 vituperando;
1288 2541 1320 2591 et
1343 2529 1419 2610 quia
1443 2529 1511 2611 ipse
1530 2529 1681 2610 magister

419 2635 572 2700 Clemens
594 2649 695 2699 sartor
720 2635 751 2697 id
776 2637 865 2698 litera
883 2635 1057 2718 Tergensis
1081 2635 1216 2697 civitatis
1244 2634 1385 2717 predIcte
1404 2653 1512 2696 coram
1538 2635 1631 2696 nobis
1648 2635 1681 2696 in

419 2743 540 2824 judicio
564 2742 646 2804 clare
670 2742 892 2824 comprobavit
909 2755 942 2803 ut
966 2741 1033 2822 ipse
1051 2755 1097 2802 est
1119 2740 1218 2802 homo
1235 2741 1320 2802 bone
1344 2739 1428 2802 fame
1452 2754 1484 2803 et
1502 2741 1586 2802 bone
1605 2760 1681 2802 con-

422 2848 569 2928 dicionis,
594 2849 668 2911 ideo
692 2847 785 2930 jurati
811 2849 911 2930 ipsam
938 2867 1066 2910 causam
1088 2848 1132 2909 sic
1154 2847 1428 2930 adjudicaverunt,
1452 2859 1487 2908 ut
1511 2848 1578 2929 ipse
1603 2846 1682 2909 Gre-

422 2954 533 3035 gorius
563 2973 662 3036 gener
685 2953 904 3038 Wrecbarycb
936 2954 1020 3016 Petri
1052 2954 1187 3037 predicti
1219 2967 1328 3016 contra
1357 2954 1462 3036 ipsum
1494 2953 1681 3035 magistrum

424 3058 627 3122 Clementem
652 3073 805 3122 sartorem
829 3059 982 3122 remansit
1006 3059 1038 3121 in
1063 3059 1137 3121 vivo
1154 3058 1330 3141 (h)omagio
1354 3071 1385 3120 et
1408 3071 1518 3121 contra
1541 3057 1682 3140 judicem

421 3185 477 3227 seu
501 3165 639 3246 juratum
664 3166 762 3248 ipsius
785 3185 878 3227 cause
902 3166 934 3226 In
959 3165 1069 3226 decem
1099 3166 1213 3227 marcis
1237 3164 1442 3227 denarIorum
1466 3163 1553 3246 juxta
1577 3163 1680 3245 legem

423 3272 659 3354 privilegiatam
691 3272 826 3334 civitatis
856 3284 1022 3355 prenotate
1054 3272 1167 3334 ordine
1198 3271 1275 3352 juris
1305 3283 1514 3354 exposcente3
1546 3271 1586 3334 de
1617 3291 1682 3352 quo

423 3377 545 3460 judici0
570 3378 637 3460 Ipse
662 3375 837 3460 Gregorius
860 3398 926 3440 non
951 3391 1119 3440 contentus
1146 3377 1321 3460 appellavit
1343 3377 1383 3440 ad
1407 3378 1561 3442 seniores.

526 3499 605 3562 Item
629 3501 705 3582 quia
729 3501 847 3562 Paulus
869 3499 954 3564 filius
985 3499 1141 3562 Anthonii
1169 3499 1209 3562 de
1241 3498 1434 3562 Deschewcz
1465 3500 1681 3583 juramentum

420 3606 480 3668 sibi
503 3619 591 3668 sexto
616 3627 648 3668 se
672 3607 818 3688 personis
841 3627 897 3690 per
921 3607 1041 3688 juratos
1058 3619 1167 3668 contra
1192 3606 1428 3688 Margaretham
1453 3607 1623 3670 mulierem
1648 3607 1681 3668 in

421 3710 505 3772 lacto
530 3711 742 3792 quarumdam
767 3713 866 3795 ipsius
890 3713 1034 3774 mulieris
1065 3713 1201 3775 vestium
1233 3711 1463 3793 adjudicatum,
1488 3713 1603 3775 eadem
1627 3712 1679 3774 die

421 3835 487 3898 quo
504 3818 608 3898 ipsum
629 3817 844 3899 juramentum
868 3819 1030 3900 deponere
1054 3833 1085 3880 et
1101 3831 1240 3901 prestare
1265 3817 1387 3899 debuit,
1411 3819 1549 3902 prestitit
1573 3833 1604 3882 et
1626 3818 1682 3880 de·

421 3923 529 4003 posuit
553 3937 587 3985 ut
611 3924 731 4000 debuit,
761 3925 834 3986 ideo
866 3925 971 4006 ipsum
1006 3925 1141 3987 Paulum
1173 3925 1300 3986 racione
1332 3925 1549 4015 deposicIonis
1582 3925 1681 4007 ipsius

425 4026 594 4109 juramenti
630 4043 661 4090 et
691 4031 731 4091 ab
764 4031 906 4092 ulteriori
944 4031 1137 4112 Inpeticione
1169 4032 1269 4114 ipsius
1301 4027 1503 4112 Margarethe
1539 4029 1684 4093 mulieris

422 4133 586 4196 reddimus
611 4134 678 4196 fore
701 4136 894 4217 expeditum.

527 4257 604 4318 Item
628 4259 704 4339 quia
729 4257 904 4340 Gregorius
926 4279 1025 4340 gener
1049 4261 1132 4322 Petri
1158 4261 1232 4322 dicti
1260 4261 1478 4343 Wrecharycb
1503 4260 1681 4343 Elyzabetb

423 4363 592 4425 mulierem
610 4383 739 4425 uxorem
759 4362 844 4426 Galli
863 4364 1049 4447 Fermelych
1074 4369 1194 4447 absque
1211 4368 1300 4429 omni
1325 4387 1381 4429 sua
1406 4367 1500 4449 culpa
1527 4367 1682 4449 percussit

424 4489 525 4551 usque
549 4469 589 4530 ad
607 4470 726 4532 vibices
749 4490 804 4531 seu
823 4471 993 4552 cicatrices,
1010 4486 1104 4553 prout
1125 4473 1211 4534 idem
1230 4472 1343 4535 Gallus
1359 4471 1557 4535 sufficienter
1574 4491 1680 4535 coram

423 4577 516 4637 nobis
541 4577 572 4637 in
597 4575 717 4658 judicio
742 4579 974 4660 comprobavit,
1000 4579 1072 4641 ideo
1097 4580 1183 4642 idern
1202 4579 1377 4661 Gregorius
1402 4579 1555 4643 remansit
1573 4593 1682 4642 contra

423 4683 524 4764 ipsam
550 4683 727 4765 Elyzabetb
754 4683 786 4745 in
804 4683 928 4745 duabus
952 4703 1025 4744 cum
1049 4685 1155 4747 media
1173 4687 1286 4748 marcis
1307 4687 1512 4749 denariorum
1538 4698 1569 4748 et
1585 4685 1683 4767 judici

422 4788 453 4848 in
480 4788 619 4869 birsagio
644 4801 772 4851 centum
797 4790 1002 4850 denariorum
1027 4791 1139 4851 ordine
1171 4791 1248 4872 juris
1273 4793 1371 4854 nostri
1402 4792 1594 4875 privilegiati
1629 4811 1681 4853 err-

421 4908 591 4976 poscente;
616 4895 745 4976 dequo
770 4895 889 4976 judicio
922 4896 988 4978 ipse
1014 4895 1189 4977 Gregorius
1222 4919 1285 4960 non
1318 4912 1485 4961 contentus
1510 4899 1685 4982 appellavit

422 5001 557 5064 eandem
583 5021 710 5063 causam
735 5003 774 5063 ad
799 5003 954 5084 judicium
983 5004 1156 5067 seniorum.
