3796 5812
231 721 411 728 ,ψ
417 721 636 728 .-.—.-——.
646 720 1153 730 ———-—..--————-.--.-—0-——
1190 727 1247 732 ——.
1255 727 1490 734 -.—-———.-

232 826 332 888 eciam
358 845 506 909 expresso
531 825 618 906 quod
643 825 683 886 ad
707 826 810 888 maius
844 846 941 908 quam
966 827 1005 889 ad
1030 829 1132 890 XXVI
1157 851 1271 913 pensas
1295 831 1399 913 jurare
1424 851 1492 894 non

231 945 337 1013 potest
361 931 415 992 sed
440 933 480 993 ad
505 933 612 994 minus
636 931 687 992 vel
712 932 753 992 ad
781 945 906 994 tantum
931 933 1027 996 idem.

282 1165 378 1240 Feria
406 1175 503 1242 sexta
531 1171 685 1258 proxima
705 1177 781 1258 post
808 1169 930 1242 festum
960 1168 1193 1244 conversionis
1223 1176 1312 1246 beati
1342 1175 1436 1247 Pauli

788 1294 942 1384 apostoli.

336 1464 415 1526 Item
441 1483 534 1525 causa
560 1464 641 1526 inter
666 1463 828 1526 Thomam
861 1479 1002 1528 sutorem
1028 1479 1058 1526 et
1083 1465 1218 1527 Paulum
1242 1467 1427 1531 sellatorem
1452 1469 1492 1531 ad

231 1571 372 1652 primum
396 1569 551 1652 judicium
575 1590 632 1652 per
655 1571 799 1654 ydoneos
823 1572 909 1633 viros
933 1572 973 1633 ad
997 1592 1108 1654 pacem
1133 1585 1179 1634 est
1203 1587 1340 1656 recepta.

337 1676 414 1737 ltem
440 1677 517 1758 quia
541 1676 676 1758 provida
693 1678 825 1740 domina
850 1678 951 1740 Elena
969 1692 1093 1757 vocata,
1118 1679 1226 1740 relicta
1250 1681 1389 1742 condam
1415 1681 1493 1744 Gre-

228 1781 311 1862 gorii
337 1781 455 1844 Barber
479 1781 536 1844 filii
562 1781 722 1865 Gregorii,
747 1783 917 1846 habitatrix
945 1799 1062 1864 nostra,
1087 1785 1119 1846 id
1144 1805 1217 1846 cum
1242 1785 1413 1848 sufficienti
1436 1808 1494 1850 no·

228 1901 366 1950 strorum
384 1889 566 1950 concivium
583 1889 768 1952 testimonio
793 1890 926 1973 limpide
944 1892 1166 1973 comprobavit
1191 1892 1222 1952 in
1247 1892 1367 1974 judicio
1386 1913 1492 1956 coram

229 1995 333 2073 nobis,
365 2007 400 2056 ut
431 1994 509 2056 dum
541 1994 682 2078 prelatus
716 1993 892 2078 Gregorius
925 1997 1045 2059 Barber
1076 1997 1108 2058 in
1138 1998 1287 2059 extremis
1310 1998 1493 2080 laborasset,

227 2114 303 2162 tunc
327 2100 394 2183 ipse
419 2101 594 2182 quamdam
619 2102 747 2164 vineam
772 2122 862 2164 suam
887 2104 919 2164 in
948 2103 1111 2166 territorio
1145 2117 1256 2166 nostro
1280 2104 1362 2166 inter
1385 2105 1495 2168 vineas

229 2206 357 2269 Nicolai
383 2207 536 2270 institoris
567 2207 624 2270 filii
649 2209 784 2270 Fabiani
808 2208 900 2290 jurati
922 2210 1062 2271 concivis
1092 2211 1190 2272 nostri
1216 2230 1252 2272 ac
1275 2231 1491 2274 successorum

230 2312 305 2375 dicti
332 2313 481 2396 Gregorii
506 2314 625 2376 Barber
654 2313 796 2376 habitam
821 2328 852 2377 et
876 2317 1075 2396 existentem,
1100 2317 1237 2399 desuper
1261 2338 1278 2378 a
1303 2317 1353 2379 via
1377 2337 1494 2400 magna

232 2432 262 2480 et
286 2420 451 2482 communi
484 2417 564 2480 infra
597 2439 699 2502 usque
731 2421 871 2483 rivulum
900 2442 933 2484 se
966 2441 1037 2483 cum
1062 2423 1201 2504 virgulto
1233 2423 1294 2485 sibi
1318 2423 1493 2506 subjacenti

229 2525 486 2607 protendentem,
520 2526 616 2588 simul
648 2527 867 2590 cumeodem
904 2528 1044 2610 virgulto
1069 2541 1099 2589 et
1128 2529 1199 2590 aliis
1224 2529 1368 2592 eiusdem
1401 2531 1493 2592 vinee

228 2631 419 2694 utilitatibus
456 2646 487 2694 et
522 2634 727 2715 pertinenciis
770 2635 1034 2697 testamentaliter
1072 2636 1208 2716 legasset
1245 2648 1276 2697 et
1311 2635 1492 2716 dimisisset,

229 2737 367 2820 ideoque
392 2757 451 2800 nus
476 2739 611 2802 eandem
636 2741 763 2802 vineam
790 2741 885 2802 simul
920 2761 992 2802 cum
1018 2742 1158 2823 virgulto
1190 2757 1220 2802 et
1245 2741 1435 2804 utilitatibus
1458 2762 1494 2804 ac

229 2842 433 2926 pertinenciis
465 2844 608 2906 eiusdem
640 2849 732 2908 vinee
766 2848 921 2908 universis
956 2863 1131 2910 memorate
1165 2849 1296 2911 domine
1329 2849 1428 2910 Elene
1463 2863 1494 2913 et

231 2951 295 3012 suis
318 2949 492 3014 heredibus
524 2953 692 3014 statuimus
725 2967 756 3016 et
789 2953 979 3034 reliquimus
1003 2953 1070 3034 jure
1103 2969 1258 3037 perpetuo
1283 2969 1314 3016 et
1338 2956 1494 3018 irrevoca-

231 3057 336 3119 biliter
368 3057 608 3141 possidendam,
642 3060 814 3122 tenendam
847 3061 964 3142 pariter
996 3075 1027 3121 et
1057 3060 1237 3123 habendam
1269 3060 1354 3142 juxta
1383 3063 1494 3124 condi·

229 3163 355 3225 cionem
382 3164 466 3225 dicte
491 3164 627 3227 civitatis
651 3166 960 3247 quomodocumque
993 3166 1132 3228 voluerit
1156 3167 1401 3248 disponendam.

335 3269 411 3331 ltem
438 3270 600 3332 lohannes
631 3272 755 3354 pridem
789 3272 939 3354 vigilator
971 3271 1055 3333 filius
1089 3272 1178 3334 Pauli
1211 3272 1267 3334 lilii
1294 3274 1426 3338 M....
1451 3275 1491 3336 de

233 3375 445 3457 Lapsinowcz
463 3377 623 3440 habitator
641 3377 739 3460 ipsius
756 3379 891 3440 civitatis
908 3379 1080 3460 dyabolico
1107 3429 1113 3442 .
1131 3426 1159 3441 ..
1186 3383 1343 3460 Agnetem
1360 3399 1492 3443 uxorem

229 3502 319 3544 suam
344 3483 535 3565 legittimam
564 3485 738 3546 miserabili
773 3505 850 3548 nece
870 3532 978 3548 .....
1012 3485 1208 3546 clandestine
1233 3486 1336 3548 noctis
1359 3489 1418 3549 sub
1451 3488 1493 3549 si·

230 3588 335 3650 lencio
360 3587 518 3651 interfecit
704 3640 711 3654 .
738 3639 745 3653 .

335 3695 413 3758 Item
438 3697 513 3778 quia
530 3696 719 3758 Valentinus
736 3696 819 3758 filius
836 3697 1054 3759 Bartholomei
1071 3745 1077 3759 .
1096 3745 1102 3760 .
1129 3711 1163 3760 ut
1187 3711 1285 3776 actor,
1310 3695 1489 3759 lohannem

230 3799 355 3862 fabrum
379 3815 414 3863 ut
438 3802 471 3865 in
500 3822 628 3864 cansam
654 3815 820 3866 attractum
853 3804 913 3864 sibi
940 3850 973 3866 ..
1006 3804 1206 3885 quartalibus
1240 3803 1320 3864 milii
1344 3803 1493 3866 videlicet

230 3910 261 3968 in
285 3909 343 3970 XL
366 3909 467 3971 tribus
483 3910 590 3991 pensis
614 3910 818 3972 denariorum
836 3910 896 3971 sibi
914 3909 1106 3992 (debitorem
1131 3909 1211 3992 fore)
1229 3911 1398 3990 asserebat,
1416 3909 1490 3972 ideo

228 4013 322 4094 jurati
348 4014 611 4096 adjudicaverunt
627 4029 662 4078 ut
686 4065 693 4079 .
713 4066 719 4079 .
744 4016 848 4096 jurare
865 4017 1094 4098 persumpserit
1111 4030 1144 4078 ut
1160 4015 1317 4098 prefertur
1342 4035 1406 4078 non
1426 4063 1457 4078 ..
1481 4063 1489 4079 .

228 4120 315 4182 solus
339 4121 528 4183 Valentinus
552 4135 666 4183 octavo
692 4121 744 4183 die
768 4123 986 4202 juramentum
1016 4123 1178 4205 deponere
1205 4123 1310 4184 debet.

333 4227 411 4288 ltem
436 4227 511 4309 quia
536 4229 718 4290 Anthonius
742 4228 827 4290 filius
848 4228 980 4310 Georgii
1006 4228 1108 4290 dictus
1134 4227 1301 4310 Pestelych
1325 4227 1488 4308 fidedigno

228 4347 410 4395 nostrorum
429 4335 609 4396 concivium
626 4336 810 4398 testimonio
825 4337 857 4397 in
874 4334 993 4416 judicio
1011 4332 1266 4416 (comprobavit),
1293 4333 1381 4415 quod
1402 4334 1486 4396 lwan

229 4439 312 4500 filius
337 4439 499 4502 Valentini
525 4439 619 4502 frater
650 4461 725 4503 suus
758 4441 968 4502 consobrinus
1090 4461 1164 4522 erga
1197 4439 1395 4522 Stephanum
1427 4460 1491 4501 sar-

228 4559 331 4606 torem
359 4546 425 4607 Bnn
451 4547 571 4608 dictum
609 4545 749 4609 habitam
776 4561 807 4610 et
839 4549 1024 4609 existentem
1052 4593 1084 4608 ..
1109 4549 1167 4608 sub
1199 4567 1253 4630 spe
1278 4546 1492 4608 restitucionis

229 4653 314 4735 apud
348 4653 488 4715 eundem
520 4652 694 4734 dimiserat,
727 4653 850 4736 prelato
882 4653 968 4715 fratri
1000 4673 1058 4715 suo
1096 4653 1251 4716 extradari
1284 4667 1315 4714 et
1338 4654 1490 4735 assignari

229 4759 389 4820 commisit
413 4757 566 4838 effective,
590 4761 657 4822 sive
682 4807 714 4823 ..
739 4774 793 4821 ant
818 4780 882 4822 non
908 4773 1093 4822 revertatur.

335 4865 413 4928 ltem
445 4865 519 4947 quia
552 4867 693 4928 Briccius
728 4866 848 4946 juratus
883 4865 968 4928 filius
1000 4865 1165 4928 Benedicti
1196 4867 1302 4927 literas
1334 4866 1491 4948 antiquas,

228 4971 346 5052 quibus
370 4971 587 5035 mediantibus
613 4973 766 5034 Millinus
789 4973 913 5055 pridem
938 4971 1034 5053 judex
1052 4973 1111 5054 ipsi
1136 4973 1260 5034 Briccio
1285 4972 1400 5033 domos
1417 4992 1491 5034 suas

229 5078 370 5140 vendere
402 5079 589 5156 dinoscitur,
622 5078 752 5141 deberet
783 5079 842 5139 sibi
874 5078 1055 5158 assignare,
1086 5097 1165 5160 quas
1198 5079 1304 5139 literas
1339 5077 1492 5140 Miklinus
