3876 5798
682 517 769 576 Anno
792 531 884 595 1442.
911 552 951 560 —
975 529 1024 592 25.
1048 518 1129 577 maii.
1479 521 1538 598 363

275 729 350 810 quia
376 729 463 791 idem
489 729 582 814 Gyan
616 729 681 792 duo
713 731 830 792 tributa
860 730 1003 812 preteriit
1035 729 1236 790 contumacia
1269 729 1383 791 ductus
1407 743 1438 792 et
1461 751 1541 792 ausu

274 835 380 916 spolio
404 849 435 896 et
459 836 568 898 nullus
592 837 681 914 alter,
707 849 738 898 et
754 837 795 896 ob
817 836 878 898 hoc
896 836 983 918 ipsos
999 849 1061 896 tres
1086 835 1156 896 flor.
1181 837 1249 896 auri
1275 849 1306 898 et
1324 837 1384 897 XX
1407 836 1540 916 solidos,

274 961 357 1022 quos
381 942 448 1024 ipse
474 942 592 1004 Paulus
625 943 764 1024 Tolway
797 941 855 1024 ipsi
882 941 998 1024 Gyano
1031 940 1161 1022 pellifici
1185 961 1243 1024 pro
1277 942 1424 1004 emendis
1448 944 1541 1004 certis

275 1049 494 1110 mercimoniis
518 1049 659 1128 dederat,
682 1049 787 1111 eidem
805 1047 1062 1141 PaulooTolvvay
1088 1049 1245 1129 usquead
1264 1049 1444 1130 quindenas
1469 1069 1540 1132 per·

274 1153 397 1216 solvere
422 1154 519 1217 debet
542 1155 657 1217 ordine
689 1154 766 1236 jutis
799 1167 1007 1237 exposcente3
1041 1154 1170 1236 dequo
1199 1155 1320 1236 judicio
1352 1157 1420 1238 ipse
1446 1154 1538 1239 Gyan

275 1259 405 1341 pellifex
430 1281 496 1323 non
514 1275 683 1324 contentus
707 1260 881 1342 appellavit
906 1261 1041 1322 eandem
1060 1281 1187 1322 causam
1209 1281 1281 1322 cum
1307 1261 1386 1323 serie
1412 1282 1468 1324 sue
1485 1261 1539 1324 ad-

275 1364 488 1445 judicationis
512 1367 654 1449 predicte
679 1367 710 1428 in
735 1366 935 1449 presenciam
963 1367 1125 1428 seniorum
1159 1365 1302 1448 judicum
1329 1387 1384 1449 per
1408 1368 1539 1430 eosdem

277 1472 531 1538 deliberandam.

384 1581 462 1642 ltem
488 1581 581 1663 jurati
598 1580 863 1662 adjudicaverunt
887 1599 1014 1642 causam
1033 1581 1114 1642 inter
1136 1580 1334 1663 Stephanum
1359 1580 1539 1643 carnificem

279 1685 400 1748 dictum
426 1688 535 1770 Zaylto
559 1699 594 1748 ut
610 1701 750 1748 actorem
775 1700 805 1748 et
830 1687 911 1749 inter
929 1687 1064 1748 Paulum
1085 1686 1255 1748 Kuhniach
1280 1685 1413 1766 dictum,
1431 1707 1538 1749 coram

277 1793 397 1855 eisdem
423 1793 534 1874 juratis
558 1806 690 1874 motam,
715 1793 759 1854 sic
776 1791 1051 1873 adjudicaverunt,
1076 1806 1109 1854 ut
1132 1813 1227 1876 super
1243 1806 1539 1874 quantamcumque

275 1899 447 1980 pecuniam
481 1900 548 1982 ipse
581 1899 762 1981 Stephanus
793 1900 903 1982 Zaylto
939 1912 1052 1961 octavo
1085 1899 1135 1960 die
1167 1919 1263 1980 super
1301 1919 1388 1960 aram
1424 1898 1540 1980 jurabit

275 2018 384 2066 contra
408 2005 588 2087 predictum
606 2005 742 2068 Paulum
768 2005 949 2084 Kuhniach,
977 2019 1097 2067 tantam
1122 2005 1291 2087 pecuniam
1313 2005 1399 2067 idem
1418 2005 1537 2066 Paulus

275 2113 334 2194 ipsi
359 2111 523 2196 Stephano
548 2114 692 2196 Zaykoni
717 2114 900 2195 persolvere
924 2113 1094 2191 tenebitur,
1119 2111 1207 2194 quod
1231 2112 1445 2194 juramentum
1472 2113 1539 2194 ipse

278 2218 459 2300 Stephanus
483 2220 590 2302 Sayko
622 2232 736 2280 octavo
768 2219 820 2280 die
851 2219 1032 2300 persolvere
1065 2219 1225 2280 tenebitur
1257 2218 1418 2301 deponere
1442 2239 1539 2303 penes

275 2323 379 2386 dicam
404 2345 494 2388 suam
520 2326 602 2388 inter
626 2345 681 2386 eos
703 2325 857 2387 habitam.

384 2431 463 2493 Item
487 2433 561 2513 quia
585 2431 726 2514 prelatus
751 2431 931 2512 Stephanus
955 2432 1064 2514 Zayko
1089 2431 1230 2495 carnifex
1254 2433 1286 2493 id
1311 2451 1419 2494 coram
1444 2431 1539 2492 nobis

276 2549 386 2598 contra
410 2537 612 2600 Anthonium
637 2537 809 2620 lapicidam
826 2540 1089 2620 prosequebatur,
1114 2552 1148 2600 ut
1166 2540 1232 2620 ipse
1257 2538 1532 2618 Anthoniuslapi·

276 2643 345 2705 cida
381 2663 481 2724 gener
515 2643 652 2706 condam
687 2644 799 2706 Paulie
842 2644 979 2726 pistricis
1019 2644 1098 2705 alias
1136 2645 1277 2706 concivis
1315 2657 1440 2722 noster,
1479 2643 1537 2726 ipsi

276 2750 441 2833 Stephano
473 2749 612 2812 carnifici
640 2771 741 2813 unum
766 2750 835 2814 llor.
867 2751 935 2813 auri
967 2764 998 2812 et
1029 2763 1167 2832 quatuor
1190 2770 1305 2833 pensas
1337 2763 1367 2812 et
1391 2751 1535 2832 quinque

276 2856 426 2918 denarios
465 2857 643 2918 wienenses
682 2856 846 2919 debetorie
886 2857 1082 2937 obligaretur
1118 2877 1177 2940 pro
1216 2856 1400 2918 residuitate
1439 2856 1537 2938 precii

275 2963 441 3025 cuiusdam
477 2963 611 3042 domus,
647 2961 738 3024 fundi
778 2977 810 3025 et
842 2962 1085 3042 hedificiorum,
1120 2983 1218 3045 quam
1257 2965 1324 3045 ipse
1358 2962 1538 3044 Stephanus

275 3070 361 3131 dicto
385 3068 553 3131 Anthonio
577 3069 775 3148 vendiderat,
799 3083 830 3132 et
853 3070 894 3131 ad
918 3069 1076 3152 plurimas
1101 3071 1199 3152 ipsius
1225 3069 1379 3152 Stephani
1404 3069 1537 3150 requisi-

276 3177 384 3238 ciones
407 3175 559 3258 juridicas
583 3177 648 3258 ipse
672 3175 857 3238 Anthonius
880 3175 1018 3258 lapicida
1047 3175 1165 3237 dictam
1197 3175 1415 3237 residuitatem
1439 3174 1537 3257 precii

275 3281 398 3365 prelato
425 3281 588 3364 Stephano
613 3282 751 3344 carnifici
775 3281 957 3364 persolvere
983 3281 1097 3360 noluit,
1121 3281 1177 3343 sed
1201 3302 1233 3342 se
1259 3302 1276 3343 a
1300 3280 1381 3343 lacie
1405 3280 1482 3361 juris
1507 3293 1539 3342 et

275 3387 397 3466 justicie
430 3387 548 3449 abinde
581 3387 762 3450 recedendo
794 3389 1025 3450 contumaciter
1059 3388 1247 3466 absentavit,
1281 3401 1312 3450 et
1343 3387 1417 3469 quia
1450 3386 1536 3449 idem

275 3493 458 3556 Anthonius
482 3493 619 3575 lapicida
644 3494 683 3555 ad
715 3495 832 3556 trinam
857 3493 1017 3556 forensem
1050 3495 1212 3576 publicam
1244 3493 1536 3576 proclamacionem

274 3599 446 3682 superinde
474 3619 565 3662 more
596 3601 691 3662 solito
722 3599 849 3679 factam,
882 3600 967 3662 idem
996 3600 1180 3662 Anthonius
1211 3599 1348 3682 lapicida
1372 3601 1472 3660 nostri
1504 3601 1536 3661 in

273 3707 471 3788 presenciam
498 3707 529 3767 in
561 3706 670 3768 sedem
702 3706 901 3789 judiciariam
934 3727 992 3768 nec
1023 3707 1132 3767 venire
1157 3727 1215 3769 nec
1247 3707 1389 3788 aliquem
1413 3727 1471 3788 pro
1503 3726 1537 3768 se

275 3811 400 3874 mittere
426 3812 557 3892 curavit,
582 3811 637 3874 sed
661 3833 693 3873 se
724 3834 741 3875 a
766 3813 847 3876 facie
879 3813 956 3894 juris
980 3827 1011 3875 et
1041 3813 1164 3894 justicie
1197 3813 1325 3894 penitus
1349 3813 1537 3892 absentavit,

275 3918 413 3999 ideoque
450 3918 517 4000 ipse
550 3918 733 3981 Anthonius
771 3919 909 4001 lapicida
949 3939 1052 3980 arram
1088 3919 1316 4001 pecuniarum,
1348 3939 1445 4000 quam
1478 3939 1535 4000 pro

274 4025 443 4107 empcione
467 4025 567 4107 ipsius
591 4025 707 4087 domus
731 4025 816 4087 dicto
842 4026 1005 4108 Stephano
1038 4023 1178 4086 carnifici
1210 4025 1352 4103 dederat,
1376 4026 1482 4087 amisit
1506 4037 1537 4086 et

274 4131 428 4214 perdidit;
451 4132 552 4213 ipsam
577 4145 683 4194 autern
708 4131 853 4212 domum,
878 4131 1014 4193 fundum
1040 4145 1070 4194 et
1087 4130 1234 4192 hedificia
1253 4131 1351 4212 ipsius
1377 4131 1531 4192 Anthonii

274 4235 422 4319 lapicida,
440 4257 537 4318 quarn
556 4237 623 4318 ipse
639 4237 822 4299 Anthonius
838 4239 878 4298 ab
894 4239 962 4320 ipso
981 4237 1144 4320 Stephano
1161 4249 1412 4319 comparaverat,
1430 4235 1533 4298 eidem

275 4341 438 4424 Stephano
457 4341 595 4403 carnifici
621 4355 689 4403 tum
707 4362 744 4402 ex
768 4342 910 4424 predicta
935 4343 1063 4404 racione
1087 4357 1155 4404 tum
1181 4342 1282 4404 eciam
1307 4360 1365 4423 pro
1389 4342 1533 4422 persolu-

274 4449 365 4510 cione
383 4449 549 4510 daciorum
573 4461 638 4510 tam
664 4448 787 4510 domini
813 4449 939 4511 comitis
962 4448 1061 4510 Vlrici
1094 4468 1191 4530 quam
1216 4448 1318 4509 eciam
1352 4461 1534 4508 nostrorum

273 4555 506 4634 communium,
530 4574 566 4616 ac
593 4575 650 4637 per
678 4575 752 4616 eum
776 4555 840 4616 suis
867 4554 1040 4616 heredibus
1067 4554 1236 4616 statuimus
1259 4567 1415 4636 perpetuo
1431 4554 1534 4636 possi·

273 4660 412 4722 dendam
437 4674 467 4722 et
491 4659 799 4743 quomodocumque
823 4661 963 4723 voluerit
994 4661 1228 4743 disponendam
1253 4660 1338 4742 juxta
1371 4660 1535 4721 condicio-

273 4786 347 4828 nem
372 4767 507 4828 civitatis
530 4780 696 4848 prenotate
721 4767 916 4849 abantiquo
945 4769 1165 4850 approbatam.

379 4871 457 4934 ltem
481 4892 609 4935 causam
633 4873 715 4934 inter
738 4873 907 4936 Nicolaum
939 4873 1080 4956 judicem
1112 4887 1256 4935 nostrum
1289 4873 1480 4934 modernum
1505 4885 1535 4934 et

273 4979 355 5040 inter
373 4977 507 5040 Paulum
526 4980 743 5042 balneatorem
763 4999 870 5042 coram
887 4979 998 5061 juratis
1012 4979 1176 5040 modernis
1199 4993 1320 5042 motam
1338 4979 1377 5040 ad
1394 4980 1534 5061 primum

272 5085 429 5169 judicium
453 5085 552 5148 iidem
576 5085 670 5170 jurati
694 5086 977 5170 prolongaverunt.
