3876 5798
471 565 534 625 452
860 547 1058 624 Ann01447.
1084 579 1123 590 -
1148 561 1196 605 21.
1220 545 1341 620 aprilis.

473 757 631 819 Drenowa
655 777 690 818 ac
716 757 914 819 Laurencius
937 758 1070 820 servitor
1092 757 1217 820 domini
1247 757 1399 840 prepositi
1424 758 1652 839 zagrabiensis‚
1679 777 1734 819 nec

472 883 537 925 nou
562 863 753 926 Valentinus
785 863 824 925 de
848 863 1026 942 Vrbowcz‚
1058 863 1230 947 pluresque
1262 863 1316 926 alii
1341 863 1434 945 jurati
1459 877 1490 926 et
1523 865 1620 926 ceteri
1653 864 1734 926 cives

473 969 609 1032 civitatis
633 969 776 1052 predicte
800 989 907 1032 coram
940 971 1058 1052 quibua
1091 969 1157 1053 ipae
1182 969 1318 1052 Egidius
1341 969 1482 1032 carnifex
1514 971 1620 1053 ipsum
1644 988 1735 1032 suum

472 1075 622 1158 deposuit
646 1075 873 1158 juramentum.

581 1181 658 1244 ltem
682 1184 759 1264 quia
784 1183 949 1244 Emericus
972 1181 1057 1244 filius
1081 1181 1206 1244 Nicolai
1239 1181 1279 1246 de
1305 1181 1450 1246 Gradsan
1474 1202 1573 1263 gener
1598 1181 1735 1244 condam

475 1289 572 1351 Blasii
604 1287 661 1350 filii
696 1289 824 1352 Martini
850 1289 925 1350 dicti
958 1289 1085 1351 Krusell
1117 1287 1277 1352 habitator
1308 1289 1391 1352 dicte
1425 1289 1571 1368 civitatis,
1608 1289 1641 1350 id
1666 1307 1736 1350 cum

473 1393 644 1456 sufficienti
681 1407 712 1456 et
747 1393 911 1476 fidedigno
944 1411 1126 1457 nostrorum
1158 1395 1340 1458 concivium
1380 1395 1566 1458 testimonio
1599 1395 1631 1456 in
1664 1394 1737 1456 sede

474 1513 581 1563 nostra
605 1499 770 1582 judiciaria
796 1501 878 1562 clare
904 1501 1126 1582 comprobavit
1157 1521 1264 1564 coram
1297 1501 1402 1580 nobis,
1433 1515 1469 1564 ut
1492 1501 1570 1562 dum
1595 1498 1737 1583 prefatus

473 1607 601 1668 Blasius
625 1606 710 1668 filius
735 1607 835 1690 ipsius
859 1607 987 1669 Martini
1021 1608 1053 1668 in
1078 1609 1228 1669 extremis
1259 1609 1322 1670 vite
1346 1627 1403 1670 sue
1427 1607 1614 1690 temporalis
1649 1608 1738 1669 labo·

474 1727 582 1793 rasset,
606 1727 682 1776 tunc
710 1713 776 1795 ipse
810 1713 964 1795 quasdam
997 1713 1076 1775 duas
1107 1713 1217 1775 vineas
1247 1734 1320 1776 suas
1343 1715 1374 1776 in
1406 1713 1567 1776 territorio
1601 1714 1738 1775 civitatis

473 1819 615 1901 predicte
639 1819 773 1896 habitas,
797 1819 901 1902 ipsum
925 1819 1046 1880 scilicet
1070 1819 1213 1881 Blasium
1238 1819 1373 1900 juridice
1397 1831 1640 1898 concernentes,
1666 1839 1736 1880 cum

473 1943 583 1986 earum
608 1925 799 1986 utilitatibus
823 1939 855 1986 et
879 1924 1083 2006 pertinenciis
1114 1925 1271 1986 universis
1294 1925 1430 2008 provide
1454 1926 1581 1988 mulieri
1606 1924 1735 2007 Agatha

474 2043 584 2092 vocate
609 2030 701 2092 aliter
724 2031 846 2092 Wrana
883 2031 1110 2112 cognominare
1140 2029 1204 2092 filie
1228 2050 1284 2092 sue
1317 2031 1486 2112 legavisset
1510 2047 1541 2094 et
1564 2031 1738 2092 dimisisset

475 2151 631 2220 perpetuo
655 2136 873 2218 possidendas,
900 2137 1033 2218 ipsaque
1057 2136 1182 2217 Agatha
1204 2135 1269 2198 filia
1287 2138 1386 2219 ipsius
1410 2138 1507 2200 Blasii
1531 2138 1682 2200 similiter
1706 2137 1735 2198 in

475 2241 626 2304 extremis
649 2242 714 2304 vite
738 2261 793 2302 sue
810 2242 997 2323 temporalis
1022 2242 1210 2320 laborando,
1228 2243 1370 2324 predicto
1388 2243 1536 2306 Emerico
1553 2241 1622 2304 lilio
1641 2243 1739 2324 ipsius

475 2348 604 2409 Nicolai
618 2348 687 2409 viro
701 2367 759 2410 suo
772 2348 919 2410 similiter
932 2347 1100 2428 legavisset
1112 2347 1180 2428 jure
1193 2361 1350 2431 perpetuo
1363 2349 1582 2432 possidendas,
1597 2349 1738 2431 ideoque

474 2473 533 2516 nos
557 2453 686 2515 easdem
711 2453 790 2516 duas
814 2454 923 2515 vineas
947 2453 1046 2535 ipsius
1069 2453 1166 2515 Blasii
1191 2453 1248 2516 filii
1273 2455 1348 2516 dicti
1374 2455 1503 2516 Martini
1529 2455 1647 2516 Krusel
1666 2473 1738 2516 cum

476 2579 587 2622 earum
612 2561 734 2622 cunctis
757 2559 948 2622 utilitatibus
979 2573 1010 2620 et
1040 2560 1246 2642 pertinenciis
1270 2562 1426 2624 universis
1457 2562 1563 2624 eidem
1588 2563 1738 2624 Emerico

474 2685 594 2746 genero
619 2666 719 2748 ipsius
742 2666 878 2728 condam
903 2665 1000 2728 Blasii
1026 2687 1062 2728 ac
1085 2686 1142 2748 per
1166 2687 1240 2730 eum
1271 2668 1532 2730 suis‘heredibus
1564 2671 1737 2730 statuimus

475 2785 632 2854 perpetuo
656 2772 866 2854 possidendas
883 2787 914 2834 et
931 2773 1238 2856 quomodocumque
1262 2775 1401 2837 voluerit
1418 2774 1639 2858 disponendas
1656 2775 1737 2857 iuxta

475 2877 701 2940 condicionem
726 2878 866 2940 civitatis
889 2892 1055 2961 prenotate
1080 2880 1119 2940 ab
1148 2881 1281 2963 antiquo
1305 2881 1525 2964 approbatam.
