3852 5820
616 571 704 629 Anno
725 565 816 647 1416.
840 603 885 614 -
906 585 957 648 24.
974 569 1134 648 januarii.
1466 592 1501 652 31

345 783 425 845 Item
449 783 558 844 relicta
583 782 709 865 Drugas
732 795 843 845 contra
861 782 990 844 Petrum
1007 783 1127 866 Kopun
1151 795 1183 846 et
1199 781 1378 864 Georgium
1394 783 1499 866 primo

246 890 338 952 citata
361 907 428 950 nou
452 889 642 971 comparuit.

350 994 428 1056 Item
460 993 554 1074 jurati
586 993 768 1074 judicarunt
799 1013 925 1056 causam
959 994 1041 1056 inter
1066 994 1199 1056 Luciam
1231 993 1375 1056 relictam
1400 992 1501 1055 Gerd·

245 1100 387 1184 cheuycb
411 1113 442 1162 et
466 1100 640 1162 Martinum
670 1100 867 1184 freniparum
899 1099 1037 1163 infacto
1069 1101 1306 1162 vulnerationis
1330 1089 1369 1162 eo
1393 1100 1504 1179 modo,

245 1207 332 1290 quod
356 1208 424 1289 ipsa
456 1207 555 1268 Lucia
588 1207 733 1289 proxima
764 1205 842 1268 feria
873 1220 958 1268 serta
994 1220 1066 1289 post
1098 1206 1279 1270 oviludium
1304 1207 1444 1270 secunda
1468 1227 1501 1270 se

245 1315 388 1396 personis
419 1333 517 1395 penes
547 1333 641 1374 suum
673 1313 862 1393 sanguinem
887 1311 1103 1394 juramentum
1134 1327 1271 1394 prestare
1306 1325 1443 1392 tenetur,
1475 1325 1506 1376 et

244 1441 282 1482 eo
299 1421 441 1502 prestito,
462 1433 634 1482 annotatus
659 1420 815 1482 MartInus
839 1417 980 1500 frenipar
1004 1419 1108 1501 primo
1126 1419 1252 1480 medico
1277 1418 1451 1482 satisfaciat
1475 1433 1506 1482 et

241 1546 297 1608 pro
321 1527 389 1608 ipsa
420 1526 484 1588 lesa
516 1526 660 1608 quinque
693 1545 816 1587 marcas
847 1543 882 1586 ac
907 1523 971 1606 (ad)
1003 1544 1192 1586 communes
1223 1545 1380 1608 expensas
1407 1545 1504 1588 unam

241 1651 378 1694 marcam
402 1631 525 1692 solvere
549 1643 712 1708 teneatur;
741 1643 772 1693 et
798 1629 838 1692 de
862 1629 974 1692 decem
1007 1631 1120 1692 marcis
1151 1631 1191 1692 de
1215 1631 1377 1712 potencia,
1404 1650 1503 1712 quarn

245 1737 388 1798 indomo
412 1757 468 1798 sua
492 1737 698 1820 perpetravit,
725 1749 756 1798 et
780 1737 820 1799 de
844 1755 925 1818 pena
948 1737 1060 1818 vigInti
1086 1738 1230 1819 quiaque
1254 1757 1434 1799 marcarum
1458 1737 1504 1819 ju-

243 1845 304 1906 dici
330 1857 361 1905 et
384 1842 494 1924 juratis
517 1841 697 1906 satisfacere
725 1857 880 1906 teneatur.

345 1949 423 2012 Item
448 1949 541 2031 jurati
566 1949 748 2030 judicarunt
780 1969 907 2011 causam
940 1949 1022 2010 iuter
1046 1949 1245 2032 Stephanum
1277 1949 1440 2014 literatum
1474 1964 1505 2012 et

241 2054 399 2137 prefatum
418 2056 593 2118 Martinum
610 2055 807 2138 freniparum
827 2055 974 2117 similiter
998 2056 1030 2116 in
1055 2054 1138 2118 facto
1156 2056 1328 2118 vulnerum
1344 2057 1398 2136 ita,
1416 2055 1504 2138 quod

243 2160 382 2243 prefatus
406 2162 587 2244 Stephanus
610 2181 708 2244 penes
724 2181 818 2223 suum
839 2161 1029 2242 sanguiuem
1046 2162 1188 2223 secundo
1205 2181 1238 2224 se
1264 2162 1410 2244 personis
1427 2160 1504 2224 feria

242 2281 327 2330 sexta
359 2270 504 2351 proxima
535 2281 608 2351 post
639 2267 820 2329 oviludium
852 2267 1068 2348 juramentum
1100 2282 1239 2350 prestare
1270 2281 1406 2347 tenetur,
1439 2287 1504 2349 quo

243 2375 383 2456 prestito,
407 2376 474 2457 ipse
501 2375 656 2437 Martinus
688 2375 773 2436 dicto
794 2373 969 2456 Stephana,
1001 2375 1026 2436 si
1051 2395 1083 2435 se
1108 2375 1211 2436 clvem
1245 2376 1276 2436 in
1302 2375 1389 2437 dicto
1414 2375 1498 2456 jura·

241 2494 347 2542 mento
371 2482 572 2564 approbabit,
597 2481 629 2543 in
646 2481 790 2564 quinque
815 2481 929 2543 marcis
953 2495 984 2542 et
1000 2499 1189 2543 communes
1206 2500 1361 2562 expensas
1385 2481 1416 2542 iu
1435 2500 1498 2541 una

243 2605 364 2663 marca;
388 2587 414 2647 si
438 2605 515 2648 vero
539 2585 679 2648 inclinus
702 2585 766 2664 fiet,
794 2597 870 2648 tunc
891 2586 923 2647 in
948 2586 1073 2648 duabus
1097 2605 1170 2646 cum
1195 2585 1301 2648 media
1325 2586 1439 2648 marcis
1463 2605 1499 2648 ac

242 2711 427 2754 communes
450 2712 605 2775 expensas
628 2705 757 2754 centum
782 2691 922 2753 denariis
944 2689 1124 2754 satisfacere
1147 2703 1303 2754 teneatur.

345 2798 424 2862 Item
444 2799 644 2880 Margaretha
669 2799 828 2882 penestica
853 2813 885 2861 et
908 2798 970 2860 alia
988 2798 1201 2879 Margaretha,
1225 2799 1369 2880 quelibet
1393 2817 1503 2860 earum

241 2904 336 2966 tercIa
361 2924 393 2964 se
418 2905 563 2986 personis
586 2903 664 2966 feria
688 2919 775 2967 sexta
799 2905 944 2988 proxIma
976 2917 1049 2986 post
1072 2903 1255 2966 oviIudium
1287 2917 1396 2966 contra
1421 2905 1501 2966 Vale

243 3008 421 3072 carnificem
445 3010 479 3071 iu
502 3008 586 3072 facto
618 3011 713 3072 unius
744 3011 874 3073 camisie
905 3009 1050 3072 mulieris
1074 3009 1250 3093 deperdite,
1285 3009 1501 3091 juramentum

242 3130 378 3198 prestare
401 3129 537 3181 tenetur.

345 3221 424 3285 Item
449 3221 569 3285 Mathei
593 3223 755 3306 Ribarych
789 3237 898 3285 contra
932 3223 1107 3284 MartInum
1140 3221 1230 3303 dulgi
1256 3221 1401 3304 proxIma
1427 3221 1504 3284 feria

242 3342 325 3391 sexta
349 3342 422 3411 post
444 3329 627 3392 oviludium
652 3329 684 3390 in
709 3327 793 3392 facto
818 3328 1034 3410 quorumdam
1052 3347 1224 3409 porcorum
1248 3328 1348 3390 tercio
1372 3347 1405 3388 se
1430 3348 1501 3410 per·

242 3435 328 3496 sonis
351 3434 568 3516 juramentum
591 3447 731 3517 prestare
754 3447 890 3497 tenetur.

344 3539 424 3603 Item
440 3541 515 3604 licet
527 3560 585 3602 nos
602 3539 780 3622 Georgium
797 3541 958 3602 literatum
972 3540 1094 3602 dictum
1112 3539 1217 3618 Tuch,
1235 3538 1337 3601 lilium
1361 3539 1500 3622 Mathye,

242 3666 298 3728 pro
322 3647 441 3729 quibus
463 3647 529 3708 suis
553 3647 743 3726 excessibus,
767 3648 800 3708 In
831 3646 969 3728 presenti
1003 3648 1133 3708 katerna
1165 3645 1329 3727 expressis,
1354 3659 1500 3728 tempore

242 3753 399 3832 judicatus
422 3753 481 3814 viri
505 3753 631 3836 providi
658 3752 752 3815 Chon
769 3766 845 3815 tunc
865 3752 988 3834 judicis,
1007 3752 1302 3834 proscripseramus,
1327 3753 1409 3814 utin
1428 3773 1499 3834 pre-

241 3859 320 3920 senti
338 3860 467 3920 katerna
492 3872 636 3940 ternpore
661 3857 774 3941 prefati
792 3857 950 3938 judicatus
970 3857 1065 3940 plene
1080 3858 1274 3937 contiuetur,
1299 3871 1406 3920 tamen
1423 3859 1499 3942 quia

243 3965 437 4027 reverendus
453 3965 486 4026 in
504 3963 635 4027 Christo
648 3977 737 4047 pater
756 3964 908 4026 dominus
926 3963 1130 4026 Eberhardus
1147 3965 1366 4046 zagrabiensis
1383 3965 1504 4048 episco-

243 4089 311 4151 pus,
334 4088 459 4131 necnon
468 4069 640 4131 Mucbiuus
657 4069 697 4131 de
708 4067 865 4151 Lipouch,
890 4087 1016 4131 necnon
1034 4080 1064 4130 et
1089 4069 1234 4130 canonici
1261 4069 1323 4130 Ioci
1340 4070 1504 4152 prescrIpti

241 4193 313 4236 cum
337 4175 451 4238 ceteris
474 4175 551 4236 viris
574 4175 739 4236 nobilibus
762 4194 822 4236 nos
838 4175 976 4236 nimium
1000 4174 1229 4256 suppIIcarunt,
1253 4173 1383 4237 tandem
1401 4176 1502 4238 ecIam

244 4281 317 4362 quia
342 4281 429 4342 idem
454 4279 614 4362 Georgius
630 4280 762 4342 ecclesie
780 4293 887 4342 nostre
905 4281 989 4342 beati
1008 4280 1106 4342 Marci
1122 4279 1328 4362 ewangeliste
1345 4281 1378 4342 in
1395 4281 1501 4342 indul·

241 4387 361 4467 genciis
374 4387 491 4448 servite
508 4385 630 4448 studuit
647 4387 686 4447 de
704 4386 852 4469 presenti,
877 4385 1070 4468 anhelatque
1085 4385 1187 4466 magis
1200 4385 1348 4447 exhibere
1366 4386 1398 4447 in
1416 4384 1500 4448 futu·

242 4511 322 4572 rum,
339 4512 398 4575 pro
415 4512 455 4554 eo
471 4512 531 4554 nos
547 4511 679 4575 precum
697 4504 727 4554 et
747 4491 1024 4574 supplicacionum
1041 4503 1266 4552 annotatorum
1293 4490 1502 4552 dominorum

242 4598 452 4678 advertentes,
469 4598 608 4660 eundem
627 4597 805 4679 Georqum
819 4597 981 4660 literatum
998 4595 1125 4680 (lilium)
1140 4595 1268 4680 Mathye
1286 4597 1325 4658 de
1343 4597 1504 4679 premissis

242 4703 533 4786 proscripcionibus
557 4703 707 4766 duxImus
724 4701 918 4786 expiandum
936 4717 967 4764 et
983 4701 1257 4781 exhonerandum,
1277 4701 1336 4782 ipsi
1361 4699 1504 4781 Georgio

242 4810 366 4872 literato
389 4811 530 4891 graciam
554 4823 586 4872 et
609 4808 862 4872 misericordiam
890 4807 1042 4870 facientes
1074 4807 1247 4889 specialem
1272 4807 1325 4887 ita,
1350 4797 1438 4889 quod
1464 4807 1504 4869 de

242 4929 347 4978 cetero
371 4914 411 4978 de
436 4916 608 4998 premissis,
625 4916 672 4977 uti
687 4915 902 4998 proscriptum
918 4914 988 4994 fuit,
1012 4933 1046 4976 se
1063 4933 1233 4995 precavere
1256 4925 1423 4990 teneatur;
1441 4911 1503 4974 hoc

243 5020 414 5102 declarato,
439 5020 527 5103 quod
559 5021 598 5082 de
631 5033 737 5084 cetero
769 5021 874 5084 nullas
906 5021 1064 5084 novitates
1094 5020 1161 5084 sive
1193 5020 1265 5084 lites
1294 5032 1403 5082 contra
1428 5019 1505 5081 civi-

240 5141 338 5190 tatem
355 5141 386 5190 et
402 5127 488 5190 cives
504 5127 647 5189 eiusdem
661 5147 727 5189 non
744 5127 860 5190 debeat
874 5127 999 5190 elevare
1015 5126 1066 5190 vel
1083 5124 1319 5209 quoquomodo
1338 5126 1505 5206 Innovare
