3796 5812
1428 561 1493 643 487

340 777 417 838 ltem
450 761 635 858 Katheryna
666 772 775 835 relicta
807 771 937 856 Mathey
969 772 1008 834 de
1041 772 1200 834 Kraleuch
1225 785 1336 835 contra
1369 775 1493 854 Marga-

229 884 352 948 retham
377 880 619 946 Swelcheuicha
643 879 785 942 secundo
809 879 903 942 citata
928 898 993 942 non
1018 880 1207 960 comparuit.

455 1004 634 1087 inquilinus
658 1002 824 1065 Michaelis
855 1001 913 1064 filii
946 1003 1097 1085 Symouis
1121 1018 1152 1065 et
1184 1001 1343 1086 Georgius
1374 1001 1493 1086 (irater)

230 1113 408 1195 Gregurich
433 1126 542 1174 contra
565 1109 757 1172 Michaelem
774 1109 877 1170 virum
897 1107 1072 1192 Gyurgeko
1088 1109 1194 1192 primo
1211 1109 1297 1172 citati
1322 1128 1387 1170 non
1404 1126 1492 1170 com·

229 1233 412 1387 paruellldlll
445 1321 603 1406 (Asslycha
634 1322 743 1384 relicta
775 1320 913 1384 condam
946 1322 1036 1384 Pauli
1069 1322 1248 1406 Nagiichyn
1281 1335 1390 1384 “⁰⁰⁸⁸
1423 1321 1491 1384 Ste-

228 1432 372 1516 phanum
395 1430 535 1512 juratum
559 1428 701 1492 secundo
729 1428 823 1490 citata
847 1447 912 1489 non
938 1428 1127 1510 comparuit.

335 1555 412 1616 ltem
430 1551 694 1638 (Valentinuslin
712 1551 811 1614 domo
836 1552 973 1614 condam
991 1550 1146 1632 Jagodich
1163 1571 1366 1614 commorans
1383 1565 1491 1614 contra

230 1662 407 1744 Georgium
433 1706 493 1724 ...
517 1672 771 1721 commorantem
796 1659 937 1720 secundo
967 1659 1081 1721 citatus
1105 1678 1169 1721 non
1193 1659 1382 1741 comparuit.

337 1768 416 1830 ltem
441 1767 565 1828 lwanus
589 1764 755 1826 Jacomelli
789 1780 897 1826 contra
923 1764 1086 1826 Thomam
1118 1763 1220 1826 filiurn
1245 1765 1371 1827 Franch
1393 1766 1493 1828 tercio

231 1876 345 1936 citatus
369 1893 433 1935 non
462 1872 652 1953 comparuit.

335 1997 413 2060 ltem
449 1995 632 2059 Anthoniua
667 1993 806 2056 carnifex
838 1995 1004 2077 privignus
1036 1993 1198 2057 Dudinich
1229 2009 1338 2058 contra
1372 1996 1490 2058 Valen-

227 2105 330 2166 tinum
354 2101 458 2164 filium
485 2101 653 2164 Michaelis
676 2099 818 2162 secundo
846 2100 960 2162 citatus
984 2120 1050 2161 non
1075 2101 1263 2182 comparuit.

333 2227 410 2288 Item
436 2226 512 2308 quia
539 2224 674 2306 Egidius
697 2223 827 2306 jobagio
846 2223 1011 2286 Michaelis
1032 2223 1157 2306 pridem
1173 2223 1288 2306 judicis
1311 2224 1368 2287 filii
1395 2225 1492 2287 Seba-

228 2334 322 2396 stiani
354 2333 570 2415 juramentum
601 2332 660 2392 sibi
694 2331 904 2393 secundomet
934 2350 1030 2413 super
1061 2351 1148 2392 aram
1181 2345 1290 2396 contra
1315 2330 1492 2414 Georgium

227 2439 369 2523 juratum
394 2439 585 2501 modernum
612 2437 829 2518 adjudicatum
856 2438 887 2498 in
913 2435 996 2499 facto
1019 2437 1183 2518 sanguinis
1207 2437 1357 2520 deposuit
1381 2453 1415 2499 ut
1439 2439 1492 2500 de·

229 2547 307 2625 buit,
334 2546 406 2608 ideo
442 2546 509 2627 ipse
535 2543 695 2626 Georgius
727 2543 847 2624 juratus
878 2543 937 2626 ipsi
963 2543 1080 2624 Egidio
1114 2545 1265 2606 remansit
1289 2544 1321 2606 in
1347 2545 1492 2628 quinque

229 2653 343 2715 marcis
367 2651 585 2742 denariorum,
609 2670 689 2732 quas
712 2650 818 2711 eidem
838 2651 878 2711 ad
896 2649 1076 2732 quindenas
1098 2650 1280 2731 persolvere
1304 2650 1444 2714 debebit.

336 2777 413 2839 ltem
428 2776 503 2858 quia
521 2774 659 2838 Michael
676 2773 760 2836 filius
777 2773 906 2856 Mathey
923 2775 971 2835 vir
988 2773 1258 2857 Gyurgekouiche
1274 2775 1490 2856 juramentum

229 2883 289 2945 sibi
311 2882 522 2945 secundomet
539 2901 634 2963 super
650 2899 736 2942 aram
755 2895 863 2942 contra
882 2879 1074 2961 Gregorium
1092 2881 1299 2962 jobagionem
1325 2881 1491 2944 Michaelis

228 2989 285 3052 filii
312 2990 463 3073 Symonis
487 3001 519 3050 et
543 2986 720 3068 Georgium
745 2985 873 3048 fratrem
892 2985 1070 3068 Gregurich
1088 2988 1118 3048 in
1145 2986 1228 3050 facto
1252 2989 1417 3070 sauguinis
1434 2989 1489 3050 ad·

226 3099 401 3180 judicatum
426 3095 578 3178 deposuit
602 3108 637 3156 ut
661 3094 782 3173 debuit,
807 3095 881 3156 ideo
910 3095 969 3176 ipsi
995 3093 1171 3176 Gregorius
1202 3109 1233 3156 et
1258 3069 1418 3176 Gedrgius
1443 3116 1490 3158 re·

227 3216 414 3266 manserunt
437 3203 497 3284 ipsi
522 3200 672 3263 Michaeli
697 3201 729 3263 in
754 3215 892 3282 quatuor
920 3201 1043 3280 marcis,
1068 3201 1165 3282 judici
1190 3201 1223 3262 in
1248 3221 1323 3280 una,
1347 3221 1426 3283 quas
1449 3202 1489 3264 ad

229 3310 410 3394 quindenas
434 3308 616 3391 persolvere
640 3307 804 3368 debebunt
827 3326 900 3368 cum
925 3305 1049 3368 effectu.

334 3435 412 3496 ltern
429 3432 544 3495 Gallus
568 3445 669 3493 sartor
692 3443 801 3492 contra
823 3429 992 3491 Nicolaum
1010 3429 1112 3492 filium
1138 3431 1236 3492 Marci
1254 3429 1359 3513 primo
1377 3431 1490 3494 citatus

227 3561 292 3604 non
317 3539 508 3622 comparuit.

333 3664 410 3726 ltem
436 3663 511 3744 quia
533 3666 660 3744 Agnesa
677 3659 816 3722 condam
844 3660 988 3721 servitrix
1006 3661 1116 3722 lacobi
1135 3659 1282 3722 Horuath
1307 3660 1399 3740 jurati
1419 3681 1487 3722 mo·

226 3771 315 3833 derni
341 3770 427 3851 ligna
452 3767 593 3849 magistri
619 3765 772 3848 Stephani
805 3765 928 3848 pridem
954 3765 1046 3844 jurati
1079 3765 1137 3828 filii
1163 3766 1252 3828 Pauli
1277 3768 1485 3847 subtraxerat,

229 3892 259 3938 et
283 3876 385 3936 tribus
409 3874 531 3935 vicibus
555 3873 683 3954 publice
708 3872 739 3931 in
765 3869 835 3933 foro
864 3871 1059 3953 proclamata
1083 3872 1123 3932 ad
1156 3871 1416 3954 respondendum
1442 3873 1490 3953 ju-

226 3982 315 4044 sticie
341 3999 528 4061 comparere
553 3979 685 4040 minime
710 3977 842 4054 curavit,
868 3977 940 4038 ideo
965 3977 1058 4058 jurati
1083 3977 1317 4057 adjudicarunt,
1342 3979 1429 4060 quod
1463 3981 1488 4040 si

225 4089 264 4149 de
288 4101 393 4149 cetero
426 4087 457 4148 in
490 4085 616 4148 civitate
653 4099 683 4146 et
715 4083 783 4145 eius
814 4084 974 4146 territorio
1006 4083 1195 4166 reprehensa
1229 4083 1341 4164 fuerit,
1374 4099 1489 4147 extunc

225 4207 356 4276 propter
381 4212 475 4254 suum
493 4190 699 4254 manifestum
725 4189 924 4252 lurticinium
939 4189 1024 4272 juxta
1046 4210 1138 4252 suum
1164 4191 1356 4253 demeritum
1374 4212 1489 4274 penam

225 4319 323 4382 quam
347 4299 525 4382 promeruit
551 4311 777 4380 consequetur.

228 4553 326 4630 Feria
356 4563 454 4627 sexta
483 4558 637 4645 proxima
674 4562 752 4645 post
784 4555 906 4627 festum
935 4553 1134 4627 Natiuitatis
1162 4557 1307 4644 virginis
1334 4553 1489 4644 gloriose.

332 4707 411 4768 ltem
429 4707 529 4768 Elena
547 4726 626 4768 uxor
644 4706 798 4768 Johannis
815 4707 967 4768 institoris
987 4719 1097 4768 contra
1114 4707 1318 4769 Anthonium
1334 4727 1489 4788 generum

225 4813 399 4892 Ozmonog
424 4813 528 4893 primo
553 4813 646 4874 citata
672 4832 737 4874 non
761 4813 950 4894 comparuit.

333 4919 411 4980 ltem
435 4938 529 4981 causa
553 4919 635 4980 inter
652 4918 814 4980 Thomam
835 4917 936 4980 lilium
955 4918 1079 4981 Franch
1106 4933 1136 4982 et
1153 4919 1296 4983 iwanum
1321 4919 1488 4982 Jacomelli

225 5024 322 5086 hodie
347 5024 388 5086 ad
412 5037 485 5088 octo
510 5024 578 5088 dies
603 5025 643 5088 ad
668 5043 778 5110 pacem
808 5039 854 5090 est
878 5038 1014 5111 recepta.
