3740 5810
556 561 643 618 Anno
666 575 755 637 1431.
781 595 821 606 -
845 577 896 638 23.
921 563 1089 622 novembris.

356 668 396 672 -
1185 671 1247 676 -.ψ
1393 583 1450 678 ¹⁶1}

177 787 213 833 ut
239 772 300 854 ipsi
335 773 458 833 nullam
490 773 708 852 pecuniariam
740 773 940 835 solucionem
972 773 1012 834 ad
1046 773 1206 836 racionem
1232 789 1356 858 septem
1379 775 1447 838 flor.

175 880 250 940 auri
267 879 299 939 in
326 879 395 960 ipsa
411 879 500 940 litera
517 879 709 960 obligatoria
726 893 980 962 expressatorum
1001 879 1227 962 percepissent,
1251 881 1307 942 sed
1326 881 1446 944 eisdem

178 985 259 1066 ipsis
274 985 381 1046 adhuc
405 999 470 1046 tam
484 985 644 1066 predictus
658 985 775 1046 Paulus
789 1003 887 1067 quam
904 985 952 1048 sui
971 985 1103 1047 heredes
1116 985 1196 1066 juste
1215 986 1444 1068 obligarentur.

291 1091 371 1154 ltem
388 1091 480 1172 jurati
499 1091 775 1172 adjudicaverunt,
800 1105 835 1154 ut
851 1093 963 1154 Petrus
979 1093 1145 1154 herberius
1161 1091 1256 1155 dehet
1280 1093 1445 1156 restituere

178 1199 339 1278 pecunias
355 1211 386 1258 et
409 1218 458 1259 res
484 1198 617 1279 Agnetis
633 1197 696 1260 lire
720 1198 827 1260 eidem
843 1197 1046 1278 redimendo,
1071 1217 1149 1280 quas
1168 1213 1329 1282 receperat
1354 1201 1394 1262 ab
1411 1221 1447 1262 ea

178 1304 335 1384 potencia
367 1304 540 1383 mediante,
575 1319 606 1365 et
637 1304 743 1366 eidem
775 1304 877 1365 eciam
905 1305 1022 1386 Agneti
1055 1324 1113 1386 pro
1137 1301 1322 1388 vibicilis(?)
1356 1325 1451 1390 super

179 1409 287 1490 ipsam
314 1410 411 1471 illatis
435 1410 530 1472 debet
554 1410 1020 1494 satisfaccionem·inpendere.

319 1627 415 1700 Festa
443 1637 542 1702 sexta
571 1633 604 1700 in
634 1630 720 1702 lesto
749 1631 880 1702 scilicet
909 1631 997 1702 beati
1028 1629 1205 1704 Clementis
1233 1653 1326 1722 pape.

679 1785 742 1862 (23.
766 1783 948 1860 novembris).

289 1923 367 1985 ltem
392 1924 526 2006 Egidius
551 1923 690 2006 frenipar
714 1937 824 1986 contra
851 1923 1013 2007 Matbyam
1042 1926 1277 2007 carpentarium
1303 1925 1446 1988 secundo

171 2029 296 2092 citatus
321 2049 384 2092 non
410 2031 599 2113 comparuit.

287 2136 365 2197 ltem
390 2137 574 2199 Anthonius
595 2135 680 2198 filius
705 2136 823 2200 Cosme
848 2151 958 2200 contra
979 2137 1145 2200 dominam
1173 2137 1350 2220 Elyzabeth
1368 2157 1446 2200 uxo·

172 2259 248 2301 rem
275 2243 399 2322 megisti
426 2242 581 2304 lobannis
606 2243 742 2322 lapicide
767 2243 872 2324 primo
896 2243 1009 2304 citatus
1034 2263 1099 2304 non
1132 2243 1323 2325 comparuit.

291 2347 367 2408 ltem
401 2349 476 2430 quia
510 2349 609 2410 Elena
643 2349 759 2410 mulier
790 2349 898 2411 relicta
931 2350 1068 2410 condam
1102 2349 1256 2412 Demetrii
1290 2350 1445 2432 magistri,

173 2472 267 2514 nunc
294 2473 424 2514 consors
448 2455 603 2516 Anthonii
629 2455 668 2516 de
684 2455 849 2534 Metblika,
875 2455 905 2515 id
931 2475 1038 2517 coram
1063 2457 1158 2516 nobis
1181 2456 1212 2516 in
1238 2455 1313 2517 sede
1337 2470 1444 2518 nostra

173 2559 350 2640 judiciaria
369 2561 451 2623 clare
468 2581 540 2623 cum
559 2561 729 2624 sufficienti
747 2563 933 2624 testimonio
950 2575 1134 2630 nostrorum
1158 2563 1340 2624 concivium
1359 2583 1445 2626 com·

172 2666 342 2746 probavit,
367 2681 401 2728 ut
424 2668 563 2750 quedam
599 2669 691 2730 vinea
725 2669 957 2730 condicionalis
981 2669 1013 2730 in
1045 2669 1205 2730 territorio
1230 2681 1339 2730 nostro
1364 2670 1446 2731 inter

171 2771 292 2833 vineas
325 2773 480 2836 Anthonii
515 2773 608 2855 jurati
641 2775 739 2836 nostri
772 2774 919 2836 moderni
951 2789 982 2836 et
1006 2775 1168 2836 Ambrosii
1202 2773 1304 2837 fratris
1335 2775 1383 2836 sui
1409 2795 1444 2838 ac

171 2877 357 2940 liberorum
391 2880 528 2942 condam
560 2880 687 2942 Nicolai
712 2879 792 2942 labri
825 2880 951 2959 habita,
983 2880 1082 2963 ipsius
1114 2880 1269 2943 Demetrii
1301 2881 1443 2962 magistri

170 2985 314 3067 juridica
339 2985 449 3048 fuisset
473 3001 505 3049 et
527 3007 682 3069 pereum
707 3007 724 3048 a
749 2985 908 3050 diuturnis
925 2987 1088 3048 retroactis
1111 2985 1311 3068 temporibus
1334 2987 1392 3048 rite
1409 2999 1441 3049 et

170 3091 337 3172 legittime
370 3105 455 3154 tenta
490 3092 600 3155 luisset
632 3107 662 3156 et
692 3113 836 3175 possessa
868 3093 999 3154 nemine
1035 3093 1163 3176 penitus
1191 3093 1442 3172 contradicente,

171 3199 358 3280 eademque
383 3199 476 3260 vinea
508 3201 579 3282 ipso
612 3199 777 3262 Demetrio
809 3201 849 3266 ab
873 3200 931 3261 hac
963 3199 1033 3260 luce
1065 3199 1195 3260 decesso
1220 3219 1315 3280 super
1340 3197 1440 3281 ipsam

172 3303 316 3365 Elenam
348 3305 491 3366 relictam
517 3303 592 3367 dicti
626 3305 780 3367 Demetrii
812 3317 978 3386 tamquam
1007 3303 1159 3366 heredem
1184 3317 1215 3366 et
1237 3305 1441 3386 superstitem

135 3463 139 3470 .
171 3410 281 3492 ipsius
304 3409 457 3472 Demetrii
484 3411 611 3473 unicam
637 3411 743 3472 vivam
768 3425 840 3492 post
863 3411 967 3493 ipsum
986 3423 1217 3489 remanentem,
1240 3411 1326 3472 iuxta
1344 3411 1442 3494 ipsius

170 3515 317 3578 civitatis
347 3518 512 3599 antiquam
545 3517 810 3580 consuetudinem
842 3531 873 3579 et
904 3517 1137 3598 privilegiatam
1162 3517 1352 3596 libertatem,
1384 3517 1441 3579 rite

171 3603 283 3685 extitit
306 3623 475 3701 devoluta3
498 3623 553 3684 sed
579 3625 654 3706 quia
678 3623 799 3706 prefata
825 3623 926 3684 Elena
950 3622 1066 3684 mulier
1091 3622 1208 3684 dictam
1234 3623 1360 3685 vineam
1385 3623 1441 3686 ali-

169 3743 336 3812 quatenus
362 3731 393 3792 in
417 3729 658 3792 desolacionem
690 3730 856 3792 devenisse
887 3731 1086 3811 perhibebat,
1120 3749 1256 3811 eamque
1282 3729 1384 3792 eciam
1408 3749 1441 3790 se

169 3837 299 3899 cultare
324 3856 389 3898 non
415 3857 507 3919 posse
533 3839 692 3900 asserebat
710 3837 764 3898 sed
781 3835 966 3898 vendicioni
991 3835 1161 3917 disponere
1179 3837 1349 3900 nitebatur.
1375 3837 1442 3898 Nos

170 3943 276 4024 igitur
300 3942 445 4004 volentes
469 3944 580 4025 pocius
605 3943 693 4024 quod
710 3941 928 4026 possessiones
951 3955 1058 4004 nostre
1083 3941 1323 4004 condicionales
1340 3944 1442 4023 magis

169 4048 289 4110 cultari
316 4067 412 4130 quam
437 4049 588 4112 desertari
613 4049 761 4126 debeant,
786 4047 922 4110 eandem
941 4048 1067 4109 vineam
1092 4047 1349 4126 condicionalem
1367 4067 1440 4110 cum

169 4155 242 4216 suis
266 4155 472 4237 pertinenciis
496 4156 600 4217 eidem
626 4155 726 4217 Elene
744 4155 870 4216 mulieri
895 4173 968 4215 cum
990 4153 1181 4215 condicione
1206 4167 1237 4216 et
1261 4173 1357 4215 censu
1382 4173 1440 4214 no·

169 4277 239 4324 stro
253 4262 419 4322 communi
434 4263 529 4324 nobis
545 4281 670 4343 semper
687 4263 726 4323 ab
743 4261 856 4324 eadem
870 4261 962 4322 vinea
980 4260 1200 4342 proveniendo
1218 4260 1347 4342 plenam
1362 4281 1437 4322 ven·

170 4367 273 4429 dendi
300 4367 468 4429 statuimus
492 4367 687 4430 facultatem.

282 4473 361 4535 ltem
386 4473 536 4536 dominus
560 4473 743 4536 Anthonius
768 4473 924 4556 plebanus
948 4473 1079 4534 ecclesie
1108 4485 1214 4534 nostre
1247 4470 1440 4554 parochialis

171 4581 259 4642 beati
288 4581 385 4641 Marci
411 4581 616 4662 ewangeliste
642 4593 749 4642 contra
775 4579 984 4641 Valentinum
1015 4593 1168 4640 sartorem
1194 4578 1298 4660 primo
1324 4577 1437 4639 citatus

170 4707 239 4748 non
270 4685 460 4768 comparuit.

282 4791 359 4854 ltem
384 4794 458 4874 quia
485 4791 684 4875 Margaretha
709 4791 819 4854 relicta
852 4791 990 4853 condam
1016 4789 1148 4870 Georgii
1181 4787 1337 4852 carnificis
1362 4789 1436 4850 dicti

172 4899 273 4961 Sulek
297 4897 355 4960 filii
373 4899 546 4978 Dominici,
564 4917 649 4960 nunc
674 4917 805 4960 consors
821 4898 913 4960 Pauli
930 4896 988 4958 filii
1007 4899 1094 4980 Myk,
1120 4898 1151 4958 id
1169 4916 1242 4958 cum
1267 4895 1437 4958 sullicienti

171 5019 204 5067 et
226 5005 393 5087 fidedigno
418 5019 601 5068 nostrorum
629 5004 809 5067 concivium
842 5004 1030 5066 testimonio
1056 5003 1090 5064 in
1123 5003 1197 5064 sede
1223 5015 1331 5064 nostra
1355 5000 1438 5084 judi-

1300 5113 1336 5152 ro
