3678 5800
591 506 677 563 Anno
700 520 790 583 1433.
816 540 860 550 —
883 519 936 582 29.
961 510 1041 570 maii.
1390 529 1445 588 ¹95

283 717 359 778 Item
387 715 564 798 Elyzabeth
597 737 676 779 uxor
702 716 836 799 Georgii
867 717 996 780 sartoris
1026 719 1122 780 tercia
1155 739 1187 780 se
1213 719 1358 802 personis
1383 720 1443 782 sibi

172 824 337 886 similibus
362 838 476 885 octavo
500 823 553 886 die
577 843 673 905 super
696 843 783 886 aram
807 838 918 886 contra
935 823 1137 886 Anthonium
1161 844 1276 888 cocum
1301 827 1333 888 in
1358 825 1446 888 lacto

173 931 259 992 milii
285 943 317 992 et
339 929 504 1012 lignorum
527 949 585 1014 per
616 929 894 1010 adjudicationem
910 929 1088 1012 juratorum
1113 929 1216 1012 jurare
1233 931 1331 994 debet
1346 951 1443 1015 super

173 1057 226 1116 eo,
251 1050 287 1098 ut
311 1037 379 1119 ipsa
403 1035 531 1098 nullum
556 1035 684 1098 milium
716 1055 775 1098 nec
798 1036 887 1118 ligna
915 1037 1014 1119 ipsius
1046 1037 1202 1100 Anthonii
1226 1039 1441 1100 subtraxisset.

282 1142 360 1204 Item
386 1142 534 1223 quamvis
550 1145 645 1203 Anna
669 1141 734 1204 filia
751 1142 889 1204 condam
914 1143 1044 1204 Andree
1061 1143 1100 1205 de
1117 1143 1336 1228 Zobothycza,
1353 1164 1447 1207 soror

172 1247 284 1328 junior
309 1248 447 1309 condam
472 1247 603 1330 Mathye
629 1247 842 1331 dicti-Zupan
867 1261 897 1312 et
913 1249 1020 1310 senior
1037 1249 1192 1312 Johannis
1216 1269 1252 1312 ac
1277 1249 1444 1313 Michaelis

173 1353 317 1416 filiorum
343 1355 487 1416 eiusdem
512 1354 652 1434 Andree,
677 1366 708 1416 et
729 1355 876 1418 similiter
903 1375 994 1418 soror
1017 1355 1125 1438 junior
1148 1357 1327 1440 Elyzabeth
1351 1357 1444 1420 aliter

173 1461 286 1522 Marka
318 1473 429 1523 vocate
460 1462 493 1523 in
525 1461 756 1542 prosecutione
789 1462 1003 1544 quarumdam
1036 1462 1275 1545 possessionum
1308 1477 1339 1525 et
1369 1481 1443 1545 por·

174 1567 309 1630 tionum
341 1568 682 1650 possessionariarum,
714 1567 865 1630 videlicet
896 1567 1016 1650 (hjorti,
1047 1582 1130 1632 terre
1162 1570 1292 1632 arabilis
1315 1570 1439 1652 predic-

171 1689 282 1736 torum
314 1674 445 1758 Mathye
480 1675 605 1756 Zupani
637 1689 667 1736 et
702 1674 857 1736 Johannis
892 1695 928 1738 ac
963 1673 1129 1738 Michaelis
1164 1674 1306 1738 filiorum
1342 1677 1441 1759 ipsius

173 1780 316 1860 Andree,
348 1781 381 1842 in
412 1781 568 1843 suburbio
593 1796 624 1842 et
654 1781 815 1843 territorio
847 1782 983 1843 civitatis
1014 1781 1155 1864 predicte
1187 1781 1288 1845 habiti
1315 1796 1346 1844 et
1378 1783 1442 1844 exi·

173 1887 296 1966 stentis,
322 1887 408 1969 ipsos
431 1887 582 1950 videlicet
600 1887 763 1970 Mathyam
789 1901 820 1950 et
836 1887 1017 1950 Johannem
1034 1907 1070 1950 ac
1095 1887 1289 1950 Michaelem
1306 1887 1441 1968 juridice

172 2007 205 2054 ct
231 1993 406 2055 literatorie
430 1993 664 2072 concernentis,
695 2015 732 2054 ex
757 2014 796 2056 eo
828 1994 904 2076 quia
937 1994 1004 2077 ipsa
1028 1999 1122 2056 Anna
1147 1997 1186 2056 ab
1211 1995 1270 2056 hac
1295 1995 1367 2057 luce
1388 1994 1443 2056 de-

172 2101 304 2162 cessisse
329 2100 526 2183 perhibetur,
550 2121 606 2182 per
629 2098 785 2182 prefatam
805 2101 983 2183 Elyzabeth
1007 2100 1118 2162 Marka
1142 2100 1273 2180 dictam,
1296 2120 1439 2164 sororem

172 2206 272 2287 ipsius
304 2210 398 2267 Anne
431 2206 590 2267 seniorem
620 2219 652 2267 et
679 2225 735 2288 per
768 2205 1002 2286 Margaretham
1034 2207 1178 2269 relictam
1203 2226 1246 2270 ,ac
1271 2207 1441 2285 Marinam,

171 2316 302 2372 Annam
328 2325 359 2373 et
379 2311 527 2373 similiter
552 2311 786 2393 Margaretham
810 2311 892 2375 filias
915 2311 1029 2396 prefati
1056 2313 1175 2376 Mathai
1204 2314 1316 2397 Zupan
1342 2313 1440 2374 dene-

173 2433 245 2499 gata
273 2419 376 2480 extitit
400 2418 432 2479 in
456 2418 578 2500 judicio
602 2438 710 2480 coram
731 2419 835 2498 nobis,
860 2431 891 2480 et
907 2420 1055 2501 quamvis
1072 2420 1241 2502 porciones
1266 2419 1441 2502 possessio·

172 2525 261 2586 narie
285 2523 483 2607 prelatorum
507 2525 662 2587 Johannis
687 2539 717 2588 et
745 2525 912 2587 Michaelis
936 2527 1082 2588 intestato
1107 2539 1138 2587 et
1161 2527 1193 2586 in
1218 2539 1328 2588 tenera
1353 2538 1436 2587 etate

172 2653 286 2694 eorum
312 2634 352 2694 ab
376 2633 435 2694 hac
458 2633 530 2694 luce
558 2632 789 2694 decedentium
814 2633 845 2693 in
871 2631 1022 2714 predictis
1045 2631 1164 2714 (hjorto
1189 2645 1220 2694 et
1242 2645 1325 2694 terra
1350 2633 1437 2714 ipsos

168 2737 240 2820 jure
266 2739 444 2822 emptionis
467 2739 905 2818 literatorie*concernentes,
937 2739 1088 2820 predictis
1120 2739 1298 2822 Elyzabeth
1324 2738 1434 2801 Marke

172 2845 257 2906 dicte
284 2859 315 2907 et
338 2845 538 2926 Margarethe
570 2846 679 2907 relicte
711 2837 747 2906 ac
780 2845 914 2924 Marine,
939 2847 1031 2906 Anne
1065 2857 1095 2906 et
1119 2845 1209 2907 alteri
1235 2845 1436 2926 Margarethe

170 2971 207 3014 ex
234 2972 348 3014 eorum
373 2953 644 3034 comprobatione
669 2971 776 3014 coram
798 2952 892 3013 nobis
908 2951 939 3012 in
964 2950 1086 3033 judicio
1103 2951 1196 3030 facta,
1220 2971 1277 3034 per
1301 2972 1360 3013 nos
1376 2965 1437 3014 sta·

168 3072 236 3120 tute
261 3071 362 3139 erant,
387 3073 496 3121 tamen
527 3059 603 3140 quia
637 3058 749 3120 eadem
775 3061 879 3135 Anna,
913 3056 1045 3119 heredes
1077 3057 1226 3120 videlicet
1251 3059 1383 3120 Petrum
1407 3077 1441 3128 et

169 3151 335 3226 Thornam
360 3163 444 3225 filios
468 3176 499 3226 et
516 3163 693 3246 Elyzabeth
719 3184 755 3226 ac
779 3163 915 3224 Elenam
934 3161 1014 3224 filias
1038 3164 1216 3244 repperitur
1233 3163 1381 3226 habuisse
1400 3182 1437 3224 ex

169 3285 290 3349 acerto,
314 3282 411 3352 prout
434 3270 574 3352 idipsum
599 3271 753 3332 veraciter
777 3269 891 3331 rescire
924 3269 1089 3351 potuimus
1122 3270 1380 3352 etinvestigare,
1406 3283 1437 3332 et

168 3378 245 3458 quia
271 3377 553 3439 consvetudinaria
578 3376 629 3438 lex
646 3391 677 3439 et
698 3377 896 3459 privilegiata
914 3376 1045 3438 libertas
1069 3389 1175 3438 nostra
1200 3377 1294 3438 nobis
1317 3376 1436 3440 aditis

169 3485 300 3565 regibus
325 3483 492 3565 Hungarie
517 3483 619 3545 felicis
642 3482 879 3546 recordacionis
910 3482 1034 3544 indulta
1059 3495 1090 3544 et
1121 3484 1297 3564 approbata
1323 3482 1355 3544 id
1381 3502 1437 3544 ex·

167 3591 272 3672 poscit
297 3603 328 3651 et
351 3591 495 3672 requirit,
520 3603 555 3651 ut
578 3602 650 3672 post
674 3589 798 3651 obitum
820 3588 991 3650 cuiuslibet
1015 3589 1161 3650 intestate
1186 3587 1370 3651 decedentis
1395 3589 1435 3649 ab

167 3699 226 3761 hac
251 3698 324 3759 luce
348 3697 566 3780 possessiones
590 3711 621 3759 et
648 3697 818 3779 porciones
842 3694 1090 3777 possessionarie
1107 3713 1165 3756 seu
1182 3695 1266 3756 bona
1291 3694 1436 3776 quelibet

166 3805 239 3866 talis
277 3804 416 3869 intestati
451 3822 547 3885 super
582 3803 749 3865 universos
783 3801 934 3881 heredes,
970 3799 1083 3862 affines
1115 3814 1146 3862 et
1178 3801 1437 3882 consanguineos

166 3909 314 3972 eiusdem
339 3910 477 3971 intestati
495 3908 710 3972 condescendi
728 3909 847 3970 debent
867 3921 897 3970 et
914 3907 1099 3986 redundari,
1123 3906 1263 3988 ideoque
1288 3925 1346 3967 nos
1363 3925 1436 3986 pre·

165 4017 269 4078 dictas
293 4016 463 4098 porciones
487 4017 630 4099 ipsorum
663 4016 817 4078 Johannis
849 4028 880 4076 et
912 4012 1090 4092 Michaelis,
1115 4014 1199 4096 ipsos
1229 4013 1261 4074 in
1286 4012 1435 4095 predictis

164 4123 288 4205 (h)orto
314 4135 345 4184 et
369 4135 450 4185 terra
476 4122 610 4204 juridice
635 4135 863 4184 concernentes
879 4141 953 4183 cum
976 4120 1042 4182 suis
1066 4119 1258 4181 utilitatibus
1282 4132 1313 4180 et
1336 4118 1433 4200 perti-

164 4229 293 4292 nenciis
317 4229 484 4308 universis,
509 4229 661 4310 predictis
685 4227 862 4311 Elyzabeth
880 4228 971 4290 aliter
996 4227 1106 4288 Marka
1123 4225 1206 4287 dicte
1232 4237 1262 4287 et
1287 4225 1380 4286 Petro
1397 4244 1434 4286 ac

164 4335 298 4398 Thome
323 4334 398 4396 filiis
423 4355 458 4396 ac
484 4334 662 4418 Elyzabeth
687 4348 717 4396 et
740 4335 840 4396 Eleae
864 4333 992 4395 filiabus
1016 4331 1137 4416 prefate
1162 4335 1265 4410 Anne,
1291 4351 1347 4413 per
1364 4350 1434 4392 eos-

165 4443 309 4523 demque
334 4441 477 4524 ipsorum
511 4441 683 4503 heredibus
714 4459 770 4522 per
802 4441 945 4502 medium
970 4459 1026 4500 seu
1059 4437 1166 4520 quoad
1191 4457 1287 4499 unam
1312 4437 1434 4498 medie-

165 4563 277 4627 tatem,
302 4567 359 4630 per
382 4547 527 4610 medium
552 4560 658 4608 autem
685 4559 715 4608 et
747 4547 855 4627 quoad
886 4546 983 4607 aliam
1016 4545 1220 4606 medietatem
1246 4543 1432 4606 earumdem

171 4655 365 4736 portionum
383 4653 526 4736 ipsorum
552 4652 706 4715 iohannis
723 4665 754 4713 et
782 4651 947 4713 Michaelis
964 4651 995 4712 in
1021 4649 1150 4733 prelatis
1167 4649 1284 4732 (h)orto
1303 4663 1334 4710 et
1351 4662 1432 4712 terra

170 4747 255 4842 ipsos
280 4759 414 4841 juridice
439 4771 474 4821 ut
497 4759 671 4842 predicitur
692 4758 971 4836 concernentium,
1004 4755 1133 4839 prelatis
1159 4755 1359 4837 Margarethe
1384 4775 1432 4815 re-,

169 4867 242 4928 litte
267 4879 298 4927 et
322 4867 445 4927 Marius
470 4885 505 4927 ac
528 4870 621 4926 Anne
644 4885 702 4926 nec
726 4885 791 4926 non
817 4863 1017 4945 Margarethe
1050 4863 1176 4924 filiabus
1200 4861 1276 4923 dicti
1302 4859 1431 4941 Mathye

171 4973 280 5055 Zupan
302 4994 342 5034 -ac
366 4993 422 5056 per
447 4993 499 5034 eas
527 4974 665 5055 ipsarum
692 4969 863 5034 heredibus
894 4971 1063 5032 statuimus
1095 4983 1125 5032 et
1150 4967 1370 5031 commisimus
1394 4986 1431 5028 ex

1314 5069 1327 5096 Ι
