3852 5820
612 574 700 632 Anno
723 584 812 649 1415.
835 605 880 618 -
903 583 952 647 15.
975 573 1144 634 novmbeis.
1464 591 1501 652 ²5

240 807 323 848 nunc
347 799 482 848 venture
506 799 595 848 sexto
625 804 658 847 se
690 785 835 867 personis
866 785 931 847 suis
963 785 1149 846 concivibus
1181 785 1212 846 in
1243 784 1376 847 ecclesia
1400 785 1501 847 sancti

242 892 340 954 Marci
364 904 476 954 contra
500 905 646 974 parentes
662 888 776 973 prelati
801 888 959 952 interfecti
982 909 1077 972 super
1101 909 1140 952 eo
1156 889 1373 971 juramentum
1398 891 1496 973 depo·

242 1017 316 1060 nere
337 1010 496 1078 teneatur,
520 1009 555 1060 ut
578 996 701 1080 ipsein
725 1009 829 1058 morte
853 995 929 1058 dicti
953 995 1117 1058 Benedicti
1144 995 1299 1058 innocens
1321 997 1362 1058 sit
1386 1009 1417 1058 et
1441 996 1499 1058 iru-

242 1103 365 1181 munis;
388 1103 505 1165 seriem
521 1103 622 1166 eciam
636 1102 735 1186 ipsius
751 1101 933 1184 juramenti,
956 1100 1077 1184 juratus
1093 1121 1201 1164 coram
1225 1121 1291 1184 quo
1308 1101 1500 1186 deponetur,

241 1210 334 1272 nobis
356 1221 503 1272 teneatur
526 1210 668 1272 recitare.

280 1375 377 1450 Faria
405 1384 504 1450 sexta
531 1379 687 1468 proxima
714 1383 793 1448 ante
820 1376 944 1449 festum
971 1375 1062 1448 beati
1090 1376 1228 1448 llnrtlni
1256 1378 1400 1466 episcopi
1428 1382 1463 1448 et

763 1499 976 1572 contessoris.

745 1629 792 1710 (8.
816 1634 998 1709 novembris).

342 1775 421 1838 ltem
446 1773 626 1858 Stephanus
650 1772 759 1837 Kneht
781 1773 924 1836 secundo
948 1773 1061 1836 citatus
1085 1787 1195 1836 contra
1220 1772 1424 1837 Clementem
1452 1791 1503 1834 su·

239 1897 340 1945 torem
366 1902 432 1944 non
457 1880 647 1961 comparuit.

344 1989 423 2050 ltem
447 1986 595 2071 Mychael
613 1984 883 2070 Gyurgelrouiche
900 1999 1010 2048 contra
1034 1985 1111 2048 luan
1129 1985 1236 2068 Herga
1261 1985 1366 2069 primo
1392 1983 1506 2046 citatus

241 2115 306 2158 non
332 2094 522 2178 comparuit.

347 2201 425 2263 ltem
451 2200 562 2262 Petrus
584 2198 734 2283 Fudrych
758 2211 868 2262 contra
892 2199 1109 2260 Laurencium
1134 2197 1312 2260 institorem
1337 2197 1442 2280 primo
1462 2195 1505 2258 ci·

241 2323 325 2372 tatus
349 2328 414 2371 non
440 2308 631 2390 comparuit.

346 2415 426 2477 ltem
443 2433 571 2476 causam
589 2412 722 2494 Georgii
739 2425 769 2475 et
785 2411 948 2475 Valentini
965 2411 1004 2474 ad
1021 2409 1284 2495 respondendum
1303 2409 1343 2471 ad
1361 2409 1502 2492 primurn

242 2521 645 2618 judiciumtprorogarunt.

345 2627 424 2689 ltem
442 2626 564 2689 Stanko
588 2625 804 2708 carpentarius
828 2637 937 2687 contra
951 2623 1093 2686 Blasium
1117 2624 1237 2704 Purgar
1261 2621 1366 2704 primo
1391 2622 1506 2684 citatus

243 2753 307 2796 non
331 2733 521 2816 comparuit.

347 2839 427 2902 ltem
460 2838 563 2900 Katha
595 2837 726 2920 Pykuch
762 2837 794 2898 in
826 2835 910 2898 lacto
942 2835 1156 2918 quarumdam
1188 2854 1294 2897 rerum
1327 2833 1503 2897 ablacionia

243 2959 351 3008 contra
376 2944 508 3007 Prelech
532 2945 629 3007 tercia
653 2964 687 3006 se
718 2944 863 3027 personis
894 2955 1008 3006 octavo
1033 2942 1084 3005 die
1116 2941 1332 3026 jurameutum
1364 2953 1503 3024 prestare

241 3065 366 3114 tenetur
390 3071 485 3134 super
509 3069 559 3129 eo,
584 3062 619 3112 ut
642 3050 711 3132 ipsa
734 3049 889 3112 innocens
913 3049 952 3111 sit
976 3061 1007 3112 et
1031 3047 1193 3112 immunis.

346 3159 426 3220 ltem
449 3157 635 3219 Anthonius
650 3155 735 3218 filius
752 3156 896 3218 eiusdem
920 3155 1051 3218 domine
1068 3153 1171 3217 Kathe
1188 3152 1272 3216 iacto
1297 3154 1330 3215 in
1347 3153 1504 3237 premiaco

242 3285 346 3348 supra,
370 3265 470 3326 tercio
496 3283 529 3324 se
553 3263 699 3346 personis
722 3276 833 3326 contra
856 3261 1016 3344 prelatum
1040 3259 1173 3323 Prelech
1193 3259 1409 3342 juramentum
1433 3279 1502 3343 pre·

243 3384 323 3432 stare
346 3383 474 3432 tenetur
496 3389 592 3452 super
615 3388 654 3431 eo
679 3382 713 3430 ut
738 3369 805 3452 ipse
830 3369 984 3430 innocens
1007 3368 1047 3430 sit
1070 3381 1101 3429 et
1125 3367 1289 3430 immunis.

346 3476 426 3538 ltem
457 3481 585 3555 Agnesa
616 3493 748 3537 consors
780 3472 899 3536 mathei
930 3473 1096 3557 piscatoris
1127 3473 1195 3535 sola
1220 3493 1275 3535 sua
1309 3473 1340 3533 in
1365 3491 1501 3554 persona

244 3597 352 3646 contra
378 3583 543 3644 dominam
568 3581 711 3644 relictam
736 3580 821 3644 lwan
846 3580 1020 3662 Ozmouog
1044 3599 1142 3663 penes
1159 3579 1288 3661 vagium
1313 3591 1427 3641 octavo
1452 3577 1503 3638 die

245 3689 462 3770 juramentum
486 3701 625 3771 prestare
648 3701 774 3749 tenetur
797 3688 829 3748 in
854 3705 904 3765 eo,
936 3685 1024 3768 quod
1047 3686 1114 3767 ipsa
1138 3689 1268 3766 Agnesa
1293 3703 1358 3746 non
1376 3685 1415 3746 ab
1439 3684 1506 3767 ipsa

244 3796 353 3858 relicta
371 3793 448 3856 lusu
466 3793 597 3856 nomine
621 3791 724 3854 mutui
749 3811 815 3854 non
839 3791 960 3870 habuit,
974 3791 1030 3854 sed
1054 3789 1268 3874 aElyzabeth
1286 3789 1350 3852 filia
1370 3789 1509 3873 Myndos

243 3903 374 3964 nornine
407 3899 654 3982 inpignorsticio
685 3919 744 3981 pro
773 3917 827 3960 sex
859 3898 965 3981 pensis
997 3897 1203 3959 denariorum
1235 3895 1411 3978 quamdam
1443 3896 1506 3958 cla-

243 4007 362 4070 midem
387 4027 459 4069 cum
484 4005 652 4088 pulvinare
677 4025 742 4066 uuo
767 4017 798 4066 et
822 4023 887 4066 uno
911 4003 1114 4085 manutergio
1139 4003 1310 4066 habuisset.

350 4113 428 4174 ltem
461 4112 537 4193 quia
567 4111 759 4174 Valentinus
789 4123 820 4172 et
851 4111 962 4172 Petrus
986 4111 1019 4172 in
1050 4110 1193 4192 quodam
1226 4109 1378 4171 incendio
1411 4107 1506 4170 unius

243 4218 367 4281 kouche
392 4219 525 4280 vinealis
548 4230 579 4278 et
602 4217 741 4278 aliorum
769 4216 992 4279 clenodiorum
1010 4215 1186 4278 vinealium
1202 4236 1238 4278 ac
1265 4215 1360 4277 musti
1390 4214 1506 4296 reperti

244 4323 383 4405 luerunt,
407 4323 482 4386 ideo
512 4337 578 4386 tam
603 4322 746 4406 Georgio
777 4323 881 4406 jurato
913 4324 1004 4386 cuius
1028 4323 1152 4386 lroucha
1184 4322 1244 4385 luit
1280 4342 1378 4404 quarn
1402 4321 1507 4384 Kathe

244 4429 396 4514 Petrycha
419 4441 533 4492 vocate
557 4449 616 4513 pro
640 4429 723 4492 vicio
747 4428 929 4492 satisfacere
952 4443 1132 4492 teneantur.

286 4593 384 4668 leria
412 4604 511 4668 sexta
539 4597 694 4686 proxima
723 4603 801 4686 post
828 4596 950 4669 festum
978 4597 1069 4669 beati
1098 4595 1221 4668 Briccll
1255 4597 1399 4686 episcopi
1428 4603 1462 4668 et

773 4720 985 4792 confessoris.

741 4869 805 4952 (15.
829 4873 1011 4948 novembris).

350 5013 430 5075 ltem
451 5013 527 5094 quia
552 5013 671 5075 Paulus
694 5011 797 5075 dictus
822 5011 931 5096 Geryg
963 5025 1070 5076 noster
1094 5012 1235 5076 concivis
1259 5013 1292 5074 in
1317 5009 1401 5076 facto
1426 5012 1506 5075 inte·

248 5119 438 5202 rempcionis
462 5118 627 5182 Benedicti
652 5117 728 5181 dicti
746 5117 870 5201 Drugas
894 5119 993 5181 nostri
1010 5117 1157 5181 similiter
1180 5118 1323 5182 concivis
1345 5117 1431 5202 juata
1449 5117 1506 5181 ad-
