3734 5796
563 573 649 630 Anno
672 586 762 650 1437.
787 606 830 616 -
853 587 904 634 22.
921 572 1075 648 junuarii.
1396 572 1455 650 265

192 784 245 846 vel
270 784 347 845 citra
366 797 396 845 et
420 803 522 865 usque
540 803 626 846 nunc
642 785 790 846 detentus
808 785 983 846 maximum
1006 783 1104 866 frigus
1121 798 1151 846 et
1177 783 1294 850 lumem
1319 805 1354 845 ac
1372 785 1456 846 sirim

192 909 361 971 perpessus
378 903 435 967 est,
459 905 490 952 et
514 891 589 972 quia
607 891 709 952 eciam
734 911 790 972 per
808 891 915 973 plures
936 893 1056 972 probos
1073 905 1103 952 ct
1120 889 1301 972 fidedignos
1325 911 1360 952 ac
1377 892 1458 973 ydo-

192 1015 272 1056 neos
295 997 380 1057 viros
403 1015 462 1079 pro
487 1016 526 1058 eo
550 997 644 1058 nobis
666 998 880 1080 supplicatum
905 998 1011 1058 taliter
1037 998 1149 1076 extitit,
1173 1011 1208 1058 ut
1232 1017 1325 1059 causa
1350 998 1401 1058 dei
1427 1011 1459 1058 et

191 1103 262 1162 eius
284 1103 448 1183 genitricis
471 1103 605 1185 virginis
629 1104 729 1165 Marie
754 1104 814 1165 sibi
833 1104 1086 1164 miscricordiam
1112 1101 1213 1164 lacere
1239 1103 1458 1184 dignaremur,

191 1228 251 1291 pro
277 1228 399 1271 conos
430 1229 524 1272 causa
556 1211 607 1271 dei
633 1224 664 1272 et
696 1211 764 1272 eius
799 1211 970 1290 genetricis
1003 1211 1136 1291 virginis
1162 1210 1261 1272 Marie
1286 1209 1345 1269 sibi
1371 1209 1458 1269 vide-

190 1316 266 1377 licet
291 1315 385 1377 Petro
408 1317 514 1378 taliter
538 1317 791 1378 misericordiam
821 1331 851 1378 et
883 1317 1022 1396 graciam
1057 1314 1190 1376 fecimus
1214 1315 1397 1398 specialem,
1423 1329 1457 1376 ut

192 1422 259 1504 ipse
292 1423 404 1484 Petrus
435 1443 529 1484 causa
552 1422 602 1483 dei
631 1435 663 1485 et
693 1423 762 1484 eius
792 1424 954 1503 genitricis
983 1442 1018 1482 ac
1051 1423 1210 1484 dictorum
1242 1422 1385 1482 virorum
1413 1422 1455 1482 ob

192 1543 386 1611 respectum,
409 1544 474 1592 tam
500 1530 531 1591 in
557 1530 639 1592 dicte
670 1531 795 1592 civitate
821 1543 851 1590 et
883 1530 951 1590 eius
978 1529 1139 1590 territorio
1171 1548 1268 1609 quum
1293 1528 1371 1588 alias
1403 1527 1457 1588 ubi

192 1637 263 1718 ipse
288 1636 449 1716 maluerit,
473 1635 604 1698 honeste
631 1651 660 1698 et
677 1638 764 1698 bono
786 1635 885 1697 modo
902 1635 1042 1717 predicta
1065 1635 1147 1696 mala
1165 1654 1221 1694 sua
1246 1632 1326 1694 lacta
1345 1633 1459 1696 debeat

192 1741 345 1804 deflendo
369 1761 556 1824 permanere
581 1757 611 1804 et
635 1743 674 1803 de
697 1743 857 1804 similibus
893 1755 948 1802 aut
972 1741 1042 1802 aliis
1074 1739 1239 1801 maleficiis
1263 1759 1296 1800 se
1321 1740 1458 1820 amplius

193 1848 416 1930 permanendo
448 1849 575 1930 penitus
606 1869 794 1931 precavere;
818 1848 873 1930 qui
905 1847 930 1908 si
964 1847 1003 1907 de
1028 1859 1134 1908 cetero
1167 1845 1197 1906 in
1223 1845 1382 1906 similibus
1406 1859 1460 1906 aut

192 1954 265 2015 aliis
289 1952 454 2015 maleficiis
478 1954 695 2035 deprehensus
719 1953 825 2033 fucrit,
849 1953 935 2036 juxta
959 1972 1016 2014 sua
1042 1952 1194 2014 demerita
1220 1971 1336 2034 penam
1361 1970 1457 2032 quam

192 2059 389 2121 demeruerit
413 2074 638 2142 consequetur.
