3734 5796
594 548 682 608 Anno
707 545 799 626 1438.
823 583 868 593 -
884 565 940 626 31.
962 552 1090 611 octobres.
1406 573 1463 634 291

199 759 357 820 universis
374 758 498 841 prelato
525 759 662 822 Johanni
679 759 747 822 filio
772 762 915 843 ipsorum
935 762 1118 824 Mathkonis
1139 776 1169 824 et
1195 763 1325 824 domine
1350 765 1467 848 Elyza·

200 864 275 926 beth
301 885 338 925 ac
364 885 420 947 per
445 886 517 926 eum
542 867 607 927 suis
632 866 803 928 heredibus
824 869 993 930 statuimus
1017 889 1054 930 ex
1072 869 1232 950 premissis
1256 885 1412 952 perpetuo
1437 884 1468 932 et

202 972 454 1033 irrevocabiliter
467 972 694 1054 possidendam
705 987 735 1035 et
748 973 1056 1056 quomodocumque
1069 975 1208 1036 voluerit
1221 975 1466 1058 disponendam.

310 1079 387 1140 ltem
413 1080 580 1142 Emericus
603 1079 688 1141 filius
713 1081 809 1158 Luce,
842 1081 986 1160 claudus,
1019 1081 1128 1142 citavit
1153 1081 1347 1164 Gregorium
1372 1083 1467 1144 Wre·

201 1184 338 1265 charich,
363 1186 419 1266 qui
446 1185 621 1269 Gregorius
645 1186 778 1248 minime
810 1186 850 1248 ad
881 1185 1040 1268 justiciam
1069 1187 1167 1269 ipsius
1192 1188 1332 1249 Emerici
1358 1189 1463 1271 primo

201 1292 314 1353 citatus
337 1312 403 1353 non
428 1293 619 1371 comparuit.

305 1397 382 1460 Item
408 1399 564 1460 Martinus
588 1413 689 1460 sartor
711 1413 820 1460 contra
846 1418 979 1462 uxorem
997 1401 1215 1463 Bartholomei
1241 1401 1401 1482 vitriparis
1418 1421 1465 1463 se-

201 1503 307 1565 cundo
332 1505 447 1567 citatus
471 1525 537 1566 non
561 1505 752 1587 comparuit.

309 1609 387 1670 Item
404 1610 559 1671 Nicolaus
574 1624 675 1672 sartor
692 1625 801 1673 contra
816 1612 1021 1674 Leonardum
1040 1612 1304 1676 Theuthonicum
1322 1613 1466 1676 secundo

201 1715 314 1776 citatus
338 1736 404 1778 non
430 1717 621 1799 comparuit.

308 1823 386 1884 ltem
411 1822 504 1904 jurati
530 1823 805 1904 adjudicaverunt,
829 1823 918 1904 quod
948 1843 1043 1906 super
1067 1837 1329 1907 quantocumque
1353 1826 1463 1888 valore

203 1929 342 1990 Jacobus
366 1929 461 2010 judex
485 1929 637 2010 juraverit
664 1943 820 2011 quantum
851 1930 969 1991 valoris
994 1929 1054 1993 fuit
1076 1933 1232 2014 pabulum
1256 1952 1350 1994 suum
1374 1934 1463 2014 quod

200 2033 377 2116 depastavit
407 2035 468 2096 sibi
493 2035 612 2097 Paulus
637 2036 829 2114 Salkowich,
854 2036 958 2118 ipsum
987 2038 1142 2119 pabulum
1168 2039 1360 2120 depascavit,
1385 2052 1462 2100 tunc

200 2141 347 2222 deposito
372 2142 441 2224 ipso
466 2141 656 2220 juramento,
674 2143 741 2224 ipse
767 2142 885 2204 Paulus
908 2144 1051 2205 valorem
1069 2145 1167 2226 ipsius
1193 2145 1302 2227 pabuli
1326 2145 1387 2206 sibi
1416 2164 1465 2206 re-

199 2245 333 2308 fundere
358 2262 389 2310 et
417 2248 599 2330 persolvere
622 2249 791 2310 tenebitur.

305 2354 383 2415 Item
415 2353 533 2434 jurabit
558 2354 709 2416 Clemens
740 2354 878 2417 carnifex
911 2355 994 2417 filius
1019 2357 1185 2418 Michaelis
1216 2370 1304 2419 sexto
1335 2378 1367 2418 se
1391 2377 1464 2439 per·

199 2460 287 2520 sonis
311 2461 371 2521 sibi
396 2461 556 2522 similibus
580 2474 689 2522 contra
713 2460 914 2522 Anthonium
939 2461 1119 2523 carnificem
1142 2483 1238 2545 super
1262 2483 1349 2524 aram
1374 2483 1464 2525 more

201 2579 399 2646 treugarum,
424 2579 458 2627 ut
482 2567 541 2648 ipsi
567 2567 729 2648 panniculi
755 2587 836 2648 quos
867 2568 1027 2649 predictus
1051 2568 1235 2630 Anthonius
1265 2569 1405 2631 carnifex
1430 2569 1463 2631 in

200 2674 275 2734 cista
301 2693 356 2735 sua
383 2674 548 2734 invenerat
573 2693 645 2734 cum
679 2674 755 2756 ipsis
785 2676 929 2756 pecuniis
958 2675 1076 2756 quein
1104 2677 1148 2737 eis
1180 2674 1310 2738 luerunt
1333 2689 1364 2737 et
1388 2696 1461 2738 curn

199 2780 268 2861 ipso
300 2777 369 2841 flor.
400 2779 455 2860 qui
489 2780 521 2840 in
546 2781 591 2841 eis
622 2781 771 2842 inventus
802 2779 871 2860 fuit,
896 2781 995 2862 ipsius
1020 2781 1197 2843 Clementis
1230 2781 1302 2862 justi
1332 2796 1363 2844 et
1394 2782 1460 2844 veri

199 2883 337 2947 luerunt.

303 2991 381 3051 ltem
407 2990 500 3071 jurati
524 2990 799 3072 adjudicaverunt,
824 2991 911 3073 quod
936 3012 1031 3074 super
1062 3007 1325 3075 quantocumque
1349 2993 1458 3056 valore

198 3095 317 3176 juravit
341 3097 431 3158 Jurse
460 3097 598 3158 carnifex
636 3098 710 3178 equi
742 3099 791 3159 sui
816 3111 847 3159 et
876 3118 1087 3180 expensarum
1118 3119 1259 3178 suarum,
1292 3119 1371 3181 quas
1395 3101 1462 3182 ipse

199 3201 275 3263 lecit
299 3202 330 3263 in
360 3204 589 3285 prosecucione
614 3203 712 3285 ipsius
737 3205 810 3284 equi
835 3205 895 3282 sui,
920 3225 1016 3285 quem
1046 3205 1219 3288 Dyonisius
1243 3205 1327 3266 filius
1345 3205 1462 3288 Mykch

198 3309 238 3370 de
266 3308 455 3392 Grabrychy
479 3310 538 3371 sibi
565 3310 673 3372 illicite
705 3310 828 3391 justicia
853 3331 869 3371 a
894 3311 988 3371 nobis
1016 3331 1081 3372 non
1106 3312 1265 3394 postulata
1289 3326 1461 3394 receperat,

198 3428 230 3476 et
247 3415 326 3476 dum
350 3415 512 3497 juraverit,
536 3431 612 3477 tunc
643 3416 711 3498 ipse
743 3416 917 3499 Dyonisius
942 3417 999 3499 ipsi
1026 3418 1114 3478 Jurse
1146 3431 1249 3478 totum
1283 3418 1460 3501 dampnum

200 3521 383 3603 persolvere
408 3522 579 3584 tenebitur.

280 3739 375 3812 Feria
404 3747 502 3813 sexta
532 3745 564 3812 in
592 3745 710 3831 vigilia
739 3743 868 3816 scilicet
889 3745 966 3816 lesti
997 3741 1150 3816 Omnium
1179 3753 1384 3818 sanctorum.

722 3899 782 3974 (31.
807 3896 948 3972 octobris).

305 4033 382 4094 Item
402 4033 593 4096 Dominicus
615 4035 729 4097 Costes
752 4048 862 4098 contra
879 4037 1080 4099 Anthonium
1105 4037 1286 4100 carnificem
1303 4039 1461 4102 decanum

197 4141 304 4222 primo
329 4140 444 4201 citatus
467 4159 532 4202 non
557 4143 745 4224 comparuit.

305 4247 383 4309 ltem
419 4247 610 4310 Dominicus
646 4249 766 4330 juratus
797 4263 905 4312 contra
941 4250 1143 4312 Clementem
1181 4271 1336 4332 generum
1368 4272 1463 4314 suum

197 4353 341 4415 secundo
366 4354 480 4416 citatus
502 4375 568 4416 non
593 4356 784 4437 comparuit.

308 4459 386 4521 Item
411 4461 513 4522 Lucas
538 4460 680 4523 Croacus
697 4475 805 4523 contra
832 4462 1030 4546 Stephanum
1055 4464 1205 4546 Bosnyak
1229 4465 1333 4547 primo
1351 4465 1464 4526 citatus

198 4585 265 4628 uon
290 4567 480 4647 comparuit.

308 4671 385 4732 ltem
413 4671 523 4734 Petrus
546 4685 635 4735 sutor
659 4673 781 4754 Pogled
814 4687 923 4735 contra
949 4675 1162 4738 Laurencium
1193 4688 1335 4738 sutorem
1359 4675 1463 4758 primo

198 4779 315 4840 citatus
338 4798 403 4839 non
428 4780 618 4861 comparuit.

308 4885 385 4946 Item
418 4905 545 4946 causam
579 4905 678 4967 quam
710 4887 846 4948 Michael
882 4886 1021 4966 frenipar
1049 4903 1159 4950 contra
1192 4889 1391 4950 Demetrium
1417 4888 1463 4970 ju-

198 5003 303 5052 ratum
329 5011 436 5052 coram
462 4992 554 5053 nobis
579 5012 664 5054 nunc
687 5012 818 5054 movere
850 4993 987 5054 debebat
1011 5007 1041 5054 et
1072 4995 1232 5073 movebat,
1257 4995 1296 5056 ad
1320 4995 1462 5076 primum

1346 5096 1359 5123 t
