3734 5796
460 529 523 612 276
823 531 1021 608 Ann01437.
1045 563 1087 574 -
1110 543 1163 606 29.
1187 530 1355 591 novembris.

460 739 566 822 dignis
591 754 622 802 et
644 741 755 824 probis
785 741 861 802 viris
893 753 1098 804 conversatus
1130 738 1252 818 luisset,
1282 752 1359 802 tunc
1389 759 1515 822 semper
1539 740 1637 802 dicere
1656 739 1700 801 ha·

460 846 582 909 buisset
606 861 638 909 et
662 848 701 910 de
726 845 809 910 facto
834 848 961 910 locutus
984 845 1105 926 luisset,
1128 860 1164 908 ut
1188 847 1351 908 universas
1368 847 1593 928 possessiones,
1615 865 1657 907 res
1677 859 1701 906 et

460 953 545 1015 bona
570 973 627 1016 sua
652 953 684 1014 in
709 954 836 1016 civitate
860 955 1001 1036 predicta
1018 967 1049 1014 et
1074 954 1141 1015 eius
1164 953 1325 1016 territorio
1350 952 1473 1014 habitas
1497 967 1528 1013 et
1549 953 1699 1014 existencia

459 1059 519 1142 ipsi
536 1061 703 1122 Anthonio
728 1059 867 1122 carnifici
884 1060 1019 1142 legasset
1043 1073 1074 1122 et
1097 1060 1204 1141 legare
1221 1059 1442 1142 proposuisset
1461 1058 1539 1120 dum
1562 1058 1620 1119 sibi
1635 1058 1700 1119 mori

459 1166 655 1250 contigisset,
679 1167 761 1229 sicut
784 1165 871 1229 alfini
897 1185 967 1230 suo.

531 1401 626 1478 Faria
655 1413 753 1478 sexta
781 1407 936 1496 proxlma
964 1412 1042 1478 ante
1069 1405 1193 1478 festum
1220 1405 1312 1478 beati
1340 1402 1470 1476 xntree
1498 1405 1645 1493 apostoli.

952 1559 1018 1636 (29.
1041 1559 1224 1622 noaembn's).

568 1699 646 1763 ltent
671 1700 818 1783 Mathyas
849 1699 990 1762 decanus
1019 1712 1164 1761 sutorum
1196 1713 1305 1761 contra
1331 1697 1510 1780 Georgium
1541 1697 1701 1780 selliparem

459 1805 602 1868 secundo
626 1807 740 1868 citatus
764 1825 829 1868 non
854 1807 1043 1888 comparuit.

565 1911 645 1973 ltem
669 1913 744 1994 quia
769 1911 880 1974 Petrus
897 1912 1000 1974 dictus
1024 1910 1146 1972 Pethko
1162 1909 1247 1974 filius
1265 1911 1379 1994 Kyrini
1402 1910 1441 1972 de
1467 1911 1574 1972 Mlalca
1596 1910 1626 1972 id
1641 1929 1699 1971 cum

463 2015 633 2080 sufficienti
668 2031 699 2079 et
734 2016 899 2098 fidedigno
932 2031 1114 2080 nostrornm
1151 2018 1332 2080 concivium
1369 2017 1554 2079 testimonio
1583 2017 1612 2078 in
1640 2015 1700 2077 sede

462 2139 570 2186 nostra
601 2123 767 2206 judiciaria
799 2125 883 2186 clare
914 2125 1136 2206 comprobavit
1167 2143 1276 2186 coram
1310 2124 1413 2202 nobis,
1445 2135 1481 2186 ut
1503 2124 1580 2185 dum
1603 2121 1700 2184 Paulus

459 2231 563 2294 dictus
586 2231 726 2293 decanus
749 2229 834 2294 lilius
857 2231 986 2293 Martini
1011 2231 1042 2292 in
1067 2231 1216 2293 extremis
1239 2232 1303 2292 vite
1328 2250 1384 2292 sue
1416 2231 1602 2313 temporalis
1624 2229 1698 2290 labo·

460 2351 569 2417 resset,
594 2351 669 2400 tunc
699 2338 766 2420 ipse
798 2337 952 2419 quasdam
985 2337 1064 2398 duas
1091 2337 1202 2399 vineas
1233 2357 1306 2399 suas
1329 2337 1362 2398 in
1394 2337 1555 2398 territorio
1586 2333 1700 2397 civitatis

460 2443 595 2523 habitas,
619 2445 723 2526 ipsum
756 2443 888 2521 juridice
919 2456 1148 2506 concernentes
1176 2456 1208 2504 et
1239 2444 1423 2522 literatorie,
1455 2443 1597 2524 predicto
1621 2442 1699 2502 Petro

463 2551 549 2614 dicto
566 2551 724 2613 Pethltoni
737 2569 796 2633 pro
813 2551 906 2612 certis
922 2549 1037 2612 debitis
1054 2549 1172 2631 quibus
1188 2550 1292 2611 eidem
1311 2549 1405 2612 Petro
1423 2549 1581 2611 debitorie
1597 2547 1700 2627 obliga·

460 2659 563 2736 batur,
588 2657 757 2739 legavisset
780 2657 849 2738 jure
872 2655 1059 2738 perhenuali
1090 2655 1311 2738 possidendas,
1343 2655 1484 2737 ideoque
1508 2675 1567 2717 nos
1591 2653 1698 2717 easdem

460 2763 540 2825 duas
563 2763 673 2825 vineas
696 2783 770 2825 cum
795 2763 946 2824 omnibus
970 2762 1035 2824 suis
1059 2762 1250 2824 utilitatibus
1274 2775 1305 2824 et
1333 2762 1540 2844 pertinenciis
1566 2758 1700 2822 universis

460 2868 583 2962 prefato
608 2868 702 2931 Petro
728 2868 887 2931 Petbkoni
904 2888 940 2930 ac
957 2887 1102 2950 pereum
1120 2869 1184 2930 suis
1201 2867 1372 2930 heredibus
1394 2868 1564 2930 statuimus
1584 2879 1612 2928 et
1629 2882 1701 2926 com·

459 2975 606 3038 misimus
630 2995 666 3036 ex
682 2975 844 3057 premissis
868 2974 935 3056 jure
959 2988 1115 3057 perpetuo
1132 2975 1341 3058 possidendas
1365 2989 1396 3036 et
1413 2975 1700 3055 quomodocumque

458 3081 597 3143 voluerit
621 3080 847 3164 disponendas.
1281 3156 1292 3176 .

565 3188 643 3250 ltem
669 3188 744 3269 quia
768 3187 817 3249 vir
839 3188 992 3270 providus
1023 3186 1183 3269 Georgius
1213 3185 1298 3249 filius
1322 3185 1409 3250 Galli
1441 3187 1581 3248 concivis
1608 3197 1701 3245 noster

462 3305 493 3355 et
516 3292 650 3356 honesta
673 3293 790 3355 mulier
822 3294 999 3377 Elyzabeth
1030 3307 1154 3372 vocata,
1176 3293 1286 3356 relicta
1318 3291 1455 3354 condam
1482 3292 1572 3353 Pauli
1594 3287 1700 3365 decani,

460 3399 493 3460 id
517 3419 591 3461 curn
615 3399 785 3462 sufficienti
810 3413 841 3461 et
863 3399 1028 3482 fidedigno
1053 3414 1235 3462 nostrorum
1267 3399 1450 3461 concivium
1469 3397 1651 3460 'testimonio
1674 3393 1699 3454 iu

459 3506 534 3568 sede
559 3519 666 3569 nostra
690 3505 857 3587 judiciaria
881 3507 965 3568 clare
989 3519 1020 3568 et
1050 3505 1168 3568 seriose
1193 3506 1445 3588 comprobarunt
1478 3523 1583 3567 coram
1610 3500 1699 3575 nobis,

460 3627 495 3674 ut
518 3611 596 3674 dum
621 3613 783 3695 predictus
807 3613 926 3674 Paulus
957 3612 1097 3674 decanus
1128 3613 1160 3674 in
1184 3613 1334 3674 extremis
1357 3612 1421 3673 vite
1452 3631 1509 3672 sue
1534 3604 1698 3690 temporalis

460 3720 645 3798 laborasset,
669 3733 745 3781 tunc
769 3720 837 3801 ipse
862 3719 894 3780 id
918 3739 1064 3802 expresse
1088 3719 1228 3798 dixisset,
1256 3718 1425 3800 quomodo
1450 3717 1520 3799 ipse
1547 3713 1699 3798 quamdam

461 3825 596 3886 domum
620 3845 710 3886 suam
734 3825 840 3888 medie
865 3826 964 3901 curie,
989 3845 1084 3906 quam
1110 3845 1128 3886 a
1151 3825 1260 3887 relicta
1285 3824 1463 3886 Sebastiani
1496 3823 1571 3886 dicti
1592 3821 1699 3902 Ztoylto

460 3931 518 3993 filii
545 3931 670 3993 Lucasii
695 3951 753 4014 pro
778 3945 862 3994 certa
886 3933 1095 4014 pecuniarum
1124 3932 1301 4012 quantitate
1326 3943 1556 4013 comparatam,
1577 3927 1699 4012 predicto

460 4037 603 4119 Georgio
627 4057 684 4120 pro
709 4038 851 4120 quodam
876 4037 978 4100 fundo
1002 4058 1061 4100 suo
1085 4038 1171 4099 civili
1196 4039 1291 4099 unius
1323 4051 1435 4120 quarte
1460 4038 1549 4100 curie
1571 4050 1699 4098 concam·

458 4144 585 4206 bialiter
615 4143 755 4206 dedisset
785 4158 941 4227 perpetuo
972 4143 1218 4227 possidendam,
1250 4157 1281 4205 et
1316 4144 1422 4226 ipsum
1456 4142 1589 4206 fundum
1618 4154 1697 4201 suum

459 4252 554 4313 unius
586 4265 697 4333 quarte
727 4253 824 4329 curie,
856 4270 995 4333 querna
1026 4250 1170 4332 predicto
1203 4249 1345 4332 Georgio
1377 4250 1630 4312 concambialitet
1650 4245 1695 4306 ha·

459 4357 589 4436 buisset,
613 4357 754 4439 predicte
779 4356 947 4419 Elizabeth
965 4357 1104 4437 mulieri,
1128 4371 1280 4440 protunc
1304 4376 1360 4418 sue
1385 4357 1526 4419 consorti
1550 4352 1696 4436 legavisset

460 4463 528 4544 jure
552 4462 741 4546 perhennali
758 4463 996 4544 possidendam,
1021 4463 1160 4545 ideoque
1185 4484 1244 4527 nos
1260 4463 1436 4545 predictam
1454 4463 1585 4525 domum
1606 4455 1695 4520 medie

460 4571 546 4632 curie
571 4590 644 4632 cum
662 4570 813 4632 omnibus
833 4570 898 4631 suis
919 4571 1110 4633 utilitatibus
1134 4585 1165 4632 et
1178 4569 1389 4654 pertinenciis,
1400 4569 1559 4632 universis
1574 4564 1695 4651 predicto

462 4677 604 4758 Georgio
629 4677 786 4758 premisso
810 4676 877 4759 jure
895 4675 1118 4755 concambiali,
1135 4676 1312 4758 predictum
1337 4689 1444 4738 autem
1462 4674 1594 4737 fundum
1615 4685 1694 4731 suurn

461 4784 556 4844 unius
580 4797 692 4864 quarte
710 4783 797 4844 curie
821 4783 966 4844 similiter
983 4802 1056 4844 cum
1077 4783 1142 4844 suis
1158 4783 1349 4844 utilitatibus
1372 4795 1404 4844 et
1427 4779 1623 4865 pertinenciis
1637 4773 1694 4837 uni·

458 4890 556 4952 versis
580 4888 700 4971 prefate
725 4889 881 4972 Elyzabet
909 4889 1036 4950 mulieri
1061 4901 1095 4950 ut
1118 4888 1181 4969 jam
1206 4901 1313 4950 nostre
1345 4889 1481 4968 concivi,
1505 4909 1543 4950 ac
1565 4904 1613 4969 per
1635 4896 1692 4942 eam

457 4997 523 5058 suis
548 4995 719 5057 heredibus
742 4996 911 5057 statuimus
934 5008 966 5057 et
989 4995 1210 5056 commisimus
1230 5015 1268 5057 ex
1284 4995 1446 5078 premissis
1470 4994 1538 5076 jure
1563 5000 1693 5076 perpetuo
