3876 5798
407 507 470 588 384
803 507 1004 584 Anno1443.
1031 540 1071 551 -
1095 519 1145 566 22.
1170 507 1281 566 martti.

403 717 518 781 furtive
535 737 600 780 non
624 731 816 801 asportasset
832 735 891 780 nec
911 716 1081 799 recepisset
1104 735 1162 779 nec
1179 717 1416 796 combussisset,
1435 716 1492 779 sed
1517 717 1549 778 in
1573 715 1668 780 totali

403 825 533 887 accione
557 824 700 908 ipsorum
732 823 848 904 judicis
880 835 911 886 et
938 822 1031 904 jurati
1064 836 1207 886 actorum
1231 823 1353 886 scilicet
1384 823 1601 906 predictorum
1626 821 1668 882 sit

404 931 533 1014 penitus
557 929 706 992 innoxius
729 929 870 993 luretich
895 929 1097 994 Benedictus.

509 1037 588 1098 Item
612 1055 739 1098 causam
765 1035 846 1098 inter
877 1053 1009 1098 uxorem
1035 1035 1166 1119 Methye
1191 1033 1420 1120 Milorethsych
1453 1049 1484 1097 et
1507 1035 1589 1098 inter
1614 1034 1669 1097 Jo-

404 1141 544 1206 hannem
566 1141 669 1206 filium
694 1141 849 1205 lobannis
872 1140 974 1225 Bolye
998 1139 1140 1206 habitam
1171 1143 1437 1224 adjudicaverunt
1467 1142 1521 1206 tali
1554 1143 1666 1222 modo,

407 1263 442 1312 ut
465 1249 540 1332 quia
565 1250 631 1332 ipse
656 1247 818 1312 lohannes
842 1248 873 1310 in
899 1249 1099 1331 possessione
1123 1248 1227 1312 aliena
1251 1251 1368 1333 pignus
1391 1251 1451 1332 ipsi
1475 1251 1567 1312 uxori
1591 1249 1668 1313 dicti

405 1354 536 1439 Mathyc
572 1353 802 1438 Milorethsych
834 1354 1057 1438 potencialiter
1087 1355 1207 1438 recepit
1245 1369 1341 1438 prout
1376 1357 1442 1440 ipsa
1475 1355 1670 1419 sufficienter

404 1462 628 1544 comprobavit
650 1480 757 1524 coram
782 1460 902 1542 juratis,
927 1474 959 1523 et
979 1461 1083 1543 ipsum
1100 1461 1217 1544 pignus
1240 1461 1426 1544 recipiendo
1451 1463 1533 1525 circa
1556 1483 1590 1525 se
1613 1482 1671 1545 per

404 1580 506 1630 certos
520 1567 588 1630 dies
603 1567 741 1630 detinuit
753 1579 785 1629 et
797 1567 880 1630 circa
892 1565 1033 1648 judicem
1050 1587 1115 1630 non
1128 1567 1318 1651 apportavit,
1332 1567 1406 1630 ideo
1422 1569 1489 1651 ipse
1506 1567 1670 1630 lohannes

404 1693 461 1756 per
484 1673 762 1756 adjudicacionem
787 1671 963 1756 juratorum
993 1674 1146 1736 remansit
1175 1675 1206 1736 in
1232 1673 1331 1757 dupla
1360 1674 1520 1758 potencia,
1544 1675 1576 1736 in
1600 1693 1665 1736 una

404 1793 514 1844 contra
539 1780 641 1863 ipsam
664 1798 797 1844 uxorem
815 1777 935 1842 Mathie
957 1779 1092 1862 predicti
1112 1793 1144 1843 et
1168 1781 1200 1842 in
1217 1779 1279 1842 alia
1296 1781 1445 1863 potencia
1469 1793 1579 1843 contra
1596 1799 1668 1862 pre-

406 1886 526 1948 dictum
552 1886 692 1969 judicem
711 1886 915 1965 modernum,
940 1903 1038 1968 quam
1054 1885 1237 1970 persolvere
1257 1900 1383 1950 tenetur
1400 1906 1500 1968 usque
1525 1886 1564 1950 ad
1583 1885 1669 1948 diem

404 1991 586 2075 juridicum.

514 2098 593 2162 ltem
618 2099 693 2182 quis
718 2099 871 2162 Clemens
894 2096 978 2160 filius
1005 2098 1225 2161 Bartholomei
1256 2097 1345 2162 faber
1369 2099 1409 2160 de
1433 2113 1541 2163 sancta
1566 2099 1670 2162 Elena

408 2205 448 2267 de
473 2207 625 2289 pontibus
638 2206 883 2290 Lonzlrymozty
899 2217 1041 2284 vocatus,
1058 2225 1131 2268 cum
1150 2205 1324 2267 Katherine
1348 2204 1413 2269 filia
1438 2207 1574 2269 condam
1594 2207 1670 2268 Bar·

407 2311 564 2375 tholomei
589 2313 702 2396 waar
718 2312 902 2395 nuperrime
919 2311 950 2374 in
968 2311 1138 2374 manifesto
1155 2311 1314 2375 adulterio
1333 2311 1524 2395 deprehensi
1542 2313 1672 2375 luerunt

408 2439 446 2481 ex
473 2439 489 2482 a
515 2433 612 2498 certo,
637 2419 711 2482 ideo
735 2419 866 2480 eosdem
889 2416 976 2500 juxta
1008 2436 1120 2480 eorum
1144 2417 1299 2480 demerita
1331 2418 1371 2480 de
1395 2419 1523 2481 civitate
1547 2419 1672 2481 eteius

404 2526 564 2588 territorio
590 2525 726 2608 turpiter
749 2524 818 2586 cedi
852 2536 883 2586 et
906 2523 1022 2605 expelli
1055 2522 1189 2588 lecimus
1213 2523 1337 2607 justicia
1370 2539 1402 2587 et
1422 2525 1570 2588 libertate
1593 2525 1671 2590 civi·

404 2631 479 2693 tatis
502 2631 644 2714 predicte
676 2631 869 2712 requirente,
900 2629 1137 2694 committentes
1169 2631 1303 2710 eisdem,
1323 2644 1369 2693 ‚ut
1392 2629 1482 2692 si‘de
1507 2643 1613 2693 cetero
1640 2645 1672 2692 et

405 2757 463 2818 per
488 2737 626 2819 amplius
644 2737 676 2802 in
701 2737 827 2801 civitate
850 2735 967 2798 eteius
986 2735 1146 2798 territorio
1163 2736 1361 2820 deprehendi
1385 2737 1536 2819 poterint,
1552 2755 1671 2819 penam

406 2863 503 2926 quam
528 2844 758 2914 demeruerunt
789 2855 1026 2922 consequentur
1057 2841 1171 2906 eadem
1202 2841 1327 2924 justicia
1359 2857 1390 2906 et
1422 2843 1568 2906 libertate
1594 2843 1672 2905 civi·

407 2950 480 3014 tatis
504 2964 708 3032 exposcente.
1296 2953 1298 2960 ’

432 3165 528 3240 Feria
556 3177 656 3242 serta
683 3172 839 3259 proxima
868 3178 945 3260 post
981 3171 1104 3243 festum
1132 3171 1222 3244 beati
1251 3171 1419 3244 Benedicti
1440 3171 1584 3278 ¹nbhutis
1613 3177 1646 3242 et

938 3295 1151 3368 contessoris.

929 3445 995 3527 (22.
1019 3446 1151 3522 martii).

517 3585 596 3654 Item
613 3585 688 3667 quia
713 3585 825 3650 Petrus
842 3586 974 3648 maritus
990 3587 1167 3670 legittimus
1183 3589 1384 3672 Margarethe
1408 3588 1516 3651 relicte
1533 3587 1672 3650 condam

408 3692 577 3755 Laurencii
604 3691 767 3754 Czurman
795 3691 1014 3758 testimonium
1031 3694 1119 3776 quod
1144 3695 1176 3756 in
1202 3715 1295 3758 causa
1313 3695 1526 3777 percussionis
1551 3693 1673 3757 Kathe-

407 3799 475 3860 rine
500 3798 607 3860 uxoris
632 3798 755 3862 Nicolai
780 3799 896 3862 literati
920 3798 1024 3879 jurati,
1049 3801 1132 3862 inter
1154 3802 1286 3864 eosdem
1311 3802 1483 3864 Nicolaum
1507 3803 1672 3864 literatum

408 3917 438 3967 ct
465 3904 673 3968 Katherinam
699 3924 789 3972 suam
813 3919 993 3968 consortem
1019 3923 1053 3967 ut
1081 3919 1214 3986 actores,
1239 3921 1270 3969 et
1303 3908 1385 3972 inter
1409 3909 1515 3991 ipsum
1539 3908 1672 3970 Petrum

409 4023 444 4072 ut
469 4009 501 4070 in
523 4027 654 4074 causam
680 4023 860 4088 attractum,
885 4029 992 4072 coram
1017 4013 1110 4073 nobis
1137 4027 1270 4092 motam,
1295 4014 1397 4096 pridie
1421 4002 1570 4076 videlicet
1594 4012 1674 4076 feria

408 4129 494 4179 serta
519 4117 672 4199 proxima¹
690 4129 762 4199 post
786 4115 901 4178 festum
927 4117 1009 4178 beati
1028 4116 1177 4199 Gregorii
1201 4139 1284 4202 pape
1308 4133 1339 4182 et
1362 4119 1503 4182 doctoris
1526 4119 1673 4202 proxime

408 4223 528 4305 elapsa,
554 4242 661 4286 coram
687 4222 797 4300 juratis
825 4224 941 4285 nostris
972 4224 1136 4286 modernis
1166 4237 1330 4308 tamquam
1364 4225 1542 4303 justiciariis
1573 4225 1675 4308 ipsius

408 4348 502 4391 cause
526 4347 590 4390 non
615 4329 779 4410 produxit,
817 4345 912 4411 prout
943 4330 1120 4412 producere
1152 4331 1290 4394 debebat
1320 4351 1384 4394 non
1410 4321 1572 4414 produxit,
1597 4331 1673 4394 ideo

409 4435 514 4516 ipsum
536 4432 659 4522 tactum
685 4448 715 4496 et
739 4435 840 4517 ipsam
866 4455 1004 4516 causam,
1029 4437 1116 4518 quod
1134 4437 1220 4502 idem
1246 4438 1357 4500 Petrus
1373 4457 1468 4521 super
1492 4438 1569 4520 ipris
1585 4453 1674 4500 acto·

408 4541 496 4602 ribus
517 4540 697 4602 nominavit
720 4555 750 4602 et
767 4543 1018 4624 prosequebatur
1041 4543 1157 4622 amisit,
1182 4545 1215 4606 in
1237 4545 1306 4626 ipsa
1340 4558 1446 4606 autem
1471 4564 1566 4607 causa
1583 4544 1671 4608 dicte

409 4647 622 4729 percussionis
646 4647 746 4730 ipsius
771 4647 944 4710 Katherine
969 4649 1076 4711 uxoris
1111 4649 1186 4712 dicti
1213 4650 1337 4714 Nicolai
1362 4649 1457 4732 jurati
1480 4651 1597 4714 literati
1612 4671 1674 4716 ,ιο-

410 4753 527 4814 mansit
540 4753 691 4814 convicus
702 4753 815 4815 ordine
830 4753 906 4835 juris
923 4756 1104 4836 requirente
1118 4777 1174 4840 per
1190 4757 1467 4840 adjudicacionem
1482 4757 1674 4840 juratorum.

517 4859 594 4922 ltem
619 4859 695 4941 quia
720 4860 821 4922 Eleus
847 4861 956 4926 relicta
980 4862 1119 4928 condam
1134 4864 1290 4927 Anthonii
1305 4865 1391 4938 vdicti
1416 4865 1674 4929 Mozlaueczsu-

410 4965 499 5043 toris,
534 4966 676 5032 concivis
704 4981 831 5045 nostra,
862 4965 893 5027 id
926 4987 999 5028 cum
1031 4967 1200 5032 sufficienti
1232 4983 1263 5031 et
1294 4969 1457 5054 fidedigpo
1488 4985 1675 5034 nostrorum
