3876 5798
341 545 402 628 378
718 548 920 625 Ann01443.
946 581 986 592 -
1011 549 1229 624 lassariani.

341 757 644 822 nenciis'uuiver'sis
666 756 789 838 prefate
815 758 1070 840 Scolasticepro
1092 763 1168 822 lunc
1185 775 1242 820 sue
1266 759 1407 820 consorti
1431 759 1600 840 legavisset

346 873 376 923 et
401 861 572 928 dimisisset
595 862 664 943 jure
688 863 875 944 perhennali
894 863 1145 946 possidendam,
1177 863 1596 947 ideoqae‘nosspredictam

343 975 440 1033 unam
466 968 711 1050 p'artem'ipsiua
742 969 885 1031 vincera
916 983 1004 1051 parte
1027 967 1149 1050 prefate
1172 969 1266 1032 vinee
1297 968 1372 1031 dicti
1399 968 1483 1032 Petri
1508 969 1598 1031 Hun-

339 1074 525 1155 gari³sitam
540 1089 580 1140 et
604 1074 803 1154 adjacentem
827 1093 900 1137 cum
932 1075 997 1136 suis
1025 1073 1218 1140 utilitatibus
1249 1087 1281 1136 et
1303 1073 1510 1156 pertinenciis
1525 1075 1603 1152 ‚uni-

300 1228 304 1247 .
341 1180 439 1244 versis
469 1179 807 1262 prefatollenedi‘cto
838 1199 874 1242 ac
906 1199 962 1262 per
994 1199 1068 1242 eum
1096 1181 1160 1242 suis
1191 1180 1374 1260 heredibus,
1398 1181 1495 1243 aliam
1528 1201 1603 1242 vero

340 1287 501 1352 residuam
532 1302 654 1368 partem
691 1287 774 1352 dicte
806 1287 941 1348 vinee'a
966 1301 1062 1370 parte
1092 1285 1214 1368 prefate
1246 1287 1339 1348 vinee
1363 1308 1380 1349 a
1404 1287 1487 1349 dicta
1511 1287 1604 1349 vinea

340 1393 473 1480 predicti
500 1393 655 1456 Anthonii
675 1391 860 1458 Petrechi'ch
884 1392 1028 1455 habitam
1053 1407 1084 1455 et
1100 1393 1259 1471 situatam,
1277 1393 1424 1458 similiter
1447 1413 1520 1455 cum
1537 1393 1603 1456 suis

344 1500 535 1568 utilitatibus
560 1515 591 1562 et
614 1499 820 1582 pertinenciis
852 1500 1009 1561 universis
1040 1499 1182 1582 predicte
1210 1499 1382 1562 Scolastice
1413 1500 1540 1561 mulieri
1565 1519 1601 1562 ac

341 1623 397 1686 per
421 1623 491 1666 earn
516 1605 581 1666 sais
605 1604 776 1667 heredibus
800 1605 1024 1668 statuimuset
1043 1606 1318 1688 commisimusex
1342 1605 1503 1688 premissis
1526 1624 1596 1688 per·

340 1725 494 1792 petuoet
523 1712 773 1776 irrevocabiliter
805 1711 1033 1793 possidendam
1056 1725 1092 1774 et
1122 1711 1431 1794 quomodocumque
1460 1711 1601 1774 voluerit

341 1817 575 1901 disponendam
619 1817 702 1900 juxta
744 1819 969 1885 condicionem
1009 1819 1144 1881 civitatis
1183 1831 1348 1900 prenotate
1387 1819 1427 1879 ab
1466 1818 1599 1899 antiquo

341 1927 560 2008 approbatam.
594 1985 595 1990 ,
1142 1930 1145 1936 “
1497 1923 1499 1930 '

446 2031 523 2094 ltem
541 2032 615 2112 quia
642 2031 824 2093 Demetrius
847 2029 932 2092 filius
956 2029 1120 2106 lobannis,
1149 2031 1289 2092 concivis
1314 2043 1432 2108 noster,
1456 2030 1489 2091 id
1514 2027 1602 2091 suffi-

244 2193 247 2199 .
340 2138 459 2200 cienter
483 2137 705 2219 comprobavit
729 2156 837 2200 coram
862 2137 956 2198 nobis
980 2137 1012 2198 in
1036 2137 1110 2198 aede
1134 2151 1241 2198 nostra
1266 2135 1443 2217 judiciaria,
1468 2149 1503 2198 ut
1527 2136 1602 2197 dum

341 2243 475 2326 provida
502 2243 638 2304 condam
672 2243 788 2304 mulier
820 2243 944 2324 Agatha
976 2257 1099 2321 vocata,
1128 2262 1206 2304 uxor
1238 2243 1395 2324 legittima
1420 2243 1519 2324 ipsius
1542 2241 1604 2304 De·

341 2349 446 2411 metrii
472 2349 502 2410 in
529 2349 678 2410 extremis
701 2349 765 2411 vite
789 2369 844 2411 sue
869 2348 1054 2430 temporalis
1070 2349 1253 2426 laborasset,
1277 2364 1352 2410 tunc
1378 2349 1444 2431 ipsa
1469 2349 1602 2410 domum

340 2474 430 2517 suam
456 2455 551 2516 unius
587 2470 698 2536 quarte
723 2475 803 2518 cum
836 2455 901 2517 suis
932 2455 1147 2538 pertinenciis,
1179 2455 1279 2537 ipsam
1312 2454 1445 2536 juridice
1476 2474 1605 2516 concer-

341 2575 483 2639 nentetn,
507 2561 654 2644 predicto
680 2562 844 2624 Demetrio
869 2575 1026 2644 protunc
1057 2581 1116 2623 suo
1140 2561 1255 2624 marito
1286 2561 1446 2642 legittimo
1469 2561 1605 2642 legasset

340 2679 506 2748 tamquam
532 2665 641 2729 heredi
658 2687 717 2730 suo
741 2667 836 2740 unico
864 2681 1020 2750 perpetuo
1038 2667 1276 2748 possidendam,
1293 2667 1432 2749 ideoque
1456 2686 1515 2728 nos
1532 2685 1602 2748 pre-

341 2773 459 2834 dictam
484 2771 619 2841 domum
645 2773 740 2836 unius
764 2787 876 2855 quarte
900 2774 985 2836 curie
1003 2793 1076 2835 cum
1101 2773 1261 2856 premissis
1284 2773 1405 2834 cunctis
1428 2771 1494 2834 suis
1517 2771 1605 2834 utili·

340 2880 459 2942 tatibus
485 2894 516 2942 et
540 2881 748 2962 pertinenciis
770 2880 925 2942 universis
949 2879 1072 2962 prefato
1090 2880 1254 2942 Demetrio
1279 2879 1403 2942 concivi
1427 2893 1538 2942 nostro
1566 2898 1603 2939 ac

340 3005 396 3068 per
422 3005 494 3054 eum
527 2987 593 3048 suis
625 2985 797 3048 heredibus
827 2986 995 3048 statuimus
1026 3001 1181 3068 perpetuo
1217 2985 1443 3068 possidendam
1468 2999 1499 3047 et
1523 3003 1602 3066 quo·

341 3091 581 3174 modocumque
606 3093 743 3154 voluerit
767 3091 1002 3175 disponendam
1026 3091 1112 3172 juxta
1130 3091 1353 3154 condicionem
1380 3090 1516 3153 civitatis
1533 3109 1603 3172 pre-

340 3213 449 3261 notate
473 3201 513 3260 ab
537 3200 671 3280 antiquo
695 3201 918 3280 approbatam.

449 3305 526 3367 ltcm
559 3305 726 3387 Philippus
757 3303 842 3366 filius
874 3302 1006 3384 Georgii
1038 3303 1214 3366 Grabarich
1245 3317 1354 3365 contra
1378 3303 1521 3365 relictam
1547 3302 1602 3364 Ni-

340 3411 422 3472 colai
448 3411 685 3494 Kusichynzeth
709 3411 797 3490 dicti,
819 3410 960 3472 secundo
984 3410 1097 3472 citatus
1120 3429 1186 3471 non
1214 3411 1403 3492 comparuit.

450 3518 527 3580 ltetu
550 3517 741 3580 Valentinus
766 3517 918 3600 Fratrych
943 3531 1053 3579 contra
1079 3516 1264 3578 Emericum
1296 3529 1437 3578 sutorem
1462 3515 1604 3577 secundo

345 3625 458 3686 citatus
484 3643 548 3686 non
573 3624 761 3705 comparuit.
1297 3677 1298 3680 ,

448 3731 526 3794 Item
551 3731 627 3813 quia
651 3731 806 3792 discretus
829 3731 877 3792 vir
901 3731 1053 3792 dominus
1071 3730 1209 3792 lacobus
1232 3728 1388 3811 presbiter
1403 3727 1489 3790 filius
1513 3727 1602 3789 Pauli

340 3837 497 3920 plebanus
523 3837 655 3898 ecclesie
680 3835 873 3919 parochialis
896 3836 980 3898 beati
1006 3835 1157 3919 Symonis
1174 3835 1311 3918 apostoli
1338 3849 1369 3896 et
1392 3833 1518 3917 providi
1543 3833 1603 3895 viri

343 3943 496 4005 Nicolaus
520 3943 664 4005 literatus
688 3943 809 4025 juratus
833 3955 940 4004 noster
963 3944 1137 4005 modernus
1161 3942 1361 4024 supradictus
1384 3939 1469 4003 filius
1493 3940 1604 4002 Jacobi

341 4064 371 4112 et
396 4051 552 4112 Martinus
579 4048 795 4131 Belohewych
819 4049 923 4110 dictus
947 4069 981 4110 ac
1006 4049 1167 4110 Fabianus
1196 4047 1322 4110 Feltech
1347 4047 1451 4109 dictus
1474 4046 1506 4108 id
1529 4065 1604 4107 cum

340 4155 510 4218 sufficienti
536 4170 566 4218 et
595 4155 759 4236 fidedigno
784 4155 970 4216 testimonio
994 4175 1102 4216 coram
1120 4155 1213 4216 nobis
1236 4154 1268 4215 in
1290 4154 1367 4216 sede
1393 4153 1500 4216 nostra
1523 4151 1605 4234 judi-

344 4265 439 4326 ciaria
466 4265 549 4326 clare
574 4265 835 4346 comprobarunt,
868 4276 902 4323 ut
933 4261 1011 4323 durn
1035 4261 1189 4344 providus
1220 4261 1357 4322 condam
1381 4260 1429 4321 vir
1453 4259 1605 4321 Nicolaus

344 4369 442 4433 cliens
467 4371 570 4432 dictus
587 4369 722 4432 Chehlto
747 4369 778 4430 in
797 4369 944 4430 extremis
965 4369 1028 4430 vite
1052 4387 1108 4430 sue
1125 4367 1311 4451 temporalis
1326 4366 1511 4445 laborasset,
1527 4367 1603 4427 tunc

344 4479 412 4560 ipse
437 4477 599 4558 predictos
631 4490 769 4557 quatuor
801 4476 920 4558 probos
952 4487 982 4536 et
1011 4473 1165 4537 honestos
1188 4475 1273 4536 viros
1303 4492 1433 4535 suarum
1458 4471 1612 4534 omnium.

344 4603 450 4647 rerum
477 4585 690 4646 etbonorum
724 4580 945 4663 quorumlibet
968 4593 1033 4644 tam
1065 4581 1235 4642 mobilium
1266 4599 1363 4662 quam
1388 4577 1611 4655 inmobilium,

346 4693 452 4774 ipsum
477 4689 611 4770 juridice
636 4703 666 4751 et
689 4688 863 4750 literatorie
888 4706 923 4748 ac
947 4686 1075 4768 proprie
1099 4685 1364 4748 concernenciutn
1390 4705 1483 4765 veros
1506 4698 1537 4746 et
1559 4683 1607 4745 le·.'

344 4798 489 4878 gittimos
514 4795 749 4856 commissarios
773 4810 803 4855 et
828 4806 1012 4854 executores
1036 4792 1259 4854 constituisset.

451 4903 528 4963 ltem
562 4900 696 4982 Egidius
729 4899 869 4984 frenipar
900 4911 1009 4960 contra
1040 4897 1245 4960 Franciscum
1276 4895 1469 4980 ireniparem
1499 4895 1604 4979 primo

342 5011 455 5072 citatus
481 5029 546 5070 non
571 5007 761 5089 comparuit.
847 5081 849 5088 Ι
933 5063 936 5070 t
