3876 5798
648 573 734 629 Anno
758 585 848 649 1445.
869 606 912 616 —
934 584 963 649 7.
987 573 1159 647 septembris.
1211 553 1215 561 ²
1472 590 1534 652 425

316 787 411 862 lesia
442 795 548 864 tercia
585 794 740 882 proxima
768 799 847 863 ante
883 792 1005 862 festum
1035 793 1235 864 Nativitatis
1264 795 1360 865 beate
1389 794 1494 864 llarie

744 935 875 1006 semper
902 918 1056 1005 virginis.

761 1071 805 1149 (7.
835 1071 1021 1148 septembris).

378 1209 454 1272 Item
487 1209 562 1290 quia
587 1208 725 1271 Michael
756 1209 886 1292 sellipar
916 1209 1000 1272 filius
1030 1211 1119 1272 Pauli
1153 1210 1292 1294 Tolway
1316 1210 1535 1292 juramentum

270 1315 332 1376 sibi
357 1315 492 1377 terciose
516 1316 662 1398 personis
685 1316 746 1378 sibi
777 1299 936 1378 similibus
967 1317 1070 1399 pridie
1095 1337 1151 1397 per
1182 1317 1301 1400 juratos
1325 1331 1435 1380 contra
1461 1317 1536 1381 Cle·

275 1435 415 1482 mentem
442 1420 581 1502 juratum
606 1421 798 1484 modernum
830 1421 931 1484 filium
957 1422 1053 1484 Blasii
1085 1422 1291 1505 ireniparem,
1325 1425 1385 1486 sibi
1411 1423 1535 1506 adjudi-

271 1540 388 1606 catum,
412 1527 509 1591 bodie
534 1528 649 1591 eodem
680 1529 779 1596 modo
810 1529 892 1592 sicut
915 1529 973 1590 sibi
999 1527 1059 1592 fuit
1090 1529 1309 1610 adjudicatum
1341 1532 1476 1613 prestitit
1500 1544 1531 1595 et

271 1634 420 1717 deposuit
444 1635 525 1698 sicut
556 1635 678 1714 debuit,
711 1655 822 1718 ymmo
854 1635 980 1698 realiter
1010 1635 1137 1716 juravit,
1169 1637 1244 1699 ideo
1276 1637 1380 1719 ipsum
1406 1637 1533 1699 racione

159 1799 162 1820 ,
272 1739 489 1822 deposicionis
513 1741 612 1824 ipsius
635 1740 805 1824 juramenti
839 1754 870 1803 et
900 1742 1029 1804 racione
1053 1741 1137 1804 dicte
1161 1763 1256 1806 cause
1288 1744 1370 1807 inter
1400 1764 1456 1807 cos
1481 1743 1536 1808 ba·

270 1847 345 1926 bite,
370 1848 499 1910 racione
523 1849 613 1910 cuius
641 1848 745 1930 ipsum
776 1847 991 1928 juramentum
1024 1849 1084 1931 ipsi
1116 1849 1265 1912 Miclraeli
1300 1851 1441 1933 sellipari
1475 1850 1535 1912 luit

269 1951 500 2033 adjudicatum,
524 1953 724 2016 reddidimus
748 1951 816 2016 fore
841 1954 987 2036 quietum
1010 1969 1041 2017 et
1064 1956 1260 2038 expeditum.

375 2059 453 2121 ltem
477 2061 553 2142 quia
577 2061 679 2122 Eleos
710 2060 819 2142 puella
851 2060 915 2122 filia
941 2059 1073 2143 Georgii
1106 2061 1145 2122 de
1169 2062 1351 2124 Nouoselcz
1375 2063 1471 2125 tercia
1500 2084 1533 2124 se
1564 2131 1565 2135 ,

271 2166 416 2248 personis
440 2167 500 2228 sibi
531 2167 691 2228 similibus
720 2166 935 2248 juramentum
967 2167 1028 2229 sibi
1052 2167 1155 2249 psidie
1188 2183 1297 2230 contra
1324 2169 1531 2232 Katherinam

269 2291 402 2334 uxorem
433 2273 623 2354 legittimam
656 2273 835 2336 Sebastisni
868 2273 1018 2335 Soldinar
1048 2275 1080 2335 in
1113 2273 1196 2337 iacto
1221 2276 1315 2338 burse
1347 2290 1378 2338 et
1401 2276 1532 2338 camisie

268 2379 436 2441 cuiusdam
462 2393 492 2441 et
516 2380 652 2462 pecunie
669 2380 809 2462 litigiose
826 2379 1055 2462 adjudicatum,
1072 2380 1169 2444 hodie
1194 2381 1309 2444 eodem
1335 2382 1436 2444 modo
1452 2383 1534 2444 sicut

268 2485 328 2546 sibi
363 2483 423 2548 suit
454 2485 672 2566 adjudicatum
704 2487 839 2569 prestitit
862 2499 894 2548 et
924 2487 1073 2570 deposuit
1104 2501 1138 2549 ut
1170 2487 1293 2568 debuit,
1325 2488 1399 2550 ideo
1431 2489 1531 2571 ipsam

268 2591 401 2652 Elenam
426 2591 667 2674 adeposicione
685 2593 784 2675 ipsius
808 2593 977 2672 juramenti
995 2607 1026 2656 et
1042 2595 1081 2656 ab
1100 2592 1231 2656 infamia
1256 2613 1312 2657 sua
1329 2595 1530 2657 reddidimus

267 2695 336 2758 iore
361 2697 503 2779 quietam
529 2711 560 2760 et
582 2698 783 2780 expeditam
808 2699 940 2782 ipsaque
972 2699 1146 2762 Katherina
1180 2700 1295 2762 mulier
1326 2721 1407 2762 uxor
1432 2701 1532 2783 ipsius

267 2802 445 2864 Sebastiani
470 2802 621 2866 Soldinar
645 2804 705 2886 ipsi
729 2805 830 2868 Elene
847 2805 954 2888 puelle
979 2806 1017 2867 de
1036 2806 1110 2868 vivo
1126 2805 1305 2889 (hlomagio
1322 2821 1353 2870 et
1376 2805 1476 2888 judici
1494 2828 1530 2870 ac

267 2905 378 2987 juratis
401 2907 566 2970 modernis
589 2909 749 2990 judicibus
773 2911 923 2974 videlicet
941 2911 1039 2994 ipsius
1063 2931 1157 2974 cause
1181 2913 1309 2974 racione
1334 2913 1530 2996 potenciarie

272 3014 464 3096 apericionis
487 3017 565 3079 ciste
589 3017 689 3099 ipsius
713 3016 813 3078 Elene
837 3018 945 3101 puelle
976 3038 1077 3101 usque
1101 3033 1175 3081 octo
1210 3019 1278 3082 dies
1302 3019 1398 3083 debet
1421 3021 1530 3104 plena-

269 3120 350 3182 riam
375 3121 550 3203 inpendere
575 3122 840 3188 satisfaccionem.

373 3227 450 3289 ltem
476 3227 586 3289 Petrus
609 3227 694 3290 filius
711 3230 794 3292 Petri
820 3229 1027 3310 Dauidowcz,
1046 3232 1123 3293 Kws
1139 3233 1396 3314 cognominatus,
1421 3249 1529 3297 contra

248 3331 431 3415 xMathyam
456 3332 559 3394 filium
584 3333 961 3418 Stephani,Wlkothych
986 3337 1091 3418 primo
1109 3337 1222 3400 citatus
1247 3357 1312 3399 non
1340 3341 1529 3422 comparuit.

372 3439 449 3501 ltem
474 3439 575 3502 Elena
599 3440 683 3502 dicta
708 3441 855 3524 Kusycza
878 3441 987 3504 relicta
1008 3442 1144 3505 condam
1171 3443 1348 3506 Clementis
1372 3446 1528 3508 institoris

266 3545 400 3624 citatrix,
425 3565 499 3608 cum
520 3545 698 3627 Georgium
730 3547 879 3609 clientem
902 3567 1117 3610 successorem
1135 3550 1218 3610 Petri
1237 3550 1434 3634 Herwathyn
1453 3552 1529 3614 cita-

265 3653 346 3714 verit
369 3653 401 3714 in
427 3653 625 3735 presenciam
650 3655 748 3716 nostri
774 3655 806 3716 in
830 3654 939 3716 sedem
964 3669 1105 3718 nostram
1126 3655 1325 3737 judiciariam
1351 3658 1422 3719 bina
1450 3659 1529 3738 vice,

264 3773 339 3820 tunc
364 3760 395 3820 in
429 3760 557 3821 duobus
589 3759 704 3822 diebus
734 3760 909 3842 judiciariis
944 3775 1053 3823 contra
1091 3763 1193 3844 ipsum
1227 3761 1404 3845 Georgium
1439 3777 1472 3826 ut
1496 3763 1527 3825 in

263 3884 390 3927 causam
415 3879 594 3945 attractum,
617 3867 716 3928 nostri
734 3868 766 3928 in
790 3867 989 3947 presenciam
1007 3869 1181 3952 peripsam
1198 3869 1328 3931 citatum
1356 3889 1419 3932 non
1437 3871 1529 3933 venit

264 3989 368 4056 neque
393 3971 535 4053 aliquem
559 3991 667 4054 prose
692 3973 789 4052 misit,
807 3974 877 4055 ipso
899 3972 1040 4056 Georgio
1058 3975 1090 4036 in
1115 3994 1243 4037 causam
1269 3987 1402 4038 attracto
1419 3997 1528 4038 coram

263 4076 355 4137 nobis
378 4096 504 4160 semper
527 4093 732 4161 comparente
760 4093 792 4142 et
823 4081 925 4162 ipsam
958 4081 1094 4142 Elenam
1125 4082 1274 4144 actricem
1300 4101 1408 4144 coram
1435 4084 1528 4145 nobis

263 4194 460 4264 expectante.

369 4287 446 4351 ltem
463 4288 556 4370 jurati
581 4309 708 4353 causam
733 4292 764 4353 in
790 4291 873 4354 facto
897 4293 1113 4375 quorumdam
1137 4293 1283 4376 lapidum
1311 4294 1527 4376 litigiosorum

263 4393 344 4456 inter
375 4395 566 4478 Dyonisium
598 4395 793 4460 aurifabrum
827 4398 965 4481 juratum
1001 4399 1193 4462 modernum
1234 4414 1268 4462 ut
1303 4414 1463 4480 actorem,
1495 4415 1526 4464 et

264 4501 345 4563 inter
370 4501 534 4585 Mathyam
558 4503 636 4564 alias
659 4503 816 4566 decanum
834 4519 978 4567 sutorum
1002 4505 1105 4568 filium
1124 4504 1271 4588 Gregorii
1288 4521 1323 4567 ut
1347 4507 1378 4568 in
1396 4527 1524 4570 causam

265 4619 445 4687 attractum,
469 4621 591 4670 motam
608 4629 715 4671 coram
733 4609 852 4672 eisdem
874 4611 984 4692 juratis
1007 4625 1039 4674 et
1054 4625 1242 4691 vertentem,
1260 4611 1527 4693 adjudicaverunt

266 4713 310 4774 sic
336 4728 366 4774 et
391 4733 429 4774 eo
454 4714 564 4794 modo,
588 4729 623 4777 ut
640 4716 715 4798 quia
739 4716 806 4799 ipse
824 4717 970 4800 Mathyas
992 4718 1132 4780 decanus
1146 4732 1290 4780 sutorum
1315 4719 1421 4801 ipsum
1439 4720 1525 4803 Dyo-

267 4819 386 4881 nisium
411 4819 548 4898 juratum
573 4821 605 4882 in
637 4819 721 4884 iacto
753 4823 896 4904 predicto
929 4825 1056 4906 publice
1088 4826 1119 4886 io
1143 4823 1264 4906 judicio
1296 4825 1394 4888 hodie
1417 4846 1524 4888 coram

267 4925 373 5006 judice
398 4926 555 4989 moderno
572 4943 603 4990 et
618 4927 728 5009 juratis
744 4930 891 4992 similiter
915 4930 1078 4993 modernis
1102 4945 1133 4994 et
1149 4933 1299 4994 omnibus
1315 4935 1525 4996 assessoribus

266 5052 377 5098 eorum
403 5038 507 5100 furem
531 5035 711 5101 nominavit
728 5049 758 5102 et
777 5037 1007 5102 subtractorem
1028 5039 1169 5126 ipsorum
1187 5038 1342 5125 lapidum,
1367 5039 1440 5102 ideo
1457 5041 1523 5125 ipse
