3740 5810
610 539 696 596 Anno
720 552 807 615 1431.
835 569 874 580 -—
900 551 946 596 11.
962 538 1055 613 junii.

186 645 254 650 —.
270 646 321 650 ——
341 645 409 652 —0-
428 645 628 652 ---.——-.-.-—.
657 645 725 650 --.-.
824 645 896 650 --—
920 645 971 650 -—--

293 775 388 850 Feria
415 785 513 850 sexta
542 781 696 867 proxima
724 787 800 867 post
828 777 950 848 tastum
978 776 1194 848 Ascensionis
1221 775 1362 848 Domini.

737 953 798 1026 (rr.
821 949 920 1024 mari).

303 1109 380 1170 ltem
398 1109 473 1189 quia
491 1106 630 1189 quedam
647 1106 765 1169 domus
781 1107 840 1169 viri
858 1107 994 1168 condam
1009 1107 1135 1190 providi
1151 1107 1277 1169 Nicolai
1296 1108 1460 1192 Horwoya

187 1214 428 1295 cognominati,
445 1212 501 1276 filii
515 1213 681 1292 iohannis,
697 1213 728 1275 in
747 1213 874 1302 ciuitate
897 1213 1038 1296 predicta
1056 1213 1138 1274 inter
1156 1211 1276 1274 fundos
1299 1225 1330 1276 et
1347 1214 1461 1276 domos

189 1319 370 1382 Scolastice
395 1334 426 1382 et
459 1318 659 1401 Margarethe
690 1319 863 1382 mulierum
895 1321 935 1380 ab
966 1339 1030 1381 una
1063 1333 1162 1401 parte,
1186 1321 1226 1380 ab
1263 1319 1360 1382 altera
1384 1339 1460 1381 vero

188 1427 372 1488 liberorum
397 1425 535 1488 condam
560 1425 657 1487 Blasii
678 1425 808 1488 textoris
832 1424 950 1503 habita,
982 1425 1123 1487 mediam
1156 1426 1277 1487 curiam
1302 1425 1342 1488 ad
1368 1445 1460 1487 usum

189 1533 336 1594 civitatis
359 1533 391 1593 in
416 1552 450 1594 se
474 1531 652 1610 continens,
676 1531 708 1592 in
734 1531 860 1593 ruinam
885 1545 917 1594 et
937 1530 1177 1593 desolationem
1202 1545 1297 1614 atque
1322 1533 1460 1594 deserta·

189 1639 325 1701 cionem
358 1637 508 1701 devenire
541 1637 709 1700 videbatur
740 1637 981 1718 omnimodam,
1013 1657 1077 1720 que
1111 1639 1184 1700 licet
1215 1658 1271 1720 per
1303 1636 1460 1720 prefatum

189 1745 369 1808 Nicolaum
395 1745 559 1828 Horwoya
584 1744 616 1805 in
640 1763 696 1806 sue
721 1743 833 1806 ultime
857 1744 1032 1806 voluntatis
1055 1744 1186 1826 eulogio
1210 1743 1381 1825 nepotibus
1396 1744 1462 1805 suis

186 1872 252 1914 seu
270 1850 343 1913 liliis
366 1865 421 1914 aut
443 1847 615 1913 heredibus
631 1849 727 1914 Clare
744 1849 809 1912 filie
832 1871 888 1913 sue
912 1871 999 1913 nunc
1015 1851 1171 1914 consortis
1196 1849 1326 1913 Thome
1342 1851 1459 1912 sutoris

188 1973 226 2021 et
250 1979 289 2020 ex
313 1959 389 2041 ipsis
413 1957 629 2042 superviventi
654 1957 770 2020 ultimo
802 1959 962 2040 superstiti
987 1979 1061 2020 vrvo
1093 1957 1272 2020 remanenti
1298 1958 1339 2019 ita
1364 1971 1395 2020 et
1420 1977 1459 2019 eo

189 2065 297 2128 modo
321 2066 424 2148 legata
443 2065 604 2145 extitisset,
622 2065 710 2148 quod
728 2065 860 2149 Agycha
884 2085 965 2128 uxor
981 2085 1038 2128 sua
1054 2065 1189 2128 eandem
1208 2065 1341 2128 domum
1359 2084 1461 2146 usque

188 2171 235 2234 ad
261 2186 398 2234 mortem
422 2191 511 2234 suam
536 2169 670 2254 pacifice
694 2170 874 2234 inhabitare
902 2172 1017 2252 valeat,
1048 2186 1112 2234 tam
1138 2191 1210 2234 cum
1235 2172 1316 2249 viro,
1339 2171 1365 2232 si
1390 2189 1460 2233 eam

191 2279 339 2340 maritari
356 2279 536 2360 contigerit,
554 2298 651 2360 quam
669 2279 771 2340 eciam
788 2278 857 2342 sine
874 2279 954 2358 viro,
971 2293 1043 2362 post
1060 2291 1196 2340 mortem
1213 2297 1289 2340 vero
1305 2277 1460 2356 eiusdem,

190 2383 305 2447 nullus
328 2385 408 2448 alter
432 2385 493 2448 nisi
510 2384 586 2447 dicti
610 2384 742 2448 heredes
759 2399 791 2448 et
814 2383 872 2448 filii
888 2384 952 2447 filie
969 2405 1026 2448 sue
1043 2385 1195 2469 predicte,
1226 2385 1281 2468 qui
1305 2386 1330 2447 si
1348 2403 1461 2447 ornnes

192 2491 258 2554 deo
284 2491 415 2554 volente
439 2491 644 2571 decesserint,
662 2505 777 2554 extunc
801 2490 942 2574 prefatus
959 2491 1104 2554 Thomas
1127 2505 1216 2554 sutor
1238 2511 1337 2574 gener
1362 2491 1461 2574 ipsius

191 2598 323 2661 Nicolai
348 2611 378 2660 et
395 2599 537 2680 predicta
560 2603 690 2682 Agyczs
715 2618 844 2660 consors
861 2598 1003 2660 eiusdem
1022 2599 1147 2662 Nicolai
1173 2599 1237 2661 veri
1256 2613 1287 2660 et
1311 2597 1459 2680 legittimi

191 2705 405 2767 commissarii
431 2705 530 2788 ipsius
553 2705 680 2768 Nicolai
704 2705 821 2767 dictam
847 2705 981 2767 domum
999 2705 1137 2768 vendere
1162 2719 1193 2768 et
1217 2724 1274 2786 pro
1291 2705 1460 2766 animabus

192 2810 348 2873 videlicet
378 2811 524 2874 eiusdem
555 2811 680 2875 Nicolai
706 2825 737 2874 et
769 2825 938 2896 parentum
950 2833 1006 2896 stc
1039 2811 1301 2896 predecessorum
1326 2831 1458 2873 suorum

193 2917 385 2980 habuissent
401 2917 600 3002 expendere;
616 2931 723 2980 tamen
740 2917 815 3001 quia
833 2938 872 2980 ne
889 2932 1019 3001 propter
1036 2917 1195 3001 predictas
1212 2917 1349 2996 ruinam,
1367 2916 1459 2979 deso·

192 3023 355 3086 lacionem
373 3037 404 3086 et
421 3025 672 3088 desertacionem
690 3025 840 3104 libertati,
858 3024 918 3106 juri
936 3025 1072 3087 civitatis
1095 3025 1248 3107 predicte,
1265 3023 1459 3106 prefatisque

191 3131 308 3206 vicinis
332 3131 546 3214 preiudicium
572 3145 603 3194 et
619 3132 735 3194 iniuria
759 3131 916 3215 aliquales
932 3133 1059 3194 evenire
1084 3133 1253 3194 videantur
1277 3146 1308 3194 et
1333 3131 1408 3193 oriri
1427 3133 1458 3193 in

191 3237 350 3318 futurum,
374 3237 480 3300 anime
504 3259 581 3301 vero
613 3239 691 3301 dicti
719 3239 846 3302 Nicolai
878 3239 1034 3302 memoria
1060 3239 1144 3301 mala
1176 3252 1206 3301 et
1230 3238 1458 3300 detrimentum

191 3345 321 3407 eveniat
345 3345 497 3428 aliquale,
530 3346 661 3428 etquis
685 3345 846 3429 predictus
869 3346 1015 3408 Thomas
1031 3358 1119 3408 sutor
1142 3365 1240 3426 gener
1264 3342 1377 3426 prelati
1403 3343 1458 3406 Ni·

192 3453 276 3515 colai
304 3451 344 3514 de
367 3453 505 3535 propriis
529 3453 624 3514 rebus
649 3465 680 3514 et
704 3453 798 3515 bonis
821 3453 885 3514 suis
913 3453 945 3514 in
971 3453 1037 3535 ipsa
1069 3451 1195 3514 civitate
1220 3464 1251 3514 et
1275 3451 1344 3512 aius
1367 3451 1457 3512 terri·

190 3559 277 3622 torio
310 3558 445 3639 habitis,
476 3558 605 3641 prefatis
636 3560 808 3642 nepotibus
840 3560 939 3642 ipsius
969 3559 1113 3638 Nicolai,
1145 3557 1219 3621 filiis
1249 3557 1400 3620 videlicet
1428 3571 1458 3620 et

191 3664 368 3728 heredibus
384 3665 449 3726 suis
462 3685 499 3727 ex
517 3665 593 3748 ipsis
609 3665 826 3748 superviventi
844 3666 876 3728 in
893 3685 1135 3748 recompensam
1153 3665 1315 3747 porcionis
1332 3684 1455 3742 eorum,

191 3773 281 3857 ipsos
306 3772 338 3834 in
363 3770 505 3854 predicta
528 3771 627 3834 domo
652 3792 689 3834 ex
711 3771 852 3854 predicta
869 3772 1036 3854 legacione
1062 3771 1138 3833 dicti
1157 3771 1282 3833 Nicolai
1306 3771 1363 3834 rite
1382 3791 1457 3833 con-

192 3893 355 3958 cernente,
381 3877 491 3940 decern
509 3875 579 3940 flor.
597 3878 665 3940 auri
691 3877 766 3940 dare
791 3879 962 3961 assumpsit
980 3877 1134 3958 effective,
1151 3877 1300 3960 dictaque
1324 3877 1457 3961 Agycha

193 4005 276 4048 uxor
301 3985 401 4068 ipsius
424 3985 550 4048 Nicolai
568 3985 744 4069 Horwoye,
760 3985 866 4048 anime
891 3985 967 4048 dicti
984 3985 1109 4047 Nicolai
1127 3985 1457 4047 commemorationes

193 4091 301 4155 iacere
315 4091 458 4153 salubres
471 4093 641 4174 assumpsit
654 4091 901 4170 conscienciose,
914 4092 1053 4174 ideoque
1068 4111 1125 4153 nos
1137 4091 1313 4174 predictam
1322 4091 1456 4152 domum

192 4197 300 4260 medie
325 4197 412 4260 curie
428 4195 559 4280 prefatis
582 4196 712 4260 Thome
728 4217 848 4280 genero
868 4211 899 4260 et
922 4197 1055 4280 Agyche
1072 4195 1212 4259 consorti
1236 4195 1311 4258 dicti
1330 4195 1455 4258 Nicolai

191 4304 352 4367 testatoris
376 4323 414 4366 ex
438 4303 567 4365 instanti
592 4303 734 4386 ipsorum
759 4305 918 4387 peticione
935 4304 1119 4366 racionibus
1143 4319 1173 4366 et
1197 4303 1298 4365 causis
1323 4323 1360 4364 ex
1385 4321 1455 4384 pre·

193 4410 299 4473 missis
323 4409 417 4472 nobis
440 4409 612 4493 superinde
634 4425 779 4492 porrecta
803 4431 877 4473 cum
900 4411 965 4473 suis
982 4411 1172 4473 utilitatibus
1196 4423 1227 4473 et
1251 4409 1456 4492 pertinenciis

192 4518 350 4581 universis
373 4517 541 4580 statuimus
564 4517 748 4580 vendicioni
776 4517 1000 4602 exponendam
1031 4533 1061 4580 et
1086 4517 1184 4580 ruodo
1209 4517 1363 4600 premisso
1391 4515 1454 4578 dis·

193 4625 390 4710 ponendam.

203 4833 206 4840 ,
302 4749 383 4812 ltem
407 4749 526 4812 Paulus
549 4748 724 4812 Praschech
754 4763 864 4812 contra
898 4749 983 4812 iwan
1008 4749 1093 4812 Baril
1117 4749 1222 4832 primo
1252 4749 1365 4814 citatus
1390 4767 1455 4814 non

192 4871 383 4941 comparuit.
