3796 5812
1453 569 1517 652 4⁶7

250 805 350 881 Feria
378 811 485 881 tercia
521 811 677 898 proxima
709 815 787 880 aute
811 808 934 880 festum
961 807 1204 880 Decollaciouis
1233 810 1322 880 beati
1351 809 1516 900 johannis

799 931 962 1021 Baptista.

357 1099 432 1162 ltem
460 1099 608 1183 Mychael
632 1099 717 1161 filius
741 1099 889 1161 Damiani
919 1118 1020 1179 usque
1054 1100 1233 1180 quindenas
1258 1101 1419 1184 Mychaeli
1445 1101 1514 1164 filio

252 1204 350 1268 Ortof
371 1207 496 1268 solvere
521 1206 617 1268 debet
641 1206 755 1286 viginti
780 1225 902 1266 marcas
927 1203 1142 1270 denariorum.

358 1331 436 1394 Item
462 1332 594 1393 domina
611 1331 720 1394 relicta
742 1331 825 1392 lwan
844 1329 1086 1413 Kukuuachych
1104 1345 1212 1393 contra
1231 1332 1394 1394 Thomam
1412 1331 1514 1394 filium

251 1439 382 1500 Andree
405 1438 510 1520 primo
535 1438 628 1500 citata
653 1457 718 1500 non
743 1437 931 1520 comparuit.

361 1669 439 1730 ltem
464 1688 557 1730 causa
581 1668 680 1730 Vorih
705 1667 838 1730 lonchar
862 1681 971 1728 contra
988 1667 1151 1729 Andream
1176 1667 1279 1730 filium
1304 1669 1435 1730 loannis
1460 1669 1515 1730 de·

253 1776 323 1837 cani
349 1795 405 1858 per
429 1774 588 1837 lanchech
620 1775 816 1837 aurifabrum
850 1787 880 1836 et
905 1774 1076 1856 Dragonya
1107 1774 1147 1835 ad
1179 1787 1329 1836 octavum
1355 1775 1440 1836 diem
1474 1774 1514 1836 ad

252 1901 364 1964 pacem
390 1895 436 1944 est
460 1895 595 1964 recepta.

360 1987 437 2050 Item
463 1988 594 2050 domina
618 1987 815 2050 Wlkouicha
839 1999 948 2048 contra
974 1984 1151 2048 Johannem
1178 1985 1280 2049 filium
1305 1987 1436 2050 loannis
1464 2008 1516 2050 oc-

254 2107 328 2156 tavo
354 2093 406 2155 die
430 2094 647 2176 respondebit.

361 2218 438 2280 Item
464 2239 557 2280 causa
583 2219 667 2281 Petri
692 2219 808 2280 sutoris
833 2232 943 2282 contra
971 2220 1124 2302 Egidium
1148 2233 1290 2281 sutorem
1315 2239 1371 2302 per
1396 2220 1516 2282 Lucam

254 2324 437 2406 selliparem
462 2339 492 2386 et
525 2325 681 2387 loannem
714 2325 871 2387 decanum
904 2327 943 2387 ad
976 2339 1125 2389 octavum
1158 2326 1244 2388 diem
1269 2325 1308 2388 ad
1333 2345 1445 2408 pacem
1470 2339 1517 2387 est

254 2445 388 2513 recepta.

362 2537 438 2600 Item
466 2536 602 2599 Mathias
626 2551 725 2600 sartor
758 2550 867 2600 contra
892 2539 1065 2600 Martiuum
1099 2537 1273 2620 Margetich
1305 2539 1447 2600 secundo
1472 2538 1514 2600 ci-

252 2657 335 2706 tatus
359 2663 424 2706 non
456 2643 645 2726 comparuit.

358 2751 436 2812 ltem
461 2750 570 2811 Mareu
594 2750 633 2811 de
660 2751 758 2812 Parva
783 2764 873 2832 porta
907 2764 1016 2813 contra
1042 2751 1306 2814 Bartholomeum
1340 2752 1512 2834 lapicidam

252 2857 357 2938 primo
382 2857 496 2918 citatus
520 2876 585 2919 non
611 2858 800 2939 comparuit.

362 2979 437 3041 ltem
464 2979 596 3042 domina
613 3000 743 3041 consors
761 2981 898 3055 Emerici
916 2982 1054 3064 lapicide
1071 2995 1180 3044 eontra
1200 2981 1327 3044 Gerdak
1353 3002 1529 3044 cursorem¹

253 3085 357 3167 primo
382 3087 474 3148 citata
501 3106 563 3148 nou
588 3087 777 3168 comparuit.

361 3191 439 3254 ltem
478 3191 583 3274 Mafya
621 3207 730 3254 contra
767 3194 856 3255 Hans
891 3193 1128 3256 stachunarium
1166 3195 1270 3278 primo
1302 3195 1415 3257 citatus
1450 3215 1515 3258 non

254 3298 443 3381 comparuit.

362 3404 439 3466 ltem
476 3404 623 3466 Matheus
657 3405 816 3487 hlebopelr
852 3421 961 3468 contra
994 3407 1183 3490 Symonem·
1206 3406 1308 3469 filium
1339 3408 1515 3471 Wlkouich

254 3510 397 3572 secundo
423 3511 536 3572 citatus
560 3531 624 3573 uon
650 3514 838 3594 comparuit.

364 3616 440 3678 ltem
467 3631 562 3679 testes
586 3619 685 3679 Marci
716 3617 773 3680 filii
799 3618 920 3682 Gemze
952 3640 1079 3682 causam
1109 3620 1251 3682 eiusdem
1277 3621 1374 3682 Marci
1407 3634 1515 3683 contra

255 3723 421 3784 Vrbanum
448 3721 549 3784 filium
583 3725 711 3786 Martini
745 3725 785 3784 ad
817 3739 966 3787 octavum
999 3727 1084 3788 diem
1109 3727 1149 3788 ad
1181 3747 1292 3808 pacem
1316 3741 1515 3809 receperunt.

359 3846 436 3907 Item
467 3845 619 3929 Gyurgelr
643 3848 810 3931 Vlangych
842 3849 1014 3930 quemdam
1047 3849 1176 3932 ciphum
1210 3851 1334 3912 Nicolai
1360 3849 1416 3913 filii
1443 3852 1512 3915 Ste-

253 3950 348 4032 phani
375 3951 481 4012 eidem
506 3950 605 4034 usque
631 3953 810 4035 quindenas
835 3955 999 4016 restituere
1025 3956 1128 4017 debet.

360 4058 436 4120 ltem
455 4057 629 4140 Gregorius
646 4061 810 4142 proximus
828 4062 957 4123 Martini
976 4063 1090 4123 Katiue
1108 4076 1216 4124 contra
1234 4063 1391 4124 loannem
1409 4062 1511 4124 filium

254 4161 392 4226 Chemer
417 4177 447 4226 et
471 4165 640 4227 Nicolaum
672 4166 773 4228 filium
805 4168 914 4229 Mareu
949 4168 1052 4250 primo
1081 4169 1194 4230 citatus
1226 4188 1291 4230 non
1324 4171 1513 4252 comparuit.

273 4339 276 4347 y
359 4269 436 4332 ltem
462 4291 554 4334 causa
580 4271 728 4354 Gregorii
754 4274 871 4355 Angeli
896 4287 1005 4336 contra
1030 4275 1137 4336 Eudre
1163 4275 1227 4357 Syb
1252 4293 1309 4357 per
1333 4275 1513 4338 Johannem

253 4373 353 4437 filium
379 4376 519 4438 Chemer
542 4378 581 4439 ad
606 4393 754 4441 octavum
779 4380 864 4440 diem
888 4381 927 4441 ad
957 4399 1068 4462 pacem
1093 4394 1139 4442 est
1164 4394 1301 4463 recepta.

360 4499 436 4561 ltem
463 4502 564 4562 Lucas
588 4500 673 4563 filius
697 4503 835 4564 Munech
860 4517 890 4565 et
915 4504 1044 4565 domina
1064 4505 1165 4566 Eleua
1186 4505 1294 4566 relicta
1313 4505 1420 4568 Mathe
1438 4507 1513 4568 dicti

253 4605 292 4666 de
318 4605 511 4684 Crauerzlra,
537 4607 673 4688 quilibet
696 4629 808 4670 eorum
832 4611 974 4671 secundo
998 4631 1030 4670 se
1055 4623 1169 4672 octavo
1186 4611 1238 4672 die
1263 4625 1370 4673 contra
1397 4613 1510 4674 Paulas

253 4711 403 4792 jurabunt
434 4732 528 4794 super
560 4733 617 4792 eu,
650 4715 736 4796 quod
769 4716 828 4797 ipsi
861 4716 999 4778 eundem
1037 4717 1150 4778 Paulas
1182 4737 1246 4779 non
1279 4719 1510 4800 vituperasseut

253 4837 357 4900 neque
382 4819 521 4880 eundem
546 4819 703 4882 latronem
729 4819 796 4882 fore
823 4822 1007 4910 dixissent..

360 4925 438 4987 Item
456 4925 638 5009 Stephanus
663 4926 785 5010 Ciphus
802 4941 910 4990 contra
930 4929 1101 4991 Martinum
1128 4930 1167 4991 de
1192 4930 1349 4992 Craleuch
1373 4931 1514 4994 secundo

252 5032 367 5094 citatus
390 5051 456 5094 non
484 5033 675 5114 comparuit.
