3852 5820
627 558 714 616 Anno
736 554 828 635 1416.
854 592 895 604 -
912 573 966 635 31.
990 560 1118 620 octobris.
1466 579 1505 642 37

347 767 426 828 Item
450 767 525 850 quia
543 766 689 829 Thomas
712 783 800 830 sutor
824 767 909 830 filius
926 767 997 830 lslro
1022 768 1054 830 id
1080 769 1302 850 comprobavit
1326 769 1358 830 in
1383 769 1503 849 judicio

241 891 350 934 eorem
373 872 477 952 uobis,
508 885 543 934 ut
563 872 755 936 Benedictus
788 889 876 937 sutor
908 875 993 938 filius
1017 873 1149 956 Georgii
1182 894 1273 936 suam
1297 875 1503 940 medietatem

240 979 358 1041 domus
378 999 434 1041 sue
459 979 491 1040 in
508 980 579 1042 vico
604 981 752 1043 exteriori
778 981 895 1061 habite,
921 982 953 1043 in
975 981 1090 1044 ultimo
1114 1001 1172 1043 suo
1197 995 1273 1044 voto
1298 994 1504 1046 testamenta·

238 1085 311 1147 liter
333 1085 479 1167 legasset,
504 1085 579 1148 ideo
603 1086 720 1148 domus
744 1087 948 1150 medietatem
974 1087 1080 1150 eidem
1108 1087 1237 1150 Thorne
1262 1088 1413 1150 duximus
1437 1103 1500 1152 ste-

238 1193 404 1255 tuendam.

237 1413 383 1484 sabbato
421 1415 573 1502 sequenti
609 1417 761 1502 proximo
798 1420 874 1504 post
907 1414 1028 1486 testum
1066 1413 1223 1486 Undecim
1260 1415 1403 1486 millium
1431 1417 1499 1486 vir·

238 1537 362 1624 girum,
391 1537 524 1626 antiqui
547 1537 678 1624 judiees
707 1557 828 1610 causas
853 1557 967 1609 coram
995 1541 1079 1627 ipsis
1107 1546 1302 1627 protractas
1323 1541 1355 1610 in
1370 1539 1499 1626 jndicio

486 1680 600 1734 eorum
629 1661 832 1734 consedendo
862 1661 979 1733 taliter
1001 1663 1250 1752 judicaverunt.

754 1814 820 1892 (24.
844 1815 983 1890 octobres).

344 1953 422 2016 ltem
447 1952 571 2016 Blasius
594 1954 737 2017 literatus
760 1953 845 2016 filius
869 1953 1071 2040 Dragychich
1099 1955 1196 2018 debet
1218 1955 1396 2038 producere
1432 1955 1500 2018 Ste-

235 2058 379 2150 phanum
396 2059 547 2142 juratum‚
566 2059 769 2142 Hungsrum,
787 2075 817 2123 et
841 2060 1004 2130 Andream
1025 2060 1151 2124 fabrum
1176 2075 1290 2124 octavo
1315 2061 1366 2123 die
1392 2081 1499 2124 coram

236 2165 330 2229 nobis
352 2184 411 2247 pro
434 2167 620 2228 testimonio
644 2186 739 2248 super
762 2187 811 2246 eo,
836 2181 871 2228 ut
894 2181 966 2250 post
998 2181 1136 2230 mortem
1160 2167 1292 2230 domine
1317 2167 1363 2228 lse
1388 2167 1497 2229 relicte

236 2272 361 2334 domini
387 2271 563 2355 Mychaelis
595 2272 805 2356 Dragychych
838 2273 948 2356 porcio
979 2273 1095 2336 domus
1127 2273 1226 2356 ipsius
1250 2273 1381 2335 domine
1403 2293 1499 2356 super

236 2379 342 2462 ipsum
368 2378 510 2440 Blaaium
534 2379 630 2440 debet
658 2379 818 2442 descendi.

340 2485 419 2546 ltem
442 2485 566 2567 antiqui
597 2485 720 2568 judiees
750 2485 982 2568 judicaverunt,
1006 2499 1041 2548 ut
1073 2486 1190 2548 Paulus
1222 2483 1307 2547 filius
1331 2484 1496 2548 Churanth

235 2591 353 2670 jurabit
369 2591 456 2653 solus
487 2604 602 2653 octavo
628 2591 680 2653 die
704 2592 735 2652 in
764 2591 862 2653 altare
886 2611 1048 2674 supereo,
1072 2605 1107 2652 ut
1123 2591 1242 2652 Paulus
1258 2591 1379 2673 juratus
1396 2591 1498 2653 Totar

235 2699 341 2780 ipsum
368 2718 440 2760 eum
465 2697 593 2761 duobus
625 2699 754 2760 florenis
779 2698 846 2759 suri
871 2717 936 2759 non
968 2698 1114 2760 amonuit
1145 2697 1185 2759 ud
1209 2697 1441 2780 recipiendum,
1466 2712 1497 2760 et

236 2804 369 2887 quando
393 2804 520 2888 jurabit,
543 2817 619 2867 tunc
643 2805 729 2886 ipsos
753 2803 834 2865 duos
856 2802 995 2866 florenos
1018 2804 1086 2866 auri
1111 2804 1172 2866 sibi
1197 2804 1329 2866 reddere
1353 2817 1384 2865 et
1408 2803 1496 2866 resti-

236 2923 325 2972 tuere
349 2909 475 2974 debeat.

340 3015 418 3077 Item
436 3017 511 3098 quie
536 3017 668 3078 domina
685 3021 793 3099 Agnes
817 3037 948 3080 consors
965 3016 1047 3078 Petri
1065 3016 1205 3094 sartoris,
1230 3014 1338 3076 relicta
1356 3014 1494 3076 condem

234 3121 353 3184 Cosme
370 3121 563 3200 stationarii,
588 3136 696 3184 contra
715 3121 908 3206 Gregorium
933 3141 1066 3204 parvum
1091 3121 1162 3182 lites
1175 3121 1281 3183 minus
1305 3121 1385 3182 iuste
1410 3120 1492 3181 exci-

233 3229 313 3290 tavit
337 3242 368 3290 et
392 3229 494 3290 eciam
517 3227 656 3290 eundem
681 3229 712 3290 in
731 3243 893 3310 posterum
918 3227 1136 3309 parvisvaluit,
1154 3227 1228 3288 ideo
1253 3226 1293 3287 de
1317 3247 1370 3287 sex
1389 3225 1495 3308 pensis

233 3355 334 3417 usque
360 3349 509 3398 octavum
536 3335 621 3396 diem
646 3333 743 3416 judici
770 3349 800 3397 et
821 3333 930 3416 juratis
954 3333 1049 3395 debet
1072 3333 1217 3394 invenire
1241 3331 1450 3396 voluntatem.

365 3536 511 3608 Sabbato
540 3539 694 3626 proximo
724 3543 801 3608 ante
829 3537 953 3608 festum
983 3534 1136 3606 Omnium
1164 3541 1370 3606 sanctorum.

743 3702 804 3768 (31.
836 3690 977 3758 octobris).

341 3831 419 3892 ltem
443 3831 566 3913 antiqui
591 3831 713 3912 judices
736 3831 958 3911 judicaverunt
983 3831 1014 3891 in
1039 3849 1133 3891 causa
1159 3829 1241 3890 inter
1265 3827 1407 3889 Blasium
1425 3825 1494 3888 lite·

231 3953 336 4002 ratum
361 3937 464 3999 filiurn
495 3937 633 4000 condam
665 3937 841 4020 Mychaelis
872 3935 1093 4020 Drsgychych‚
1126 3947 1159 3996 ut
1191 3947 1329 3996 actorem
1355 3933 1395 3994 ab
1420 3951 1493 4010 una,

231 4047 307 4108 item
326 4044 490 4106 Andream
508 4043 610 4105 filium
629 4043 712 4105 Petri
730 4043 769 4105 de
784 4042 952 4104 Branouch
971 4045 1121 4103 maritum
1146 4040 1283 4101 condam
1301 4038 1432 4100 domine
1448 4038 1493 4099 lsa

233 4164 357 4229 vocate,
381 4151 490 4214 relicte
508 4147 620 4231 prelati
636 4148 810 4231 Mychaelis
830 4145 1050 4231 Dragychych,
1075 4147 1154 4224 vice,
1179 4145 1311 4207 nomine
1327 4159 1358 4206 et
1375 4145 1406 4205 in
1424 4163 1492 4226 per-

231 4277 309 4318 sona
324 4257 468 4318 eiusdem
483 4255 613 4318 domiue
625 4255 669 4316 lse
680 4255 835 4317 consortis
845 4255 920 4317 dicti
934 4254 1074 4332 Andree,
1089 4267 1122 4314 ut
1139 4253 1170 4314 in
1185 4271 1311 4314 causam
1327 4263 1492 4330 structum,

232 4377 321 4445 porte
346 4382 383 4424 er
407 4363 516 4440 altera,
540 4361 573 4423 in
598 4360 681 4423 facto
706 4361 872 4422 cuiusdam
905 4361 1021 4422 domus
1045 4359 1121 4420 dicti
1154 4357 1290 4419 condam
1318 4354 1494 4438 Mychaelis

234 4467 434 4552 Dragichych
458 4467 515 4531 tali
539 4467 650 4546 modo,
683 4467 771 4550 quod
796 4467 871 4549 quia
902 4466 1034 4528 maritus
1058 4464 1197 4526 consorti
1228 4483 1284 4524 sue
1309 4476 1339 4524 et
1363 4481 1494 4524 consors

234 4575 391 4657 legittimo
415 4593 474 4636 suo
498 4574 614 4636 marito
630 4574 721 4636 sicuti
739 4574 845 4656 proles
866 4572 996 4635 insimul
1012 4571 1145 4634 heredes
1169 4571 1317 4648 existunt,
1333 4581 1493 4648 testesque

232 4683 376 4764 parcium
404 4701 500 4764 super
531 4681 724 4743 atestacione
758 4679 856 4762 ipsius
887 4679 1003 4740 domus
1027 4696 1132 4739 corarn
1166 4675 1276 4758 juretis
1299 4688 1330 4736 et
1361 4673 1491 4735 demum

232 4788 330 4850 nostri
368 4789 399 4848 in
431 4787 595 4870 presencia
627 4786 852 4848 discordabant
882 4799 913 4847 et
948 4783 1148 4846 concorditer
1180 4801 1244 4844 non
1277 4782 1492 4843 atestebantur

232 4893 398 4975 quomodo
412 4893 479 4975 ipsa
493 4892 609 4954 domus
624 4913 679 4974 per
692 4893 795 4974 ipsum
807 4891 1005 4974 Mychaelem
1021 4889 1079 4951 fuit
1093 4891 1207 4970 legato,
1222 4902 1391 4970 partesque
1408 4887 1492 4949 inter

233 5020 264 5062 se
289 5000 507 5082 litigabuutur,
531 4999 605 5060 ideo
623 4999 682 5080 ipsi
708 4998 793 5058 iuxta
810 4998 976 5078 antiquam
993 4995 1228 5077 privilegiatum
1245 4994 1380 5055 civitatis
1397 4993 1493 5055 libe-r
