3678 5800
427 488 487 552 180
786 491 986 569 Ann01432.
1013 524 1052 534 —
1077 503 1127 566 19.
1151 490 1315 552 decembris.

422 703 598 766 liberorum
624 723 680 766 seu
710 722 929 766 successorum
946 702 1084 765 condam
1103 701 1255 786 Stephani
1276 702 1370 784 jurati
1388 703 1463 766 dicti
1488 701 1640 765 Perstech
1657 715 1683 763 et

424 811 558 893 provide
575 811 720 874 mulieris
736 811 850 874 Vrsule
866 810 959 872 aliter
976 810 1129 894 Ternyna
1152 823 1264 872 vocate
1280 810 1389 872 relicte
1406 809 1543 873 condam
1561 809 1680 870 Vrbani

424 916 665 1001 Krapchewych
681 919 739 980 site
763 931 794 980 et
816 917 989 997 existentis,
1013 935 1111 1000 quam
1134 935 1219 979 nunc
1236 917 1323 979 idem
1348 916 1443 998 judex
1466 917 1534 998 jure
1559 915 1620 978 sibi
1638 915 1682 976 in-

424 1025 586 1086 combenti
612 1024 799 1087 litteratorie
816 1024 993 1086 dinoscitur
1008 1023 1173 1106 possidere
1189 1036 1286 1104 atque
1304 1022 1494 1102 inhabitare,
1510 1023 1551 1084 ab
1569 1021 1682 1085 eodem

428 1130 521 1192 Petro
546 1130 651 1210 judice
683 1145 793 1192 nostro
825 1131 939 1214 partim
971 1129 1039 1212 jure
1071 1130 1283 1192 concambiali
1316 1143 1348 1192 et
1371 1129 1485 1212 partim
1511 1149 1528 1190 a
1553 1128 1685 1210 provida

425 1237 559 1300 muliere
585 1238 715 1300 Marena
751 1251 874 1316 vocata,
906 1237 1015 1299 relicta
1048 1236 1131 1298 Petri
1155 1235 1260 1298 fratris
1283 1235 1417 1298 senioris
1448 1235 1548 1317 ipsius
1580 1233 1685 1312 Blasii,

424 1345 515 1425 glore
539 1344 689 1408 videlicet
712 1364 779 1423 sua,
802 1344 982 1426 emptionis
1005 1343 1099 1404 titulo
1128 1342 1304 1404 literatorie
1328 1355 1587 1420 concernentem,
1612 1358 1683 1402 cum

424 1452 489 1513 suis
513 1451 635 1514 cunctis
658 1450 865 1533 pertinenciis
895 1449 1001 1512 eidem
1025 1449 1120 1510 Petro
1151 1448 1248 1529 judici
1282 1467 1340 1530 pro
1371 1467 1489 1510 novem
1513 1446 1584 1510 flor.
1609 1445 1686 1523 auri,

424 1573 569 1640 ternpore
595 1557 753 1638 judicatus
776 1557 835 1618 viri
861 1555 987 1640 providi
1009 1569 1040 1617 et
1064 1555 1284 1638 circumspecti
1310 1553 1466 1617 Anthonii
1491 1553 1615 1636 pridem
1643 1551 1685 1634 ju-

424 1666 514 1744 dicis,
539 1664 745 1745 concivisque
771 1663 881 1742 nostri,
905 1662 963 1724 filii
987 1659 1143 1745 Appardi,
1172 1661 1212 1723 de
1235 1680 1321 1724 anno
1347 1661 1478 1723 Domini
1511 1659 1683 1722 millesimo

427 1770 650 1849 CCCCXXX,
674 1773 820 1852 proxime
850 1769 1013 1852 preterito,
1044 1769 1104 1829 sibi
1132 1768 1337 1846 vendidisset,
1362 1781 1393 1829 et
1424 1769 1509 1851 ipsas
1533 1766 1684 1849 pecunias

424 1877 510 1938 idem
536 1876 647 1939 Petrus
670 1875 765 1957 judex
783 1875 841 1958 ipsi
859 1875 967 1937 Blasio
991 1887 1108 1936 eomnc
1126 1874 1222 1956 plene
1238 1874 1453 1957 persolvisset,
1470 1885 1567 1956 prout
1583 1872 1681 1935 eciam

424 2003 461 2044 ex
487 1982 648 2044 relacione
673 1982 772 2064 ipsius
794 1981 950 2043 Anthonii
968 1981 1082 2062 judicis
1098 2000 1206 2042 coram
1224 1981 1317 2043 nobis
1341 1980 1373 2042 in
1390 1980 1532 2061 generali
1551 1993 1583 2040 et
1601 1996 1685 2040 com·

425 2088 514 2149 muni
539 2099 647 2149 nostra
670 2086 813 2169 judiciali
842 2087 1097 2168 congregacione
1129 2086 1256 2168 publice
1289 2085 1460 2168 superinde
1487 2083 1570 2147 iacta
1595 2085 1684 2167 plene

428 2195 592 2256 extitimus
615 2191 791 2273 informati,
816 2194 954 2276 ideoque
979 2212 1038 2254 nos
1062 2193 1197 2256 eandem
1214 2193 1420 2255 medietatem
1445 2192 1545 2274 ipsius
1562 2191 1683 2267 domus,

427 2299 531 2379 fundi,
556 2300 675 2362 cellarii
700 2313 731 2362 et
748 2299 971 2362 hedificiorum
995 2300 1091 2361 unius
1107 2312 1218 2380 quarte
1235 2319 1308 2360 cum
1326 2299 1488 2382 premissis
1503 2299 1570 2360 suis
1594 2297 1683 2380 perti-

425 2407 547 2468 nenciis
572 2419 602 2468 et
625 2405 817 2469 utilitatibus
835 2405 990 2467 universis
1014 2418 1193 2467 memorato
1211 2405 1304 2468 Petro
1324 2405 1434 2487 judici,
1452 2405 1549 2467 aliam
1567 2403 1684 2467 medie·

425 2525 522 2574 tatem
548 2513 693 2574 eiusdem
718 2511 845 2591 domus,
873 2510 974 2590 fundi,
1007 2511 1127 2572 cellarii
1153 2525 1184 2574 et
1214 2509 1450 2590 hedificiorum,
1481 2523 1607 2594 partem
1630 2510 1682 2571 sci·

425 2619 500 2680 licet
516 2619 720 2694 anteriorem,
738 2637 834 2680 unam
853 2617 1062 2680 consimiliter
1079 2631 1225 2699 quartam
1246 2618 1332 2679 curie
1349 2618 1382 2679 in
1406 2637 1440 2679 se
1457 2617 1682 2693 continentem,

426 2724 630 2807 possidentis,
654 2745 690 2785 ac
715 2744 771 2806 per
795 2743 869 2786 eum
893 2724 958 2785 suis
977 2723 1150 2786 heredibus
1166 2725 1350 2786 racionibus
1374 2737 1405 2787 et
1428 2724 1531 2786 causis
1556 2743 1594 2784 ex
1617 2742 1680 2806 pre-

425 2831 529 2892 missis
552 2831 720 2892 statuimus
744 2844 775 2892 et
798 2829 1019 2893 commisimus
1043 2830 1110 2910 jure
1135 2843 1290 2912 perpetuo
1314 2829 1543 2913 possidendam
1561 2842 1593 2891 et
1609 2847 1682 2911 quo-

426 2936 667 3017 modocumque
696 2936 833 2998 voluerit
856 2935 1092 3018 disponendam
1109 2934 1196 3018 juxta
1216 2935 1443 2998 condicionem
1467 2935 1603 2999 civitatis
1618 2954 1681 3018 pre·

425 3054 533 3103 notate
556 3043 596 3103 ab
620 3041 753 3123 antiquo
778 3043 998 3125 approbatam.

500 3257 596 3332 Feria
624 3268 722 3332 sexta
750 3264 905 3351 proxima
933 3270 1011 3333 ante
1039 3261 1159 3334 testam
1188 3262 1277 3334 beati
1305 3259 1431 3333 Thone
1459 3261 1613 3350 apostoli.

917 3415 980 3492 (19.
1004 3413 1182 3496 decembres).

533 3554 611 3615 ltem
634 3554 825 3616 Valentinus
848 3554 999 3637 lglichicb
1024 3568 1135 3618 contra
1159 3555 1364 3618 Franciscum
1388 3567 1531 3618 sutorem
1547 3552 1680 3617 secundo

427 3659 540 3721 citatus
564 3634 628 3721 non
654 3660 843 3742 comparuit.

533 3765 610 3827 ltem
636 3767 711 3847 quia
729 3765 895 3828 Balthasar
912 3764 997 3827 filius
1013 3767 1151 3828 condam
1168 3767 1323 3829 lobannis
1347 3767 1542 3847 stationarii,
1566 3766 1595 3828 id
1613 3784 1678 3828 cum

426 3869 595 3932 sufficienti
612 3885 644 3932 et
655 3871 819 3953 fidedigno
838 3885 1020 3934 nostrorum
1038 3874 1219 3935 concivium
1237 3873 1425 3936 testimonio
1439 3873 1472 3935 in
1489 3873 1564 3935 sede
1580 3885 1678 3934 nostra

427 3977 592 4056 judiciaria
616 3977 698 4038 clare
723 3991 754 4039 et
784 3979 902 4040 seriose
934 3981 1156 4062 comprobavit
1188 3999 1295 4042 coram
1327 3979 1432 4058 nobis,
1458 3993 1493 4041 ut
1516 3980 1589 4041 dum
1613 3997 1678 4061 pro·

426 4082 500 4144 vida
525 4083 661 4144 condam
687 4083 818 4144 domina
844 4084 1043 4165 Margaretha
1067 4099 1189 4163 vocata,
1214 4086 1323 4147 relicta
1348 4085 1424 4146 dicti
1450 4085 1600 4148 lobannis
1623 4097 1677 4145 sta·

428 4189 560 4251 cionarii
586 4191 617 4251 in
655 4191 804 4251 extremis
828 4191 891 4253 vite
916 4211 972 4253 sue
1000 4192 1185 4273 temporalis
1217 4192 1402 4272 laborasset,
1426 4205 1503 4254 tunc
1526 4193 1590 4275 ipsa
1614 4191 1678 4252 uni·

427 4315 533 4356 versas
556 4315 628 4356 suas
651 4295 867 4377 possessiones
891 4311 921 4358 et
945 4297 1114 4378 porciones
1130 4299 1395 4379 possessionarias
1420 4311 1451 4360 et
1475 4298 1584 4380 quevis
1600 4299 1677 4358 bona

427 4418 483 4460 sua
507 4400 640 4461 mobilia
664 4401 814 4462 videlicet
838 4415 868 4462 et
885 4403 1053 4463 inmobilia
1078 4403 1109 4464 in
1128 4403 1211 4464 dicta
1234 4404 1360 4466 civitate
1378 4417 1409 4466 et
1433 4405 1503 4466 eius
1525 4401 1675 4466 territorio

431 4504 554 4567 habitas
571 4519 601 4565 et
626 4506 804 4584 existentes,
829 4508 929 4588 ipsam
955 4507 1088 4586 juridice
1113 4525 1143 4571 et
1160 4509 1334 4572 literatorie
1359 4529 1415 4572 seu
1439 4509 1675 4592 quomodolibet

431 4610 520 4670 aliter
535 4611 593 4671 rite
616 4625 646 4671 et
667 4612 821 4692 legittime
839 4629 1076 4694 concernentes,
1101 4635 1175 4678 cum
1191 4617 1256 4678 suis
1272 4617 1478 4699 pertinenciis
1495 4617 1594 4679 eidem
1612 4613 1676 4675 Bal·

427 4714 532 4776 thasar
556 4714 697 4777 filiosuo
722 4717 840 4778 carnali
857 4719 1025 4798 legavisset
1041 4734 1072 4782 et
1096 4722 1268 4784 dimisisset
1291 4735 1448 4805 perpetuo
1466 4719 1673 4806 possidendas,

430 4821 568 4901 ideoque
602 4841 659 4882 nos
691 4824 818 4884 easdem
850 4827 1065 4905 possessiones
1100 4841 1130 4890 et
1161 4829 1332 4910 porciones
1363 4829 1621 4913 possessionarias
1643 4847 1674 4887 ac

430 4927 542 5003 quevis
578 4929 661 4987 bona
693 4930 873 5009 supradicta
907 4933 1005 5012 ipsius
1036 4933 1166 4996 domine
1201 4935 1401 5016 Margarethe
1433 4957 1506 4999 cum
1531 4933 1675 5019 premissis
