3678 5800
582 533 780 614 Arin01432.
805 573 848 582 -
865 553 900 614 3.
924 539 1053 598 octobr-is.
1391 561 1426 621 ¹7
1433 561 1447 620 5

187 753 288 830 Feria
316 765 415 828 sexta
442 759 596 847 proxima
625 765 704 828 ante
741 757 863 829 festum
901 761 1010 829 sancti
1040 753 1209 831 Francisci
1239 760 1452 833 contessoris.

712 911 755 987 (3.
787 909 930 982 octobris).

296 1049 373 1112 ltem
400 1070 493 1112 causa
516 1050 597 1113 inter
621 1049 829 1112 Valentinum
847 1049 985 1130 juratum
1010 1047 1112 1112 filium
1136 1049 1200 1112 lwk
1225 1064 1256 1112 et
1279 1051 1449 1115 Nicolaum

186 1157 310 1218 dictum
338 1157 460 1220 Bacusa
473 1177 580 1220 coram
599 1158 693 1220 nobis
709 1171 807 1236 mota,
831 1169 878 1219 est
894 1157 933 1218 ad
950 1156 1090 1238 primum
1108 1155 1263 1236 judicium
1282 1159 1321 1219 ad
1338 1179 1451 1241 pacem

185 1284 244 1346 per
268 1266 387 1347 probos
411 1265 497 1326 viros
520 1278 700 1348 prorogata.

295 1371 373 1434 Item
397 1391 491 1432 causa
517 1371 599 1433 inter
627 1369 804 1452 Georgium
837 1368 1027 1432 familiarem
1060 1369 1150 1430 Pauli
1175 1369 1332 1432 aellatoris
1355 1372 1448 1454 jurati

183 1489 216 1538 et
241 1477 369 1538 Petrum
395 1476 521 1560 Halych
546 1496 654 1538 coram
686 1477 780 1538 nobis
804 1489 902 1556 mota,
926 1489 972 1538 est
995 1475 1035 1538 ad
1056 1476 1195 1558 primum
1220 1475 1375 1558 judicium
1411 1480 1450 1540 ad

185 1603 301 1667 pacem
327 1603 382 1668 per
406 1585 526 1668 probos
548 1584 635 1646 viros
658 1595 838 1667 prorogata.

292 1689 370 1752 ltem
396 1689 471 1772 quia
496 1689 590 1773 Gyan
613 1687 742 1772 pellifex
767 1688 799 1750 in
824 1708 917 1750 causa
950 1688 1031 1750 inter
1056 1689 1160 1771 ipsum
1185 1703 1216 1752 et
1240 1689 1449 1752 Dominicum

183 1796 308 1859 dictum
333 1797 433 1859 Hrezt
456 1815 564 1859 coram
589 1796 682 1858 nobis
697 1810 796 1875 mota,
819 1794 927 1856 habita
944 1809 975 1857 et
998 1808 1150 1875 vertente,
1168 1795 1343 1877 birsagium
1364 1797 1451 1877 quod

183 1923 242 1985 per
266 1903 541 1986 adjudicacionem
559 1903 736 1986 juratorum
754 1902 813 1985 ipsi
830 1902 1003 1964 Dominico
1026 1905 1207 1984 persolvere
1225 1901 1362 1964 debebat
1378 1903 1446 1985 ple-

186 2011 276 2072 narie
301 2010 472 2094 persolvit,
504 2010 577 2072 ideo
603 2010 706 2093 ipsum
732 2008 902 2092 pellificem
932 2008 1083 2092 Gyanum
1115 2009 1223 2091 previa
1248 2008 1288 2070 de
1320 2010 1447 2072 racione
1498 2075 1504 2085 ,

184 2129 297 2179 contra
322 2117 426 2199 ipsum
451 2116 659 2179 Dominicum
684 2115 884 2178 reddidimus
908 2115 1103 2198 expeditum.

297 2240 375 2304 ltem
400 2242 433 2303 in
458 2261 552 2303 causa
569 2240 735 2303 cuiusdam
752 2240 827 2322 equi
845 2238 998 2322 Stephani
1017 2239 1056 2300 de
1074 2239 1196 2322 Posega
1213 2241 1295 2304 inter
1312 2241 1453 2304 eundem

184 2361 216 2408 et
242 2349 432 2430 magistrum
464 2347 629 2410 Matheum
660 2346 766 2409 hahita
800 2346 892 2429 jurati
924 2345 1188 2428 adjudicaverunt
1218 2349 1392 2427 eomodo,
1418 2362 1453 2410 ut

184 2453 253 2536 ipse
280 2454 431 2536 magister
448 2453 596 2516 Matheus
619 2468 734 2516 octavo
750 2453 802 2515 die
825 2472 976 2535 supereo
1000 2451 1103 2534 jurare
1120 2453 1216 2516 debet
1239 2475 1454 2538 superatam,

183 2573 219 2622 ut
243 2561 310 2642 ipse
336 2561 487 2642 magister
511 2561 659 2623 Matheus
682 2561 803 2622 dictum
829 2579 948 2642 equum
970 2559 1069 2641 ipsius
1095 2560 1248 2642 Stephani
1274 2582 1338 2623 non
1365 2581 1451 2623 mac·

181 2667 264 2728 tavit
288 2686 392 2749 neque
418 2667 548 2730 mactari
574 2666 658 2745 fecit,
683 2686 788 2748 neque
813 2685 887 2727 cum
911 2666 991 2728 scitu
1016 2679 1047 2727 et
1071 2667 1297 2730 commissione
1322 2689 1377 2730 sua
1404 2683 1451 2733 est

187 2785 356 2835 mactatus.

294 2879 372 2942 ltem
390 2879 465 2962 quia
483 2879 531 2941 vir
543 2879 696 2963 providus
709 2879 868 2940 Fabianus
885 2875 969 2940 filius
986 2879 1159 2958 Kusltonis,
1174 2880 1314 2941 concivis
1332 2895 1449 2959 noster,

184 2985 217 3045 id
244 2983 440 3048 sufficienter
464 3005 570 3048 coram
596 2987 689 3047 nobis
713 2987 744 3046 in
769 2985 843 3046 sede
869 2997 975 3046 nostra
1003 2985 1168 3066 judiciaria
1194 2985 1276 3046 clare
1302 3005 1449 3067 compro·

185 3091 273 3153 bavit
298 3112 406 3154 coram
432 3093 536 3172 nobis,
561 3105 595 3154 ut
619 3092 751 3174 quidam
776 3090 911 3174 (h)ortus
932 3091 963 3152 in
990 3091 1144 3152 suburbio
1170 3091 1306 3152 civitatis
1330 3089 1450 3175 prefate

186 3197 269 3260 inter
294 3197 429 3280 (h)ortos
452 3199 586 3282 provide
604 3199 749 3260 mulieris
773 3198 886 3259 Vrsula
904 3211 1014 3259 vocate
1040 3197 1148 3259 relicte
1173 3197 1310 3260 condam
1330 3198 1449 3259 Vrbani

186 3304 274 3388 olym
301 3305 393 3386 jurati
419 3319 450 3368 et
474 3305 615 3368 concivis
639 3305 739 3366 nostri
771 3303 827 3366 filii
860 3303 944 3365 Petri
969 3303 1044 3364 dicti
1078 3303 1225 3386 Krapech
1249 3305 1288 3365 ab
1313 3305 1448 3383 oiiente,

185 3412 225 3473 ab
250 3411 417 3474 occidente
442 3431 519 3474 vero
543 3412 718 3473 liberorum
751 3431 807 3471 seu
839 3429 1057 3471 successurum
1091 3409 1228 3470 condam
1254 3409 1388 3492 Chupor
1412 3431 1450 3472 ac

185 3537 277 3579 secus
312 3518 396 3580 viam
430 3537 677 3580 communema
709 3518 887 3579 meridione
919 3515 1057 3596 habitus,
1088 3517 1228 3578 mediam
1263 3517 1383 3578 curiam
1409 3517 1450 3579 ad

187 3641 281 3684 usum
307 3622 443 3684 civitatis
466 3622 587 3706 prefate
609 3623 641 3685 in
658 3645 690 3684 se
707 3624 885 3700 continens,
902 3623 1037 3705 predicti
1056 3623 1218 3684 Kuskonis
1235 3623 1331 3704 patris
1349 3624 1448 3705 ipsius

188 3727 323 3790 Fabiani
348 3727 502 3810 juridicus
534 3743 565 3792 et
596 3730 790 3792 literatorius
821 3730 983 3807 extitisset,
1016 3743 1046 3790 et
1071 3741 1142 3809 post
1173 3729 1298 3791 obitum
1335 3728 1449 3812 prelati

188 3835 353 3897 Kuskonis
388 3837 485 3918 patris
516 3836 659 3898 eiusdem
694 3836 839 3914 Fabiani,
871 3835 956 3896 idem
988 3835 1149 3896 Fabianus
1178 3847 1333 3917 tanquam
1358 3835 1449 3898 heres

187 3941 301 4003 unicus
325 3941 401 4004 dieti
426 3943 589 4005 Kuskonis
620 3961 721 4024 usque
754 3961 838 4002 nunc
870 3941 901 4002 in
934 3941 1031 4023 pleno
1056 3955 1086 4001 et
1118 3939 1251 4023 pacifico
1276 3961 1311 4002 ac
1336 3941 1447 4023 quieto

187 4048 335 4110 dominio
360 4062 390 4110 et
415 4050 614 4131 possessione
639 4049 795 4130 legittima
827 4048 927 4130 ipsius
950 4047 1058 4130 (h)orti
1090 4067 1215 4130 semper
1239 4062 1269 4109 et
1293 4049 1447 4110 continuo

184 4155 400 4236 permansisse
425 4155 620 4237 perhibetur,
649 4155 778 4216 nemine
810 4155 910 4214 eciam
941 4154 1022 4215 trina
1046 4167 1076 4214 et
1107 4152 1226 4216 lorensi
1251 4174 1286 4216 ac
1319 4155 1446 4237 publica

184 4261 445 4342 proclamacione
458 4261 630 4344 superinde
644 4259 723 4322 facta
742 4260 869 4342 penitus
882 4273 1065 4342 apparente,
1079 4259 1218 4340 ideoque
1232 4280 1290 4322 nos
1308 4259 1446 4322 eundem

185 4367 339 4446 (h)ortum
366 4366 472 4428 medie
497 4369 583 4430 curie
608 4387 681 4429 eum
706 4366 857 4428 omnibus
880 4367 944 4427 suis
976 4365 1166 4427 utilitatibus
1190 4379 1220 4427 et
1244 4366 1449 4448 pertinenciis

188 4473 348 4535 universis
372 4473 516 4556 predicto
548 4475 692 4536 Fabiano
723 4473 880 4556 premisso
910 4473 979 4553 jure
1010 4471 1203 4534 hereditario
1234 4473 1294 4534 sibi
1327 4473 1448 4534 incom-

185 4579 273 4640 benti
298 4599 335 4641 ac
359 4599 417 4662 per
433 4599 507 4641 eum
531 4581 596 4641 suis
613 4579 784 4642 heredibus
807 4579 975 4640 statuimus
1000 4591 1030 4640 et
1047 4579 1267 4640 commisimus
1291 4593 1447 4662 perpetuo

184 4685 416 4766 possidendum
442 4699 473 4748 et
497 4685 804 4768 quomodocumque
829 4685 967 4746 voluerit
996 4685 1234 4768 disponendum
1258 4686 1343 4766 juxta
1369 4705 1446 4746 con·

185 4789 348 4854 dicionem
374 4793 510 4854 civitatis
538 4807 705 4874 prenotate
736 4794 775 4852 ab
809 4792 942 4872 antiquo
976 4791 1196 4872 approbatam,
1229 4791 1392 4852 universas
1418 4803 1448 4852 et

185 4899 345 4980 quaslibet
370 4899 478 4960 literas
502 4897 620 4960 lactum
646 4897 719 4960 dicti
753 4897 861 4980 (h)orti
893 4911 1059 4978 tangentes
1082 4896 1115 4958 in
1149 4897 1344 4959 contrarium
1377 4916 1446 4978 pre-

185 5006 325 5067 sencium
353 5024 409 5087 per
426 5005 612 5088 quempiam
637 5004 661 5065 si
681 5003 915 5082 exhiberentur,
941 5003 1015 5084 quia
1033 5023 1085 5065 eas
1102 5001 1263 5085 predictus
1287 5001 1447 5064 Fabianus
