<?xml version="1.0" encoding="UTF-8"?>
<!DOCTYPE html PUBLIC "-//W3C//DTD XHTML 1.0 Transitional//EN"
    "http://www.w3.org/TR/xhtml1/DTD/xhtml1-transitional.dtd">
<html xmlns="http://www.w3.org/1999/xhtml" xml:lang="en" lang="en">
 <head>
  <title>
</title>
<meta http-equiv="Content-Type" content="text/html;charset=utf-8" />
  <meta name='ocr-system' content='tesseract 3.04.00' />
  <meta name='ocr-capabilities' content='ocr_page ocr_carea ocr_par ocr_line ocrx_word'/>
</head>
<body>
  <div class='ocr_page' id='page_1' title='image "./monumentahistor14laszgoog_0507.png"; bbox 0 0 3796 5812; ppageno 0'>
   <div class='ocr_carea' id='block_1_1' title="bbox 228 576 1501 5126">
    <p class='ocr_par' dir='ltr' id='par_1_1' title="bbox 235 576 1501 2683">
     <span class='ocr_line' id='line_1_1' title="bbox 640 576 1501 662; baseline 0.003 -27"><span class='ocrx_word' id='word_1_1' title='bbox 640 581 726 635; x_wconf 69' lang='lat' dir='ltr'>Aitna</span> <span class='ocrx_word' id='word_1_2' title='bbox 749 576 843 655; x_wconf 74' lang='lat'><em>1448.</em></span> <span class='ocrx_word' id='word_1_3' title='bbox 864 613 907 621; x_wconf 93' lang='lat'><em>-</em></span> <span class='ocrx_word' id='word_1_4' title='bbox 931 593 977 654; x_wconf 78' lang='lat'>15.</span> <span class='ocrx_word' id='word_1_5' title='bbox 1002 579 1112 640; x_wconf 80' lang='lat' dir='ltr'>martii.</span> <span class='ocrx_word' id='word_1_6' title='bbox 1436 601 1501 662; x_wconf 86' lang='lat'>457</span> 
     </span>
     <span class='ocr_line' id='line_1_2' title="bbox 239 788 1501 874; baseline 0.004 -26"><span class='ocrx_word' id='word_1_7' title='bbox 239 788 432 867; x_wconf 89' lang='lat' dir='ltr'>distinctam,</span> <span class='ocrx_word' id='word_1_8' title='bbox 465 789 551 851; x_wconf 90' lang='lat' dir='ltr'>idem</span> <span class='ocrx_word' id='word_1_9' title='bbox 588 790 705 852; x_wconf 88' lang='lat' dir='ltr'>Paulus</span> <span class='ocrx_word' id='word_1_10' title='bbox 737 789 866 872; x_wconf 85' lang='lat' dir='ltr'>Babych</span> <span class='ocrx_word' id='word_1_11' title='bbox 899 809 915 850; x_wconf 95' lang='lat' dir='ltr'>a</span> <span class='ocrx_word' id='word_1_12' title='bbox 947 789 1071 871; x_wconf 87' lang='lat' dir='ltr'>prelato</span> <span class='ocrx_word' id='word_1_13' title='bbox 1104 791 1188 851; x_wconf 90' lang='lat' dir='ltr'>lwan</span> <span class='ocrx_word' id='word_1_14' title='bbox 1221 791 1411 853; x_wconf 88' lang='lat' dir='ltr'>Corintiano</span> <span class='ocrx_word' id='word_1_15' title='bbox 1443 812 1501 874; x_wconf 93' lang='lat' dir='ltr'>pro</span> 
     </span>
     <span class='ocr_line' id='line_1_3' title="bbox 240 893 1500 982; baseline 0.006 -28"><span class='ocrx_word' id='word_1_16' title='bbox 240 893 365 956; x_wconf 90' lang='lat' dir='ltr'>duabus</span> <span class='ocrx_word' id='word_1_17' title='bbox 381 896 496 957; x_wconf 90' lang='lat' dir='ltr'>marcis</span> <span class='ocrx_word' id='word_1_18' title='bbox 513 896 717 958; x_wconf 90' lang='lat' dir='ltr'>denariorum</span> <span class='ocrx_word' id='word_1_19' title='bbox 736 897 795 957; x_wconf 84' lang='lat' dir='ltr'>sibi</span> <span class='ocrx_word' id='word_1_20' title='bbox 813 916 869 978; x_wconf 90' lang='lat' dir='ltr'>per</span> <span class='ocrx_word' id='word_1_21' title='bbox 886 897 1024 958; x_wconf 91' lang='lat' dir='ltr'>eundem</span> <span class='ocrx_word' id='word_1_22' title='bbox 1042 899 1178 960; x_wconf 88' lang='lat' dir='ltr'>Paulum</span> <span class='ocrx_word' id='word_1_23' title='bbox 1192 899 1322 982; x_wconf 88' lang='lat' dir='ltr'>Babych</span> <span class='ocrx_word' id='word_1_24' title='bbox 1336 901 1430 981; x_wconf 85' lang='lat' dir='ltr'>plene</span> <span class='ocrx_word' id='word_1_25' title='bbox 1447 919 1500 961; x_wconf 90' lang='lat' dir='ltr'>eo·</span> 
     </span>
     <span class='ocr_line' id='line_1_4' title="bbox 238 1001 1496 1089; baseline 0.006 -29"><span class='ocrx_word' id='word_1_26' title='bbox 238 1013 313 1061; x_wconf 91' lang='lat' dir='ltr'>tunc</span> <span class='ocrx_word' id='word_1_27' title='bbox 338 1001 518 1082; x_wconf 84' lang='lat' dir='ltr'>persolutis,</span> <span class='ocrx_word' id='word_1_28' title='bbox 543 1002 745 1084; x_wconf 81' lang='lat' dir='ltr'><strong>aliquamdiu</strong></span> <span class='ocrx_word' id='word_1_29' title='bbox 769 1017 993 1084; x_wconf 82' lang='lat' dir='ltr'>comparasset,</span> <span class='ocrx_word' id='word_1_30' title='bbox 1026 1005 1157 1086; x_wconf 86' lang='lat' dir='ltr'>ipseque</span> <span class='ocrx_word' id='word_1_31' title='bbox 1184 1005 1300 1067; x_wconf 85' lang='lat' dir='ltr'>Paulus</span> <span class='ocrx_word' id='word_1_32' title='bbox 1325 1006 1455 1089; x_wconf 86' lang='lat' dir='ltr'>Babych</span> <span class='ocrx_word' id='word_1_33' title='bbox 1480 1027 1496 1068; x_wconf 90' lang='lat' dir='ltr'>a</span> 
     </span>
     <span class='ocr_line' id='line_1_5' title="bbox 237 1107 1500 1194; baseline 0.006 -27"><span class='ocrx_word' id='word_1_34' title='bbox 237 1120 382 1188; x_wconf 87' lang='lat' dir='ltr'>tempore</span> <span class='ocrx_word' id='word_1_35' title='bbox 406 1107 547 1189; x_wconf 85' lang='lat' dir='ltr'>predicte</span> <span class='ocrx_word' id='word_1_36' title='bbox 572 1109 751 1191; x_wconf 87' lang='lat' dir='ltr'>empcionis</span> <span class='ocrx_word' id='word_1_37' title='bbox 782 1109 921 1190; x_wconf 89' lang='lat' dir='ltr'>ipsarum</span> <span class='ocrx_word' id='word_1_38' title='bbox 947 1109 1113 1172; x_wconf 89' lang='lat' dir='ltr'>vinearum</span> <span class='ocrx_word' id='word_1_39' title='bbox 1148 1131 1203 1172; x_wconf 90' lang='lat' dir='ltr'>seu</span> <span class='ocrx_word' id='word_1_40' title='bbox 1228 1112 1404 1174; x_wconf 81' lang='lat' dir='ltr'>vinealium</span> <span class='ocrx_word' id='word_1_41' title='bbox 1428 1133 1500 1194; x_wconf 88' lang='lat' dir='ltr'>por-</span> 
     </span>
     <span class='ocr_line' id='line_1_6' title="bbox 238 1213 1500 1301; baseline 0.006 -28"><span class='ocrx_word' id='word_1_42' title='bbox 238 1213 367 1274; x_wconf 91' lang='lat' dir='ltr'>cionum</span> <span class='ocrx_word' id='word_1_43' title='bbox 393 1227 423 1274; x_wconf 90' lang='lat' dir='ltr'>et</span> <span class='ocrx_word' id='word_1_44' title='bbox 447 1233 548 1295; x_wconf 88' lang='lat' dir='ltr'>usque</span> <span class='ocrx_word' id='word_1_45' title='bbox 574 1234 658 1277; x_wconf 90' lang='lat' dir='ltr'>nunc</span> <span class='ocrx_word' id='word_1_46' title='bbox 683 1215 714 1276; x_wconf 93' lang='lat' dir='ltr'>in</span> <span class='ocrx_word' id='word_1_47' title='bbox 732 1213 865 1296; x_wconf 90' lang='lat' dir='ltr'>pacifico</span> <span class='ocrx_word' id='word_1_48' title='bbox 889 1229 919 1276; x_wconf 91' lang='lat' dir='ltr'>et</span> <span class='ocrx_word' id='word_1_49' title='bbox 939 1217 1049 1298; x_wconf 91' lang='lat' dir='ltr'>quieto</span> <span class='ocrx_word' id='word_1_50' title='bbox 1067 1217 1213 1279; x_wconf 90' lang='lat' dir='ltr'>dominio</span> <span class='ocrx_word' id='word_1_51' title='bbox 1238 1239 1273 1280; x_wconf 87' lang='lat' dir='ltr'>ac</span> <span class='ocrx_word' id='word_1_52' title='bbox 1297 1220 1500 1301; x_wconf 84' lang='lat' dir='ltr'>possessione</span> 
     </span>
     <span class='ocr_line' id='line_1_7' title="bbox 238 1319 1499 1409; baseline 0.007 -30"><span class='ocrx_word' id='word_1_53' title='bbox 238 1319 424 1380; x_wconf 90' lang='lat' dir='ltr'>earumdem</span> <span class='ocrx_word' id='word_1_54' title='bbox 448 1321 614 1382; x_wconf 89' lang='lat' dir='ltr'>vinearum</span> <span class='ocrx_word' id='word_1_55' title='bbox 639 1340 694 1382; x_wconf 92' lang='lat' dir='ltr'>seu</span> <span class='ocrx_word' id='word_1_56' title='bbox 720 1321 896 1384; x_wconf 81' lang='lat' dir='ltr'>vinealium</span> <span class='ocrx_word' id='word_1_57' title='bbox 925 1324 1114 1404; x_wconf 92' lang='lat' dir='ltr'>porcionum</span> <span class='ocrx_word' id='word_1_58' title='bbox 1147 1344 1273 1408; x_wconf 87' lang='lat' dir='ltr'>semper</span> <span class='ocrx_word' id='word_1_59' title='bbox 1297 1326 1404 1407; x_wconf 92' lang='lat' dir='ltr'>quiete</span> <span class='ocrx_word' id='word_1_60' title='bbox 1429 1347 1499 1409; x_wconf 90' lang='lat' dir='ltr'>per·</span> 
     </span>
     <span class='ocr_line' id='line_1_8' title="bbox 237 1426 1497 1511; baseline 0.007 -26"><span class='ocrx_word' id='word_1_61' title='bbox 237 1426 354 1486; x_wconf 86' lang='lat' dir='ltr'>mansit</span> <span class='ocrx_word' id='word_1_62' title='bbox 378 1427 507 1487; x_wconf 88' lang='lat' dir='ltr'>nemine</span> <span class='ocrx_word' id='word_1_63' title='bbox 530 1427 658 1508; x_wconf 89' lang='lat' dir='ltr'>penitus</span> <span class='ocrx_word' id='word_1_64' title='bbox 682 1427 920 1490; x_wconf 88' lang='lat' dir='ltr'>contradicente</span> <span class='ocrx_word' id='word_1_65' title='bbox 929 1449 936 1509; x_wconf 90' lang='lat'>;</span> <span class='ocrx_word' id='word_1_66' title='bbox 969 1443 1000 1490; x_wconf 87' lang='lat' dir='ltr'>et</span> <span class='ocrx_word' id='word_1_67' title='bbox 1024 1431 1100 1511; x_wconf 86' lang='lat' dir='ltr'>quia</span> <span class='ocrx_word' id='word_1_68' title='bbox 1124 1431 1164 1492; x_wconf 87' lang='lat' dir='ltr'>ad</span> <span class='ocrx_word' id='word_1_69' title='bbox 1195 1432 1310 1493; x_wconf 90' lang='lat' dir='ltr'>trinam</span> <span class='ocrx_word' id='word_1_70' title='bbox 1337 1431 1497 1494; x_wconf 82' lang='lat' dir='ltr'>sorensem</span> 
     </span>
     <span class='ocr_line' id='line_1_9' title="bbox 238 1532 1500 1617; baseline 0.008 -25"><span class='ocrx_word' id='word_1_71' title='bbox 238 1532 401 1611; x_wconf 91' lang='lat' dir='ltr'>publicam</span> <span class='ocrx_word' id='word_1_72' title='bbox 426 1533 717 1615; x_wconf 82' lang='lat' dir='ltr'>proclamacionem</span> <span class='ocrx_word' id='word_1_73' title='bbox 735 1554 791 1616; x_wconf 90' lang='lat' dir='ltr'>per</span> <span class='ocrx_word' id='word_1_74' title='bbox 815 1553 873 1596; x_wconf 92' lang='lat' dir='ltr'>nos</span> <span class='ocrx_word' id='word_1_75' title='bbox 889 1535 1060 1617; x_wconf 89' lang='lat' dir='ltr'>superinde</span> <span class='ocrx_word' id='word_1_76' title='bbox 1078 1537 1116 1598; x_wconf 91' lang='lat' dir='ltr'>de</span> <span class='ocrx_word' id='word_1_77' title='bbox 1134 1557 1224 1600; x_wconf 89' lang='lat' dir='ltr'>more</span> <span class='ocrx_word' id='word_1_78' title='bbox 1249 1540 1325 1600; x_wconf 89' lang='lat' dir='ltr'>alias</span> <span class='ocrx_word' id='word_1_79' title='bbox 1349 1555 1500 1602; x_wconf 89' lang='lat' dir='ltr'>consveto</span> 
     </span>
     <span class='ocr_line' id='line_1_10' title="bbox 237 1635 1499 1726; baseline 0.008 -28"><span class='ocrx_word' id='word_1_80' title='bbox 237 1635 305 1698; x_wconf 90' lang='lat' dir='ltr'>fieri</span> <span class='ocrx_word' id='word_1_81' title='bbox 331 1639 547 1718; x_wconf 88' lang='lat' dir='ltr'>commissam,</span> <span class='ocrx_word' id='word_1_82' title='bbox 572 1639 632 1721; x_wconf 91' lang='lat' dir='ltr'>ipsi</span> <span class='ocrx_word' id='word_1_83' title='bbox 657 1639 758 1701; x_wconf 90' lang='lat' dir='ltr'>Paulo</span> <span class='ocrx_word' id='word_1_84' title='bbox 783 1639 912 1724; x_wconf 88' lang='lat' dir='ltr'>Babych</span> <span class='ocrx_word' id='word_1_85' title='bbox 938 1641 970 1702; x_wconf 96' lang='lat' dir='ltr'>in</span> <span class='ocrx_word' id='word_1_86' title='bbox 989 1640 1072 1705; x_wconf 87' lang='lat' dir='ltr'>lacto</span> <span class='ocrx_word' id='word_1_87' title='bbox 1089 1643 1219 1725; x_wconf 88' lang='lat' dir='ltr'>pacifice</span> <span class='ocrx_word' id='word_1_88' title='bbox 1243 1646 1453 1726; x_wconf 88' lang='lat' dir='ltr'>possessionis</span> <span class='ocrx_word' id='word_1_89' title='bbox 1470 1660 1499 1708; x_wconf 89' lang='lat' dir='ltr'>et</span> 
     </span>
     <span class='ocr_line' id='line_1_11' title="bbox 237 1743 1498 1834; baseline 0.008 -31"><span class='ocrx_word' id='word_1_90' title='bbox 237 1743 373 1804; x_wconf 91' lang='lat' dir='ltr'>dominii</span> <span class='ocrx_word' id='word_1_91' title='bbox 392 1745 531 1827; x_wconf 91' lang='lat' dir='ltr'>ipsarum</span> <span class='ocrx_word' id='word_1_92' title='bbox 549 1746 715 1808; x_wconf 89' lang='lat' dir='ltr'>vinearum</span> <span class='ocrx_word' id='word_1_93' title='bbox 733 1765 789 1807; x_wconf 91' lang='lat' dir='ltr'>seu</span> <span class='ocrx_word' id='word_1_94' title='bbox 814 1747 988 1808; x_wconf 89' lang='lat' dir='ltr'>vinealium</span> <span class='ocrx_word' id='word_1_95' title='bbox 1006 1749 1198 1830; x_wconf 90' lang='lat' dir='ltr'>porcionum</span> <span class='ocrx_word' id='word_1_96' title='bbox 1216 1771 1231 1811; x_wconf 91' lang='lat' dir='ltr'>a</span> <span class='ocrx_word' id='word_1_97' title='bbox 1249 1765 1394 1832; x_wconf 88' lang='lat' dir='ltr'>tempore</span> <span class='ocrx_word' id='word_1_98' title='bbox 1411 1772 1498 1834; x_wconf 90' lang='lat' dir='ltr'>emp·</span> 
     </span>
     <span class='ocr_line' id='line_1_12' title="bbox 236 1849 1498 1935; baseline 0.009 -26"><span class='ocrx_word' id='word_1_99' title='bbox 236 1849 338 1911; x_wconf 90' lang='lat' dir='ltr'>cionis</span> <span class='ocrx_word' id='word_1_100' title='bbox 362 1869 471 1912; x_wconf 91' lang='lat' dir='ltr'>earum</span> <span class='ocrx_word' id='word_1_101' title='bbox 496 1865 526 1912; x_wconf 91' lang='lat' dir='ltr'>et</span> <span class='ocrx_word' id='word_1_102' title='bbox 550 1871 651 1933; x_wconf 91' lang='lat' dir='ltr'>usque</span> <span class='ocrx_word' id='word_1_103' title='bbox 676 1872 761 1914; x_wconf 92' lang='lat' dir='ltr'>nunc</span> <span class='ocrx_word' id='word_1_104' title='bbox 789 1872 886 1914; x_wconf 90' lang='lat' dir='ltr'>nemo</span> <span class='ocrx_word' id='word_1_105' title='bbox 919 1854 1046 1935; x_wconf 91' lang='lat' dir='ltr'>penitus</span> <span class='ocrx_word' id='word_1_106' title='bbox 1070 1855 1261 1917; x_wconf 83' lang='lat' dir='ltr'>contradixit</span> <span class='ocrx_word' id='word_1_107' title='bbox 1292 1877 1351 1918; x_wconf 89' lang='lat' dir='ltr'>nec</span> <span class='ocrx_word' id='word_1_108' title='bbox 1375 1873 1498 1920; x_wconf 90' lang='lat' dir='ltr'>contra-</span> 
     </span>
     <span class='ocr_line' id='line_1_13' title="bbox 237 1955 1499 2046; baseline 0.009 -30"><span class='ocrx_word' id='word_1_109' title='bbox 237 1955 371 2017; x_wconf 90' lang='lat' dir='ltr'>dictorie</span> <span class='ocrx_word' id='word_1_110' title='bbox 396 1958 549 2037; x_wconf 89' lang='lat' dir='ltr'>obviavit,</span> <span class='ocrx_word' id='word_1_111' title='bbox 573 1959 712 2040; x_wconf 91' lang='lat' dir='ltr'>ideoque</span> <span class='ocrx_word' id='word_1_112' title='bbox 730 1979 788 2020; x_wconf 93' lang='lat' dir='ltr'>nos</span> <span class='ocrx_word' id='word_1_113' title='bbox 812 1959 939 2021; x_wconf 86' lang='lat' dir='ltr'>easdem</span> <span class='ocrx_word' id='word_1_114' title='bbox 965 1961 1074 2022; x_wconf 88' lang='lat' dir='ltr'>vineas</span> <span class='ocrx_word' id='word_1_115' title='bbox 1090 1981 1147 2023; x_wconf 91' lang='lat' dir='ltr'>seu</span> <span class='ocrx_word' id='word_1_116' title='bbox 1165 1964 1305 2025; x_wconf 89' lang='lat' dir='ltr'>vineales</span> <span class='ocrx_word' id='word_1_117' title='bbox 1330 1967 1499 2046; x_wconf 90' lang='lat' dir='ltr'>porciones</span> 
     </span>
     <span class='ocr_line' id='line_1_14' title="bbox 236 2063 1498 2153; baseline 0.008 -30"><span class='ocrx_word' id='word_1_118' title='bbox 236 2063 335 2145; x_wconf 89' lang='lat' dir='ltr'>ipsius</span> <span class='ocrx_word' id='word_1_119' title='bbox 360 2064 451 2125; x_wconf 89' lang='lat' dir='ltr'>Pauli</span> <span class='ocrx_word' id='word_1_120' title='bbox 475 2065 605 2147; x_wconf 91' lang='lat' dir='ltr'>Babych</span> <span class='ocrx_word' id='word_1_121' title='bbox 629 2086 686 2148; x_wconf 92' lang='lat' dir='ltr'>per</span> <span class='ocrx_word' id='word_1_122' title='bbox 714 2065 818 2148; x_wconf 90' lang='lat' dir='ltr'>ipsum</span> <span class='ocrx_word' id='word_1_123' title='bbox 850 2067 949 2128; x_wconf 92' lang='lat' dir='ltr'>modo</span> <span class='ocrx_word' id='word_1_124' title='bbox 973 2069 1129 2149; x_wconf 91' lang='lat' dir='ltr'>premisso</span> <span class='ocrx_word' id='word_1_125' title='bbox 1162 2083 1361 2151; x_wconf 88' lang='lat' dir='ltr'>comparatas</span> <span class='ocrx_word' id='word_1_126' title='bbox 1386 2085 1418 2132; x_wconf 93' lang='lat' dir='ltr'>et</span> <span class='ocrx_word' id='word_1_127' title='bbox 1441 2091 1498 2153; x_wconf 92' lang='lat' dir='ltr'>per</span> 
     </span>
     <span class='ocr_line' id='line_1_15' title="bbox 238 2169 1495 2257; baseline 0.007 -27"><span class='ocrx_word' id='word_1_128' title='bbox 238 2169 376 2230; x_wconf 89' lang='lat' dir='ltr'>eundem</span> <span class='ocrx_word' id='word_1_129' title='bbox 402 2170 537 2232; x_wconf 91' lang='lat' dir='ltr'>Paulum</span> <span class='ocrx_word' id='word_1_130' title='bbox 569 2171 736 2253; x_wconf 91' lang='lat' dir='ltr'>hucusque</span> <span class='ocrx_word' id='word_1_131' title='bbox 768 2171 898 2254; x_wconf 90' lang='lat' dir='ltr'>pacifice</span> <span class='ocrx_word' id='word_1_132' title='bbox 930 2193 1090 2254; x_wconf 86' lang='lat' dir='ltr'>possessas</span> <span class='ocrx_word' id='word_1_133' title='bbox 1115 2175 1146 2234; x_wconf 94' lang='lat' dir='ltr'>in</span> <span class='ocrx_word' id='word_1_134' title='bbox 1180 2195 1343 2257; x_wconf 90' lang='lat' dir='ltr'>unamque</span> <span class='ocrx_word' id='word_1_135' title='bbox 1368 2177 1495 2239; x_wconf 90' lang='lat' dir='ltr'>vineam</span> 
     </span>
     <span class='ocr_line' id='line_1_16' title="bbox 238 2275 1495 2365; baseline 0.008 -30"><span class='ocrx_word' id='word_1_136' title='bbox 238 2275 423 2357; x_wconf 85' lang='lat' dir='ltr'>conjunctas</span> <span class='ocrx_word' id='word_1_137' title='bbox 455 2290 486 2338; x_wconf 92' lang='lat' dir='ltr'>et</span> <span class='ocrx_word' id='word_1_138' title='bbox 516 2275 704 2340; x_wconf 89' lang='lat' dir='ltr'>conlimatas</span> <span class='ocrx_word' id='word_1_139' title='bbox 736 2297 808 2339; x_wconf 91' lang='lat' dir='ltr'>cum</span> <span class='ocrx_word' id='word_1_140' title='bbox 836 2298 945 2339; x_wconf 86' lang='lat' dir='ltr'>earum</span> <span class='ocrx_word' id='word_1_141' title='bbox 978 2279 1099 2342; x_wconf 90' lang='lat' dir='ltr'>cunctis</span> <span class='ocrx_word' id='word_1_142' title='bbox 1129 2280 1320 2343; x_wconf 90' lang='lat' dir='ltr'>utilitatibus</span> <span class='ocrx_word' id='word_1_143' title='bbox 1345 2296 1376 2344; x_wconf 87' lang='lat' dir='ltr'>et</span> <span class='ocrx_word' id='word_1_144' title='bbox 1399 2285 1495 2365; x_wconf 88' lang='lat' dir='ltr'>perti·</span> 
     </span>
     <span class='ocr_line' id='line_1_17' title="bbox 235 2382 1497 2470; baseline 0.008 -27"><span class='ocrx_word' id='word_1_145' title='bbox 235 2382 357 2443; x_wconf 90' lang='lat' dir='ltr'>nenciis</span> <span class='ocrx_word' id='word_1_146' title='bbox 389 2383 544 2444; x_wconf 87' lang='lat' dir='ltr'>universis</span> <span class='ocrx_word' id='word_1_147' title='bbox 574 2382 698 2466; x_wconf 86' lang='lat' dir='ltr'>prelato</span> <span class='ocrx_word' id='word_1_148' title='bbox 724 2385 824 2446; x_wconf 89' lang='lat' dir='ltr'>Paulo</span> <span class='ocrx_word' id='word_1_149' title='bbox 855 2385 983 2468; x_wconf 85' lang='lat' dir='ltr'>Babych</span> <span class='ocrx_word' id='word_1_150' title='bbox 1008 2405 1045 2448; x_wconf 85' lang='lat' dir='ltr'>ex</span> <span class='ocrx_word' id='word_1_151' title='bbox 1078 2387 1206 2450; x_wconf 88' lang='lat' dir='ltr'>instanti</span> <span class='ocrx_word' id='word_1_152' title='bbox 1239 2402 1270 2449; x_wconf 90' lang='lat' dir='ltr'>et</span> <span class='ocrx_word' id='word_1_153' title='bbox 1292 2387 1497 2470; x_wconf 86' lang='lat' dir='ltr'>juriconsona</span> 
     </span>
     <span class='ocr_line' id='line_1_18' title="bbox 235 2488 1493 2576; baseline 0.008 -27"><span class='ocrx_word' id='word_1_154' title='bbox 235 2488 334 2570; x_wconf 91' lang='lat' dir='ltr'>ipsius</span> <span class='ocrx_word' id='word_1_155' title='bbox 357 2489 517 2571; x_wconf 87' lang='lat' dir='ltr'>peticione</span> <span class='ocrx_word' id='word_1_156' title='bbox 533 2491 701 2552; x_wconf 89' lang='lat' dir='ltr'>statuimus</span> <span class='ocrx_word' id='word_1_157' title='bbox 726 2503 756 2552; x_wconf 92' lang='lat' dir='ltr'>et</span> <span class='ocrx_word' id='word_1_158' title='bbox 773 2490 1000 2554; x_wconf 89' lang='lat' dir='ltr'>confirmamus</span> <span class='ocrx_word' id='word_1_159' title='bbox 1016 2491 1083 2574; x_wconf 88' lang='lat' dir='ltr'>jure</span> <span class='ocrx_word' id='word_1_160' title='bbox 1100 2509 1256 2576; x_wconf 91' lang='lat' dir='ltr'>perpetuo</span> <span class='ocrx_word' id='word_1_161' title='bbox 1281 2509 1311 2557; x_wconf 94' lang='lat' dir='ltr'>et</span> <span class='ocrx_word' id='word_1_162' title='bbox 1337 2497 1493 2559; x_wconf 88' lang='lat' dir='ltr'>irrevoca-</span> 
     </span>
     <span class='ocr_line' id='line_1_19' title="bbox 237 2595 1363 2683; baseline 0.008 -27"><span class='ocrx_word' id='word_1_163' title='bbox 237 2595 343 2658; x_wconf 87' lang='lat' dir='ltr'>biliter</span> <span class='ocrx_word' id='word_1_164' title='bbox 364 2597 573 2678; x_wconf 87' lang='lat' dir='ltr'>possidendas</span> <span class='ocrx_word' id='word_1_165' title='bbox 597 2611 628 2659; x_wconf 89' lang='lat' dir='ltr'>et</span> <span class='ocrx_word' id='word_1_166' title='bbox 651 2598 958 2680; x_wconf 90' lang='lat' dir='ltr'>quomodocumque</span> <span class='ocrx_word' id='word_1_167' title='bbox 975 2600 1114 2661; x_wconf 90' lang='lat' dir='ltr'>voluerit</span> <span class='ocrx_word' id='word_1_168' title='bbox 1137 2601 1363 2683; x_wconf 87' lang='lat' dir='ltr'>disponendas.</span> 
     </span>
    </p>

    <p class='ocr_par' dir='ltr' id='par_1_2' title="bbox 232 2702 1496 3402">
     <span class='ocr_line' id='line_1_20' title="bbox 341 2702 1492 2789; baseline 0.007 -25"><span class='ocrx_word' id='word_1_169' title='bbox 341 2703 418 2766; x_wconf 91' lang='lat' dir='ltr'>ltem</span> <span class='ocrx_word' id='word_1_170' title='bbox 444 2703 560 2787; x_wconf 87' lang='lat' dir='ltr'>jurabit</span> <span class='ocrx_word' id='word_1_171' title='bbox 583 2702 735 2766; x_wconf 90' lang='lat' dir='ltr'>Clemens</span> <span class='ocrx_word' id='word_1_172' title='bbox 766 2703 906 2786; x_wconf 83' lang='lat' dir='ltr'>irenipar</span> <span class='ocrx_word' id='word_1_173' title='bbox 937 2704 1021 2766; x_wconf 91' lang='lat' dir='ltr'>filius</span> <span class='ocrx_word' id='word_1_174' title='bbox 1045 2706 1153 2784; x_wconf 88' lang='lat' dir='ltr'>Blasii,</span> <span class='ocrx_word' id='word_1_175' title='bbox 1184 2706 1316 2789; x_wconf 89' lang='lat' dir='ltr'>juratus,</span> <span class='ocrx_word' id='word_1_176' title='bbox 1338 2710 1406 2771; x_wconf 93' lang='lat' dir='ltr'>sola</span> <span class='ocrx_word' id='word_1_177' title='bbox 1437 2731 1492 2772; x_wconf 90' lang='lat' dir='ltr'>sua</span> 
     </span>
     <span class='ocr_line' id='line_1_21' title="bbox 236 2808 1496 2893; baseline 0.006 -23"><span class='ocrx_word' id='word_1_178' title='bbox 236 2809 267 2871; x_wconf 94' lang='lat' dir='ltr'>in</span> <span class='ocrx_word' id='word_1_179' title='bbox 292 2829 429 2892; x_wconf 90' lang='lat' dir='ltr'>persona</span> <span class='ocrx_word' id='word_1_180' title='bbox 454 2808 532 2871; x_wconf 82' lang='lat' dir='ltr'>feria</span> <span class='ocrx_word' id='word_1_181' title='bbox 563 2823 649 2872; x_wconf 86' lang='lat' dir='ltr'>sexta</span> <span class='ocrx_word' id='word_1_182' title='bbox 680 2811 824 2892; x_wconf 86' lang='lat' dir='ltr'>proxima</span> <span class='ocrx_word' id='word_1_183' title='bbox 856 2823 929 2893; x_wconf 89' lang='lat' dir='ltr'>post</span> <span class='ocrx_word' id='word_1_184' title='bbox 959 2824 1105 2872; x_wconf 88' lang='lat' dir='ltr'>octavam</span> <span class='ocrx_word' id='word_1_185' title='bbox 1138 2812 1208 2875; x_wconf 85' lang='lat' dir='ltr'>festi</span> <span class='ocrx_word' id='word_1_186' title='bbox 1243 2814 1339 2877; x_wconf 88' lang='lat' dir='ltr'>Pasce</span> <span class='ocrx_word' id='word_1_187' title='bbox 1364 2815 1496 2878; x_wconf 89' lang='lat' dir='ltr'>Domini</span> 
     </span>
     <span class='ocr_line' id='line_1_22' title="bbox 234 2915 1496 3000; baseline 0.007 -23"><span class='ocrx_word' id='word_1_188' title='bbox 234 2935 329 2998; x_wconf 90' lang='lat' dir='ltr'>super</span> <span class='ocrx_word' id='word_1_189' title='bbox 353 2935 440 2977; x_wconf 90' lang='lat' dir='ltr'>aram</span> <span class='ocrx_word' id='word_1_190' title='bbox 466 2929 575 2979; x_wconf 86' lang='lat' dir='ltr'>contra</span> <span class='ocrx_word' id='word_1_191' title='bbox 601 2915 794 2998; x_wconf 89' lang='lat' dir='ltr'>Gregorium</span> <span class='ocrx_word' id='word_1_192' title='bbox 818 2917 1037 3000; x_wconf 83' lang='lat' dir='ltr'>Wrecharyclr</span> <span class='ocrx_word' id='word_1_193' title='bbox 1069 2918 1101 2979; x_wconf 91' lang='lat' dir='ltr'>in</span> <span class='ocrx_word' id='word_1_194' title='bbox 1139 2917 1222 2981; x_wconf 89' lang='lat' dir='ltr'>facto</span> <span class='ocrx_word' id='word_1_195' title='bbox 1248 2921 1414 2983; x_wconf 91' lang='lat' dir='ltr'>cuiusdam</span> <span class='ocrx_word' id='word_1_196' title='bbox 1441 2924 1496 2988; x_wconf 92' lang='lat' dir='ltr'>bo·</span> 
     </span>
     <span class='ocr_line' id='line_1_23' title="bbox 233 3021 1493 3109; baseline 0.007 -28"><span class='ocrx_word' id='word_1_197' title='bbox 233 3021 306 3083; x_wconf 92' lang='lat' dir='ltr'>vine</span> <span class='ocrx_word' id='word_1_198' title='bbox 332 3023 412 3084; x_wconf 89' lang='lat' dir='ltr'>cutis</span> <span class='ocrx_word' id='word_1_199' title='bbox 435 3041 530 3104; x_wconf 90' lang='lat' dir='ltr'>super</span> <span class='ocrx_word' id='word_1_200' title='bbox 554 3041 603 3101; x_wconf 92' lang='lat' dir='ltr'>eo,</span> <span class='ocrx_word' id='word_1_201' title='bbox 620 3037 655 3084; x_wconf 91' lang='lat' dir='ltr'>ut</span> <span class='ocrx_word' id='word_1_202' title='bbox 677 3023 744 3104; x_wconf 90' lang='lat' dir='ltr'>ipse</span> <span class='ocrx_word' id='word_1_203' title='bbox 770 3023 953 3085; x_wconf 88' lang='lat' dir='ltr'>nescivisset</span> <span class='ocrx_word' id='word_1_204' title='bbox 976 3025 1000 3084; x_wconf 90' lang='lat' dir='ltr'>si</span> <span class='ocrx_word' id='word_1_205' title='bbox 1025 3024 1092 3105; x_wconf 91' lang='lat' dir='ltr'>ipsa</span> <span class='ocrx_word' id='word_1_206' title='bbox 1109 3025 1189 3086; x_wconf 90' lang='lat' dir='ltr'>cutis</span> <span class='ocrx_word' id='word_1_207' title='bbox 1206 3045 1302 3107; x_wconf 87' lang='lat' dir='ltr'>quam</span> <span class='ocrx_word' id='word_1_208' title='bbox 1328 3027 1394 3109; x_wconf 91' lang='lat' dir='ltr'>ipse</span> <span class='ocrx_word' id='word_1_209' title='bbox 1413 3027 1493 3090; x_wconf 86' lang='lat' dir='ltr'>Gre-</span> 
     </span>
     <span class='ocr_line' id='line_1_24' title="bbox 232 3126 1495 3210; baseline 0.006 -22"><span class='ocrx_word' id='word_1_210' title='bbox 232 3127 342 3209; x_wconf 86' lang='lat' dir='ltr'>gorius</span> <span class='ocrx_word' id='word_1_211' title='bbox 370 3147 465 3210; x_wconf 86' lang='lat' dir='ltr'>super</span> <span class='ocrx_word' id='word_1_212' title='bbox 496 3147 534 3190; x_wconf 93' lang='lat' dir='ltr'>eo</span> <span class='ocrx_word' id='word_1_213' title='bbox 567 3126 768 3190; x_wconf 89' lang='lat' dir='ltr'>Clementem</span> <span class='ocrx_word' id='word_1_214' title='bbox 801 3131 1071 3210; x_wconf 87' lang='lat' dir='ltr'>prosequebatur,</span> <span class='ocrx_word' id='word_1_215' title='bbox 1108 3128 1218 3192; x_wconf 90' lang='lat' dir='ltr'>fuisset</span> <span class='ocrx_word' id='word_1_216' title='bbox 1250 3134 1409 3195; x_wconf 89' lang='lat' dir='ltr'>subtracta</span> <span class='ocrx_word' id='word_1_217' title='bbox 1443 3135 1495 3197; x_wconf 95' lang='lat' dir='ltr'>vel</span> 
     </span>
     <span class='ocr_line' id='line_1_25' title="bbox 235 3233 1494 3320; baseline 0.006 -26"><span class='ocrx_word' id='word_1_218' title='bbox 235 3234 386 3295; x_wconf 88' lang='lat' dir='ltr'>subtracti</span> <span class='ocrx_word' id='word_1_219' title='bbox 411 3234 513 3314; x_wconf 91' lang='lat' dir='ltr'>bovis,</span> <span class='ocrx_word' id='word_1_220' title='bbox 550 3253 612 3316; x_wconf 93' lang='lat' dir='ltr'>que</span> <span class='ocrx_word' id='word_1_221' title='bbox 644 3253 701 3317; x_wconf 86' lang='lat' dir='ltr'>per</span> <span class='ocrx_word' id='word_1_222' title='bbox 733 3233 910 3316; x_wconf 87' lang='lat' dir='ltr'>Georgium</span> <span class='ocrx_word' id='word_1_223' title='bbox 942 3233 1045 3298; x_wconf 85' lang='lat' dir='ltr'>furem</span> <span class='ocrx_word' id='word_1_224' title='bbox 1069 3249 1100 3298; x_wconf 87' lang='lat' dir='ltr'>et</span> <span class='ocrx_word' id='word_1_225' title='bbox 1124 3235 1193 3316; x_wconf 77' lang='lat' dir='ltr'>&#39;jam</span> <span class='ocrx_word' id='word_1_226' title='bbox 1219 3257 1408 3320; x_wconf 85' lang='lat' dir='ltr'>suspensum</span> <span class='ocrx_word' id='word_1_227' title='bbox 1434 3239 1494 3302; x_wconf 89' lang='lat' dir='ltr'>sibi</span> 
     </span>
     <span class='ocr_line' id='line_1_26' title="bbox 233 3332 1266 3402; baseline 0.006 -2"><span class='ocrx_word' id='word_1_228' title='bbox 233 3340 361 3402; x_wconf 90' lang='lat' dir='ltr'>vendita</span> <span class='ocrx_word' id='word_1_229' title='bbox 387 3339 457 3402; x_wconf 88' lang='lat' dir='ltr'>fuit.</span> <span class='ocrx_word' id='word_1_230' title='bbox 1263 3332 1266 3338; x_wconf 44' lang='lat'>¹</span> 
     </span>
    </p>

    <p class='ocr_par' dir='ltr' id='par_1_3' title="bbox 230 3444 1492 4166">
     <span class='ocr_line' id='line_1_27' title="bbox 337 3444 1491 3532; baseline 0.007 -26"><span class='ocrx_word' id='word_1_231' title='bbox 337 3445 414 3508; x_wconf 88' lang='lat' dir='ltr'>item</span> <span class='ocrx_word' id='word_1_232' title='bbox 431 3447 548 3528; x_wconf 89' lang='lat' dir='ltr'>jurabit</span> <span class='ocrx_word' id='word_1_233' title='bbox 564 3444 706 3528; x_wconf 87' lang='lat' dir='ltr'>prefatus</span> <span class='ocrx_word' id='word_1_234' title='bbox 723 3445 898 3528; x_wconf 81' lang='lat' dir='ltr'>Gregorius</span> <span class='ocrx_word' id='word_1_235' title='bbox 911 3447 1118 3510; x_wconf 90' lang='lat' dir='ltr'>Wrecharich</span> <span class='ocrx_word' id='word_1_236' title='bbox 1136 3469 1193 3531; x_wconf 89' lang='lat' dir='ltr'>per</span> <span class='ocrx_word' id='word_1_237' title='bbox 1214 3449 1491 3532; x_wconf 85' lang='lat' dir='ltr'>adjudicacionem</span> 
     </span>
     <span class='ocr_line' id='line_1_28' title="bbox 230 3551 1491 3640; baseline 0.006 -27"><span class='ocrx_word' id='word_1_238' title='bbox 230 3552 407 3634; x_wconf 87' lang='lat' dir='ltr'>juratorum</span> <span class='ocrx_word' id='word_1_239' title='bbox 432 3553 499 3615; x_wconf 89' lang='lat' dir='ltr'>sola</span> <span class='ocrx_word' id='word_1_240' title='bbox 516 3573 572 3615; x_wconf 86' lang='lat' dir='ltr'>sua</span> <span class='ocrx_word' id='word_1_241' title='bbox 597 3553 630 3614; x_wconf 94' lang='lat' dir='ltr'>in</span> <span class='ocrx_word' id='word_1_242' title='bbox 654 3573 790 3635; x_wconf 87' lang='lat' dir='ltr'>persona</span> <span class='ocrx_word' id='word_1_243' title='bbox 807 3551 885 3616; x_wconf 85' lang='lat' dir='ltr'>feria</span> <span class='ocrx_word' id='word_1_244' title='bbox 905 3567 992 3616; x_wconf 87' lang='lat' dir='ltr'>sexta</span> <span class='ocrx_word' id='word_1_245' title='bbox 1009 3555 1120 3616; x_wconf 89' lang='lat' dir='ltr'>eadem</span> <span class='ocrx_word' id='word_1_246' title='bbox 1139 3569 1210 3637; x_wconf 91' lang='lat' dir='ltr'>post</span> <span class='ocrx_word' id='word_1_247' title='bbox 1226 3569 1372 3620; x_wconf 89' lang='lat' dir='ltr'>octavam</span> <span class='ocrx_word' id='word_1_248' title='bbox 1390 3557 1491 3640; x_wconf 91' lang='lat' dir='ltr'>ipsius</span> 
     </span>
     <span class='ocr_line' id='line_1_29' title="bbox 231 3658 1488 3745; baseline 0.006 -26"><span class='ocrx_word' id='word_1_249' title='bbox 231 3658 301 3720; x_wconf 85' lang='lat' dir='ltr'>festi</span> <span class='ocrx_word' id='word_1_250' title='bbox 327 3659 422 3721; x_wconf 85' lang='lat' dir='ltr'>Pasce</span> <span class='ocrx_word' id='word_1_251' title='bbox 440 3659 571 3721; x_wconf 86' lang='lat' dir='ltr'>Domini</span> <span class='ocrx_word' id='word_1_252' title='bbox 596 3679 691 3742; x_wconf 86' lang='lat' dir='ltr'>super</span> <span class='ocrx_word' id='word_1_253' title='bbox 708 3679 757 3739; x_wconf 91' lang='lat' dir='ltr'>e0,</span> <span class='ocrx_word' id='word_1_254' title='bbox 778 3673 812 3722; x_wconf 93' lang='lat' dir='ltr'>ut</span> <span class='ocrx_word' id='word_1_255' title='bbox 836 3661 903 3742; x_wconf 91' lang='lat' dir='ltr'>ipsa</span> <span class='ocrx_word' id='word_1_256' title='bbox 921 3662 1010 3740; x_wconf 91' lang='lat' dir='ltr'>cutis,</span> <span class='ocrx_word' id='word_1_257' title='bbox 1029 3681 1125 3742; x_wconf 87' lang='lat' dir='ltr'>quarn</span> <span class='ocrx_word' id='word_1_258' title='bbox 1143 3663 1304 3744; x_wconf 89' lang='lat' dir='ltr'>predictus</span> <span class='ocrx_word' id='word_1_259' title='bbox 1329 3661 1488 3745; x_wconf 91' lang='lat' dir='ltr'>Georgius</span> 
     </span>
     <span class='ocr_line' id='line_1_30' title="bbox 231 3763 1488 3848; baseline 0.005 -24"><span class='ocrx_word' id='word_1_260' title='bbox 231 3763 281 3826; x_wconf 85' lang='lat' dir='ltr'>fur</span> <span class='ocrx_word' id='word_1_261' title='bbox 304 3784 476 3846; x_wconf 88' lang='lat' dir='ltr'>suspensus</span> <span class='ocrx_word' id='word_1_262' title='bbox 499 3764 622 3847; x_wconf 86' lang='lat' dir='ltr'>prefato</span> <span class='ocrx_word' id='word_1_263' title='bbox 647 3765 809 3828; x_wconf 90' lang='lat' dir='ltr'>Clementi</span> <span class='ocrx_word' id='word_1_264' title='bbox 837 3765 988 3848; x_wconf 85' lang='lat' dir='ltr'>frenipari</span> <span class='ocrx_word' id='word_1_265' title='bbox 1012 3766 1115 3848; x_wconf 91' lang='lat' dir='ltr'>jurato</span> <span class='ocrx_word' id='word_1_266' title='bbox 1150 3768 1306 3847; x_wconf 91' lang='lat' dir='ltr'>vendidit,</span> <span class='ocrx_word' id='word_1_267' title='bbox 1331 3767 1391 3832; x_wconf 86' lang='lat' dir='ltr'>tuit</span> <span class='ocrx_word' id='word_1_268' title='bbox 1414 3789 1488 3830; x_wconf 90' lang='lat' dir='ltr'>vera</span> 
     </span>
     <span class='ocr_line' id='line_1_31' title="bbox 230 3870 1491 3958; baseline 0.004 -26"><span class='ocrx_word' id='word_1_269' title='bbox 230 3871 309 3932; x_wconf 88' lang='lat' dir='ltr'>cutis</span> <span class='ocrx_word' id='word_1_270' title='bbox 334 3871 424 3932; x_wconf 91' lang='lat' dir='ltr'>bovis</span> <span class='ocrx_word' id='word_1_271' title='bbox 441 3871 540 3953; x_wconf 90' lang='lat' dir='ltr'>ipsius</span> <span class='ocrx_word' id='word_1_272' title='bbox 566 3870 714 3952; x_wconf 89' lang='lat' dir='ltr'>Gregorii</span> <span class='ocrx_word' id='word_1_273' title='bbox 732 3872 960 3955; x_wconf 89' lang='lat' dir='ltr'>Wrecharych,</span> <span class='ocrx_word' id='word_1_274' title='bbox 986 3885 1017 3934; x_wconf 91' lang='lat' dir='ltr'>et</span> <span class='ocrx_word' id='word_1_275' title='bbox 1033 3872 1111 3934; x_wconf 90' lang='lat' dir='ltr'>dum</span> <span class='ocrx_word' id='word_1_276' title='bbox 1135 3872 1296 3954; x_wconf 82' lang='lat' dir='ltr'>juraverit,</span> <span class='ocrx_word' id='word_1_277' title='bbox 1323 3889 1398 3937; x_wconf 89' lang='lat' dir='ltr'>tunc</span> <span class='ocrx_word' id='word_1_278' title='bbox 1423 3876 1491 3958; x_wconf 92' lang='lat' dir='ltr'>ipse</span> 
     </span>
     <span class='ocr_line' id='line_1_32' title="bbox 231 3976 1492 4062; baseline 0.004 -24"><span class='ocrx_word' id='word_1_279' title='bbox 231 3977 383 4038; x_wconf 89' lang='lat' dir='ltr'>Clemens</span> <span class='ocrx_word' id='word_1_280' title='bbox 407 3976 546 4060; x_wconf 86' lang='lat' dir='ltr'>frenipar</span> <span class='ocrx_word' id='word_1_281' title='bbox 569 3978 688 4040; x_wconf 90' lang='lat' dir='ltr'>dictam</span> <span class='ocrx_word' id='word_1_282' title='bbox 713 3991 819 4040; x_wconf 89' lang='lat' dir='ltr'>cutem</span> <span class='ocrx_word' id='word_1_283' title='bbox 844 3979 902 4060; x_wconf 91' lang='lat' dir='ltr'>ipsi</span> <span class='ocrx_word' id='word_1_284' title='bbox 932 3976 1090 4059; x_wconf 90' lang='lat' dir='ltr'>Gregorio</span> <span class='ocrx_word' id='word_1_285' title='bbox 1122 3981 1306 4062; x_wconf 90' lang='lat' dir='ltr'>persolvere</span> <span class='ocrx_word' id='word_1_286' title='bbox 1331 3983 1492 4044; x_wconf 90' lang='lat' dir='ltr'>tenebitur</span> 
     </span>
     <span class='ocr_line' id='line_1_33' title="bbox 230 4083 581 4166; baseline 0.006 -22"><span class='ocrx_word' id='word_1_287' title='bbox 230 4083 355 4166; x_wconf 87' lang='lat' dir='ltr'>justicia</span> <span class='ocrx_word' id='word_1_288' title='bbox 379 4097 581 4166; x_wconf 86' lang='lat' dir='ltr'>exposcente.</span> 
     </span>
    </p>

    <p class='ocr_par' dir='ltr' id='par_1_4' title="bbox 228 4189 1490 5126">
     <span class='ocr_line' id='line_1_34' title="bbox 336 4189 1489 4276; baseline 0.004 -26"><span class='ocrx_word' id='word_1_289' title='bbox 336 4189 414 4251; x_wconf 93' lang='lat' dir='ltr'>Item</span> <span class='ocrx_word' id='word_1_290' title='bbox 440 4191 579 4276; x_wconf 30' lang='lat' dir='ltr'>quialad</span> <span class='ocrx_word' id='word_1_291' title='bbox 606 4191 722 4252; x_wconf 89' lang='lat' dir='ltr'>trinam</span> <span class='ocrx_word' id='word_1_292' title='bbox 755 4190 914 4254; x_wconf 85' lang='lat' dir='ltr'>forensem</span> <span class='ocrx_word' id='word_1_293' title='bbox 948 4203 979 4252; x_wconf 90' lang='lat' dir='ltr'>et</span> <span class='ocrx_word' id='word_1_294' title='bbox 1001 4191 1165 4273; x_wconf 90' lang='lat' dir='ltr'>publicam</span> <span class='ocrx_word' id='word_1_295' title='bbox 1197 4192 1489 4274; x_wconf 89' lang='lat' dir='ltr'>proclamacionem</span> 
     </span>
     <span class='ocr_line' id='line_1_35' title="bbox 230 4297 1489 4379; baseline 0.004 -22"><span class='ocrx_word' id='word_1_296' title='bbox 230 4315 286 4377; x_wconf 91' lang='lat' dir='ltr'>per</span> <span class='ocrx_word' id='word_1_297' title='bbox 318 4316 377 4357; x_wconf 88' lang='lat' dir='ltr'>nos</span> <span class='ocrx_word' id='word_1_298' title='bbox 407 4297 578 4379; x_wconf 91' lang='lat' dir='ltr'>superinde</span> <span class='ocrx_word' id='word_1_299' title='bbox 610 4297 788 4379; x_wconf 89' lang='lat' dir='ltr'>specialiter</span> <span class='ocrx_word' id='word_1_300' title='bbox 819 4298 858 4358; x_wconf 92' lang='lat' dir='ltr'>de</span> <span class='ocrx_word' id='word_1_301' title='bbox 890 4317 979 4359; x_wconf 91' lang='lat' dir='ltr'>more</span> <span class='ocrx_word' id='word_1_302' title='bbox 1011 4298 1089 4359; x_wconf 87' lang='lat' dir='ltr'>alias</span> <span class='ocrx_word' id='word_1_303' title='bbox 1120 4311 1271 4362; x_wconf 90' lang='lat' dir='ltr'>consveto</span> <span class='ocrx_word' id='word_1_304' title='bbox 1302 4300 1369 4362; x_wconf 90' lang='lat' dir='ltr'>fieri</span> <span class='ocrx_word' id='word_1_305' title='bbox 1402 4321 1489 4362; x_wconf 91' lang='lat' dir='ltr'>com·</span> 
     </span>
     <span class='ocr_line' id='line_1_36' title="bbox 232 4403 1490 4486; baseline 0.006 -24"><span class='ocrx_word' id='word_1_306' title='bbox 232 4403 373 4481; x_wconf 90' lang='lat' dir='ltr'>missam,</span> <span class='ocrx_word' id='word_1_307' title='bbox 396 4403 531 4484; x_wconf 91' lang='lat' dir='ltr'>provide</span> <span class='ocrx_word' id='word_1_308' title='bbox 555 4403 682 4464; x_wconf 90' lang='lat' dir='ltr'>mulieri</span> <span class='ocrx_word' id='word_1_309' title='bbox 701 4404 801 4466; x_wconf 87' lang='lat' dir='ltr'>Elene</span> <span class='ocrx_word' id='word_1_310' title='bbox 817 4404 938 4486; x_wconf 88' lang='lat' dir='ltr'>pistrici</span> <span class='ocrx_word' id='word_1_311' title='bbox 962 4403 1071 4466; x_wconf 90' lang='lat' dir='ltr'>relicte</span> <span class='ocrx_word' id='word_1_312' title='bbox 1090 4405 1227 4466; x_wconf 86' lang='lat' dir='ltr'>condam</span> <span class='ocrx_word' id='word_1_313' title='bbox 1252 4453 1259 4468; x_wconf 91' lang='lat'>.</span> <span class='ocrx_word' id='word_1_314' title='bbox 1284 4453 1291 4468; x_wconf 93' lang='lat'>.</span> <span class='ocrx_word' id='word_1_315' title='bbox 1317 4452 1324 4468; x_wconf 95' lang='lat'>.</span> <span class='ocrx_word' id='word_1_316' title='bbox 1350 4407 1382 4467; x_wconf 94' lang='lat' dir='ltr'>in</span> <span class='ocrx_word' id='word_1_317' title='bbox 1406 4405 1490 4469; x_wconf 84' lang='lat' dir='ltr'>iacto</span> 
     </span>
     <span class='ocr_line' id='line_1_37' title="bbox 228 4506 1490 4590; baseline 0.004 -21"><span class='ocrx_word' id='word_1_318' title='bbox 228 4506 360 4590; x_wconf 87' lang='lat' dir='ltr'>pacifice</span> <span class='ocrx_word' id='word_1_319' title='bbox 384 4509 594 4590; x_wconf 89' lang='lat' dir='ltr'>possessionis</span> <span class='ocrx_word' id='word_1_320' title='bbox 618 4523 648 4570; x_wconf 93' lang='lat' dir='ltr'>et</span> <span class='ocrx_word' id='word_1_321' title='bbox 672 4511 772 4590; x_wconf 85' lang='lat' dir='ltr'>quieti</span> <span class='ocrx_word' id='word_1_322' title='bbox 797 4509 932 4571; x_wconf 91' lang='lat' dir='ltr'>dominii</span> <span class='ocrx_word' id='word_1_323' title='bbox 957 4509 1122 4571; x_wconf 90' lang='lat' dir='ltr'>cuiusdam</span> <span class='ocrx_word' id='word_1_324' title='bbox 1148 4510 1263 4572; x_wconf 89' lang='lat' dir='ltr'>domus</span> <span class='ocrx_word' id='word_1_325' title='bbox 1287 4525 1317 4573; x_wconf 91' lang='lat' dir='ltr'>et</span> <span class='ocrx_word' id='word_1_326' title='bbox 1341 4509 1432 4574; x_wconf 86' lang='lat' dir='ltr'>fundi</span> <span class='ocrx_word' id='word_1_327' title='bbox 1459 4515 1490 4575; x_wconf 94' lang='lat' dir='ltr'>in</span> 
     </span>
     <span class='ocr_line' id='line_1_38' title="bbox 228 4614 1488 4697; baseline 0.006 -22"><span class='ocrx_word' id='word_1_328' title='bbox 228 4614 369 4697; x_wconf 87' lang='lat' dir='ltr'>predicta</span> <span class='ocrx_word' id='word_1_329' title='bbox 393 4615 519 4677; x_wconf 92' lang='lat' dir='ltr'>civitate</span> <span class='ocrx_word' id='word_1_330' title='bbox 543 4616 625 4678; x_wconf 91' lang='lat' dir='ltr'>inter</span> <span class='ocrx_word' id='word_1_331' title='bbox 649 4616 784 4678; x_wconf 90' lang='lat' dir='ltr'>domum</span> <span class='ocrx_word' id='word_1_332' title='bbox 809 4631 840 4678; x_wconf 91' lang='lat' dir='ltr'>et</span> <span class='ocrx_word' id='word_1_333' title='bbox 871 4615 1006 4678; x_wconf 81' lang='lat' dir='ltr'>fundum</span> <span class='ocrx_word' id='word_1_334' title='bbox 1031 4617 1207 4678; x_wconf 86' lang='lat' dir='ltr'>liberorum</span> <span class='ocrx_word' id='word_1_335' title='bbox 1239 4619 1377 4680; x_wconf 89' lang='lat' dir='ltr'>condam</span> <span class='ocrx_word' id='word_1_336' title='bbox 1404 4619 1488 4683; x_wconf 88' lang='lat' dir='ltr'>Petri</span> 
     </span>
     <span class='ocr_line' id='line_1_39' title="bbox 228 4720 1487 4807; baseline 0.005 -25"><span class='ocrx_word' id='word_1_337' title='bbox 228 4720 494 4784; x_wconf 89' lang='lat' dir='ltr'>molendinatoris</span> <span class='ocrx_word' id='word_1_338' title='bbox 518 4735 549 4783; x_wconf 90' lang='lat' dir='ltr'>et</span> <span class='ocrx_word' id='word_1_339' title='bbox 572 4723 654 4784; x_wconf 89' lang='lat' dir='ltr'>inter</span> <span class='ocrx_word' id='word_1_340' title='bbox 677 4723 744 4784; x_wconf 89' lang='lat' dir='ltr'>vias</span> <span class='ocrx_word' id='word_1_341' title='bbox 768 4742 956 4785; x_wconf 87' lang='lat' dir='ltr'>communes</span> <span class='ocrx_word' id='word_1_342' title='bbox 972 4723 1089 4803; x_wconf 90' lang='lat' dir='ltr'>habite,</span> <span class='ocrx_word' id='word_1_343' title='bbox 1108 4743 1203 4786; x_wconf 90' lang='lat' dir='ltr'>unam</span> <span class='ocrx_word' id='word_1_344' title='bbox 1229 4739 1375 4807; x_wconf 89' lang='lat' dir='ltr'>quartam</span> <span class='ocrx_word' id='word_1_345' title='bbox 1402 4727 1487 4788; x_wconf 91' lang='lat' dir='ltr'>curie</span> 
     </span>
     <span class='ocr_line' id='line_1_40' title="bbox 228 4829 1489 4912; baseline 0.004 -24"><span class='ocrx_word' id='word_1_346' title='bbox 228 4829 260 4888; x_wconf 96' lang='lat' dir='ltr'>in</span> <span class='ocrx_word' id='word_1_347' title='bbox 285 4848 318 4888; x_wconf 91' lang='lat' dir='ltr'>se</span> <span class='ocrx_word' id='word_1_348' title='bbox 343 4829 547 4909; x_wconf 90' lang='lat' dir='ltr'>continentis,</span> <span class='ocrx_word' id='word_1_349' title='bbox 573 4849 669 4890; x_wconf 91' lang='lat' dir='ltr'>nemo</span> <span class='ocrx_word' id='word_1_350' title='bbox 693 4830 820 4911; x_wconf 90' lang='lat' dir='ltr'>penitus</span> <span class='ocrx_word' id='word_1_351' title='bbox 849 4829 1064 4891; x_wconf 88' lang='lat' dir='ltr'>contradictor</span> <span class='ocrx_word' id='word_1_352' title='bbox 1093 4831 1240 4912; x_wconf 89' lang='lat' dir='ltr'>apparuit</span> <span class='ocrx_word' id='word_1_353' title='bbox 1264 4851 1322 4893; x_wconf 91' lang='lat' dir='ltr'>nec</span> <span class='ocrx_word' id='word_1_354' title='bbox 1346 4832 1406 4892; x_wconf 93' lang='lat' dir='ltr'>sibi</span> <span class='ocrx_word' id='word_1_355' title='bbox 1431 4833 1489 4894; x_wconf 92' lang='lat' dir='ltr'>hu·</span> 
     </span>
     <span class='ocr_line' id='line_1_41' title="bbox 228 4931 1489 5017; baseline 0.003 -23"><span class='ocrx_word' id='word_1_356' title='bbox 228 4953 348 5014; x_wconf 92' lang='lat' dir='ltr'>cusque</span> <span class='ocrx_word' id='word_1_357' title='bbox 374 4933 405 4994; x_wconf 93' lang='lat' dir='ltr'>in</span> <span class='ocrx_word' id='word_1_358' title='bbox 430 4931 514 4994; x_wconf 86' lang='lat' dir='ltr'>facto</span> <span class='ocrx_word' id='word_1_359' title='bbox 539 4935 622 4996; x_wconf 89' lang='lat' dir='ltr'>dicte</span> <span class='ocrx_word' id='word_1_360' title='bbox 640 4935 756 4996; x_wconf 89' lang='lat' dir='ltr'>domus</span> <span class='ocrx_word' id='word_1_361' title='bbox 780 4955 835 4996; x_wconf 89' lang='lat' dir='ltr'>sue</span> <span class='ocrx_word' id='word_1_362' title='bbox 860 4948 890 4996; x_wconf 89' lang='lat' dir='ltr'>et</span> <span class='ocrx_word' id='word_1_363' title='bbox 908 4933 997 4996; x_wconf 87' lang='lat' dir='ltr'>fundi</span> <span class='ocrx_word' id='word_1_364' title='bbox 1015 4937 1110 4996; x_wconf 87' lang='lat' dir='ltr'>unius</span> <span class='ocrx_word' id='word_1_365' title='bbox 1127 4948 1237 5017; x_wconf 89' lang='lat' dir='ltr'>quarte</span> <span class='ocrx_word' id='word_1_366' title='bbox 1261 4937 1347 4997; x_wconf 88' lang='lat' dir='ltr'>curie</span> <span class='ocrx_word' id='word_1_367' title='bbox 1364 4951 1489 5008; x_wconf 88' lang='lat' dir='ltr'>contra·</span> 
     </span>
     <span class='ocr_line' id='line_1_42' title="bbox 229 5039 1490 5126; baseline 0.005 -26"><span class='ocrx_word' id='word_1_368' title='bbox 229 5039 361 5103; x_wconf 89' lang='lat' dir='ltr'>dictorie</span> <span class='ocrx_word' id='word_1_369' title='bbox 394 5039 548 5122; x_wconf 90' lang='lat' dir='ltr'>obviavit,</span> <span class='ocrx_word' id='word_1_370' title='bbox 582 5040 721 5126; x_wconf 87' lang='lat' dir='ltr'>ideoque</span> <span class='ocrx_word' id='word_1_371' title='bbox 753 5061 811 5105; x_wconf 90' lang='lat' dir='ltr'>nos</span> <span class='ocrx_word' id='word_1_372' title='bbox 844 5041 980 5106; x_wconf 86' lang='lat' dir='ltr'>eandem</span> <span class='ocrx_word' id='word_1_373' title='bbox 1013 5041 1146 5106; x_wconf 89' lang='lat' dir='ltr'>domum</span> <span class='ocrx_word' id='word_1_374' title='bbox 1172 5057 1202 5106; x_wconf 90' lang='lat' dir='ltr'>et</span> <span class='ocrx_word' id='word_1_375' title='bbox 1227 5040 1362 5106; x_wconf 82' lang='lat' dir='ltr'>fundum</span> <span class='ocrx_word' id='word_1_376' title='bbox 1395 5043 1490 5108; x_wconf 88' lang='lat' dir='ltr'>unius</span> 
     </span>
    </p>
   </div>
   <div class='ocr_carea' id='block_1_2' title="bbox 0 0 1902 5812">
    <p class='ocr_par' dir='ltr' id='par_1_5' title="bbox 0 0 1902 5812">
     <span class='ocr_line' id='line_1_43' title="bbox 0 0 1902 5812; baseline 0 4"><span class='ocrx_word' id='word_1_377' title='bbox 0 0 1902 5812; x_wconf 95' lang='lat' dir='ltr'> </span> 
     </span>
    </p>
   </div>
  </div>
 </body>
</html>
