3796 5812
435 541 499 620 488

542 753 620 816 ltem
644 774 738 816 causa
764 756 845 816 inter
871 755 1034 817 Thomam
1060 756 1162 818 filium
1189 757 1312 818 Franch
1339 772 1374 820 ut
1394 773 1534 821 actorem
1559 776 1591 822 et
1616 759 1705 842 (Cle-

438 859 591 940 mentem)
617 861 739 922 Brodat
762 861 884 922 dictum
908 877 943 923 ut
967 863 999 923 in
1024 883 1151 924 causam
1173 875 1341 926 attractum
1359 865 1454 926 hodie
1478 867 1518 927 ad
1542 881 1619 928 octo
1638 867 1706 927 dies

438 966 477 1027 ad
502 985 614 1048 pacem
640 981 685 1028 est
709 981 846 1050 recepta.

543 1073 620 1134 Item
646 1093 739 1134 causa
772 1075 853 1136 inter
878 1073 1054 1156 Georgium
1087 1076 1271 1140 Crouacum
1296 1091 1330 1138 ut
1361 1091 1500 1140 actorem
1525 1091 1556 1140 et
1580 1078 1703 1140 Valen-

436 1179 540 1240 tinum
565 1180 654 1240 utin
679 1199 806 1241 causam
831 1195 1010 1260 attractum,
1034 1183 1066 1242 in
1092 1182 1191 1244 domo
1214 1182 1351 1245 condam
1366 1183 1529 1267 Jagodych
1554 1202 1705 1246 commo·

438 1299 571 1364 tantem,
596 1286 635 1346 ad
660 1299 734 1348 octo
759 1286 826 1347 dies
850 1287 889 1348 ad
913 1307 1024 1370 pacem
1050 1303 1095 1350 est
1119 1305 1254 1372 recepta.

543 1391 620 1453 Item
653 1391 728 1473 quia
763 1389 922 1474 Georgius
961 1394 1039 1454 alias
1070 1395 1207 1478 Blasych
1239 1396 1341 1458 dictus
1380 1395 1464 1458 filius
1497 1397 1630 1458 Martini
1666 1396 1705 1457 de

438 1497 586 1561 Grachan
618 1519 691 1560 cum
722 1498 892 1562 sufficienti
925 1513 956 1561 et
988 1499 1151 1582 fidedigno
1184 1515 1366 1564 nostrorum
1398 1503 1580 1564 concivium
1615 1503 1703 1563 testi-

437 1606 548 1666 monio
574 1604 606 1666 in
630 1604 751 1686 judicio
776 1606 998 1687 comprobavit
1026 1626 1133 1668 coram
1166 1609 1270 1686 nobis,
1302 1608 1390 1690 quod
1424 1608 1556 1690 quidam
1583 1607 1707 1669 fundus

438 1731 558 1772 vacuus
583 1725 614 1774 et
637 1712 779 1773 desertus
803 1713 835 1774 in
861 1713 931 1774 vico
956 1727 1065 1774 nostro
1097 1715 1244 1776 exteriori
1274 1715 1356 1776 inter
1387 1714 1502 1776 domos
1524 1715 1705 1776 liberorum

444 1818 581 1880 condam
606 1819 692 1880 luce
717 1831 747 1881 et
772 1819 923 1901 Symonis
947 1819 1003 1880 filii
1027 1820 1156 1882 Andree
1173 1820 1213 1882 de
1238 1819 1386 1882 Grachan
1410 1867 1418 1882 .
1445 1868 1452 1882 .
1478 1867 1485 1882 .
1510 1821 1601 1882 inse
1628 1841 1705 1881 con-

440 1925 548 2002 tinens
571 1925 631 1986 sibi
656 1945 712 2008 per
736 1927 1001 1988 communitatem
1034 1941 1064 1986 et
1088 1927 1264 1989 Benedicto
1297 1925 1384 1988 fratri
1408 1947 1467 1988 suo
1491 1926 1553 2008 jam
1586 1927 1707 1988 nostris

440 2031 626 2092 concivibus
643 2051 701 2113 pro
718 2030 786 2093 Vlll
811 2032 917 2112 pensis
934 2032 1140 2094 denariorum
1158 2033 1306 2094 venditus
1322 2033 1485 2111 extitisset,
1504 2032 1577 2094 ideo
1596 2033 1704 2114 ipsum

438 2139 575 2201 fundum
600 2139 720 2200 eisdem
746 2159 819 2200 cum
844 2141 909 2200 suis
925 2139 1160 2221 integritatibus
1177 2155 1207 2200 et
1224 2139 1429 2221 pertinenciis
1453 2141 1512 2200 sub
1537 2139 1718 2220 prioribus⁴

438 2260 469 2308 et
492 2245 631 2326 antiquis
655 2245 719 2306 suis
743 2245 835 2306 metis
859 2246 1028 2307 statuimus
1052 2261 1208 2328 perpetuo
1233 2246 1475 2327 possidendum.

545 2352 622 2413 ltem
648 2351 808 2432 Georgius
833 2351 1012 2432 inquilinus
1037 2351 1203 2414 Michaelis
1224 2351 1281 2412 filii
1307 2352 1459 2434 Symonis
1483 2365 1513 2414 et
1538 2351 1703 2434 Georgius

439 2459 536 2521 frater
561 2457 739 2538 Gregurich
764 2471 875 2520 contra
899 2457 1090 2519 Michaelem
1118 2458 1222 2519 virum
1248 2456 1527 2541 Gyurgckowiche
1559 2459 1705 2520 secundo

438 2565 524 2627 citati
549 2584 614 2626 non
639 2577 896 2644 comparuerunt.

545 2671 624 2732 Item
650 2668 809 2752 Georgius
833 2671 976 2731 literatus
1005 2670 1084 2731 alias
1108 2669 1252 2752 Ferbych
1277 2670 1380 2732 dictus
1403 2684 1590 2752 procurator
1615 2671 1701 2731 Lau-

439 2777 537 2840 rencii
562 2777 725 2854 institoris,
751 2777 847 2838 nostri
873 2776 1031 2855 concives,
1056 2776 1152 2838 hodie
1176 2776 1216 2837 ad
1241 2789 1314 2837 octo
1339 2777 1407 2837 dies
1428 2790 1539 2838 contra
1558 2776 1700 2838 Sabkam

439 2883 537 2945 filiam
563 2882 763 2964 Margarethe
781 2881 1004 2944 Prasichnicha
1037 2882 1391 2944 dictamtestimonium
1422 2880 1624 2964 fidedignum
1642 2903 1701 2965 per

438 2990 581 3052 relictam
605 2989 742 3050 condam
766 2988 886 3050 Vrbani
912 2988 1131 3070 Crapcheiuch
1155 3002 1186 3050 et
1214 3009 1346 3050 uxorem
1370 3009 1405 3050 ac
1430 2988 1529 3050 filiam
1555 2989 1697 3051 Puchich

438 3097 471 3156 in
495 3115 588 3157 causa
612 3109 721 3156 contra
738 3094 872 3157 eandem
898 3095 1038 3156 Zabltam
1062 3115 1118 3177 per
1135 3095 1240 3176 ipsum
1258 3094 1435 3177 Georgium
1461 3095 1607 3177 Ferbych
1625 3115 1702 3178 pro-

438 3203 541 3283 posita
565 3202 661 3264 debet
684 3201 870 3282 producere.

545 3309 622 3371 ltem
648 3328 741 3370 causa
774 3309 855 3368 inter
878 3308 1087 3370 Valentinum
1117 3307 1219 3369 filium
1248 3308 1414 3370 Michaelis
1446 3321 1481 3370 ut
1504 3323 1646 3370 actorem
1672 3321 1703 3369 et

439 3415 642 3478 Anthonium
667 3413 846 3476 carnificem
872 3415 1053 3496 privignum
1073 3415 1234 3476 Dudinich
1261 3427 1295 3476 ut
1320 3416 1351 3476 in
1376 3435 1503 3477 causam
1521 3429 1703 3493 attractum,

440 3521 536 3583 hodie
561 3519 601 3582 ad
625 3535 698 3582 octo
723 3520 790 3582 dies
814 3521 853 3581 ad
879 3540 989 3602 pacem
1015 3534 1061 3582 est
1085 3535 1221 3602 recepta.

546 3627 622 3688 ltem
640 3647 732 3688 causa
750 3628 832 3688 inter
849 3628 1082 3708 Margaretham
1100 3627 1341 3688 Zwelcheuicha
1359 3627 1476 3690 dictam
1498 3641 1531 3688 ut
1548 3628 1699 3689 actricem

440 3747 470 3794 et
496 3732 702 3794 Katherinam
722 3733 864 3794 relictam
882 3733 1011 3816 Mathey
1036 3734 1074 3793 de
1100 3733 1259 3795 Kraleuch
1276 3749 1311 3795 ut
1328 3733 1359 3794 in
1377 3753 1505 3795 causam
1522 3746 1700 3810 attractam,

440 3839 536 3901 hodie
560 3839 599 3900 ad
625 3853 698 3900 octo
723 3839 790 3900 dies
814 3839 853 3900 ad
878 3859 990 3921 pacem
1015 3853 1062 3901 est
1085 3853 1221 3920 recepta.

545 3945 624 4007 ltem
656 3946 730 4026 quia
755 3947 862 4006 Zabka
894 3944 957 4006 filia
983 3945 1183 4026 Margarethe
1208 3944 1444 4006 Prasichinicha
1469 3945 1552 4006 dicte
1576 3945 1698 4026 pluries

439 4053 472 4114 in
498 4050 663 4113 maleficiis
687 4052 887 4113 multimodis
911 4065 942 4112 et
966 4051 1056 4113 furtis
1080 4065 1125 4112 est
1142 4051 1349 4133 deprehensa,
1368 4051 1440 4112 ideo
1458 4050 1550 4130 jurati
1576 4049 1701 4130 adjudi-

441 4172 604 4237 caverunt,
629 4159 716 4239 quod
741 4159 1013 4240 quandocumque
1038 4158 1077 4220 de
1102 4172 1208 4220 cetero
1237 4159 1268 4218 in
1292 4159 1397 4239 primo
1421 4157 1579 4219 maleficio
1596 4178 1701 4238 repre·

440 4264 537 4326 hensa
556 4263 661 4344 luerit,
685 4265 861 4324 secundum
879 4264 1082 4346 privilegium
1106 4265 1241 4325 civitatis
1257 4265 1390 4345 turpiter
1413 4265 1590 4325 secundum
1606 4283 1698 4326 suum

440 4372 633 4433 demeritum
659 4372 809 4452 punietur
833 4385 863 4432 et
887 4385 972 4431 extra
997 4371 1158 4432 civitatem
1183 4371 1368 4451 expelletur.

545 4477 623 4538 ltem
655 4477 748 4559 jurati
780 4476 1060 4556 adjudicaverunt,
1093 4476 1180 4556 quod
1214 4477 1394 4558 Stephanus
1427 4475 1626 4538 Oczthouich
1667 4489 1699 4536 ut

439 4598 527 4645 actor
552 4583 648 4644 hodie
665 4584 705 4644 ad
730 4597 803 4645 octo
821 4583 888 4644 dies
912 4603 1006 4664 super
1026 4601 1112 4643 aram
1130 4583 1290 4643 solitarius
1308 4595 1416 4643 contra
1442 4583 1583 4643 Zabkam
1600 4580 1697 4642 filiam

440 4689 642 4770 Margarethe
668 4689 902 4750 Prasichinicha
927 4689 1009 4750 dicte
1038 4689 1133 4749 debet
1163 4687 1378 4768 juramentum
1411 4687 1574 4769 deponere
1605 4705 1699 4768 supet

440 4797 584 4878 quinque
608 4796 714 4876 pensis
743 4796 947 4856 denariorum
980 4797 1060 4855 circa
1094 4796 1219 4854 beatam
1254 4794 1409 4874 virginem
1435 4793 1698 4854 Wahraciensem

441 4903 559 4963 dictam
586 4903 706 4983 absque
723 4901 795 4963 XVl
820 4902 969 4978 denariis,
987 4917 1017 4962 et
1037 4915 1208 4982 postquam
1226 4899 1377 4981 juraverit
1399 4913 1474 4961 tunc
1492 4899 1575 4960 dicta
1592 4899 1698 4960 Zablra

439 5007 498 5069 sibi
524 5008 563 5069 ad
589 5007 767 5089 quindenas
791 5008 991 5070 solucionem
1023 5007 1152 5090 plenam
1178 5005 1217 5067 de
1249 5005 1370 5070 eisdem
1395 5004 1568 5088 inpendere
1593 5004 1697 5066 debet.
