3852 5820
403 515 446 593 48
820 516 907 574 Anno
931 525 1018 592 1417.
1041 549 1086 561 --
1109 528 1156 572 ιι.
1173 515 1265 590 J'unii.

510 723 587 784 ltem
613 723 688 805 quia
714 724 852 786 Michael
875 737 976 786 sartor
1000 737 1108 786 noster
1125 723 1266 785 concivis
1290 723 1405 804 quinto
1429 743 1463 784 se
1488 736 1519 784 et
1535 723 1669 784 domina

405 830 505 890 Elena
530 849 610 890 uxor
633 831 701 890 eius
724 829 870 891 similiter
894 831 1008 912 quinto
1032 850 1064 891 se
1089 843 1199 891 contra
1217 830 1362 890 Marcum
1387 829 1594 910 jobagionem
1612 830 1669 890 Ni-

403 935 485 997 colai
511 935 621 998 Thoth
654 936 685 996 in
720 935 890 998 Petrouina
924 935 1117 998 residentem
1152 955 1246 1016 super
1278 935 1408 996 accione
1440 935 1540 1017 ipsius
1568 935 1668 996 Marci

404 1042 543 1104 termino
574 1043 787 1123 suprascripto
819 1041 1034 1123 juramentum
1067 1041 1285 1124 deposuerunt
1316 1061 1376 1102 suo
1408 1042 1517 1118 modo,
1544 1061 1602 1124 pro
1628 1061 1668 1102 eo

403 1149 490 1231 ipsos
514 1148 677 1210 reddimus
701 1167 797 1230 super
820 1148 981 1230 premissis
1004 1149 1131 1230 quietos
1155 1161 1186 1210 et
1210 1147 1386 1229 expeditos.

508 1254 586 1316 ltem
612 1254 792 1336 Stephanus
816 1253 901 1316 filius
926 1254 1011 1316 lwan
1044 1267 1152 1316 noster
1175 1254 1317 1316 concivis
1348 1267 1435 1315 actor
1460 1267 1570 1315 contra
1594 1273 1670 1335 pro·

404 1361 512 1422 vidam
537 1361 703 1422 dominam
737 1359 879 1422 relictam
910 1361 1047 1422 condam
1081 1360 1204 1422 Musich
1231 1361 1262 1421 in
1288 1380 1381 1422 causa
1414 1361 1498 1422 inter
1521 1379 1576 1421 eos
1599 1379 1670 1421 ver·

403 1481 489 1528 teate
514 1466 666 1548 produxit
683 1465 815 1528 evidens
831 1467 1064 1544 testimonium,
1082 1467 1137 1548 qui
1154 1479 1248 1528 testes
1265 1467 1369 1528 testati
1387 1479 1461 1528 sunt
1478 1467 1538 1528 isto
1556 1466 1667 1545 modo,

404 1573 492 1654 quod
517 1571 596 1634 dum
620 1573 706 1634 idem
724 1571 849 1634 Musich
874 1573 905 1633 in
922 1573 1071 1634 extremis
1091 1573 1275 1649 laborasset,
1293 1586 1368 1634 tunc
1391 1573 1524 1635 terciam
1542 1584 1668 1654 partem

408 1680 574 1741 cuiusdam
607 1679 699 1740 vinee
724 1699 779 1740 sue
813 1681 844 1740 in
868 1679 1029 1740 territorio
1061 1692 1169 1740 nostro
1199 1679 1281 1740 inter
1312 1679 1420 1740 vineas
1451 1679 1530 1740 olim
1555 1677 1667 1740 lacobi

405 1787 539 1849 Cramer
562 1801 592 1847 et
617 1785 771 1847 Johannis
795 1785 944 1848 Cusnech
969 1787 1140 1865 existentis,
1177 1787 1311 1867 legasset
1334 1785 1457 1868 prefato
1483 1785 1666 1867 Stephano;

405 1894 480 1954 item
507 1892 630 1954 blasius
646 1891 730 1953 filius
747 1891 890 1952 eiusdem
910 1892 1034 1953 Musich
1051 1892 1152 1953 eciam
1169 1892 1300 1953 terciam
1325 1904 1459 1973 partem,
1476 1891 1664 1973 porcionem

404 2018 495 2060 suam
520 1999 668 2060 videlicet
692 1997 836 2058 eiusdem
860 1998 953 2060 vinee
977 1996 1100 2080 prelato
1130 1997 1294 2080 Stephano
1319 1997 1440 2059 dimisit
1458 1998 1490 2058 in
1508 1997 1667 2074 extremis,

404 2105 533 2166 terciam
560 2123 635 2166 vero
661 2104 757 2165 aliam
782 2117 915 2186 partem,
942 2103 1066 2165 duabus
1088 2103 1236 2186 demptis,
1260 2104 1405 2166 eiusdem
1429 2105 1523 2166 vinee
1548 2102 1670 2164 dimisit

405 2211 529 2272 duabus
554 2209 679 2271 filiabus
710 2209 775 2270 suis
806 2210 913 2291 quoad
947 2211 1044 2272 vitam
1074 2223 1104 2270 et
1134 2224 1206 2292 post
1230 2223 1368 2272 mortem
1398 2211 1540 2293 ipsarum
1567 2209 1670 2271 eciam

406 2317 517 2378 eadern
543 2317 654 2398 porcio
687 2317 826 2398 ipsarum
859 2316 1040 2396 puellarum
1068 2317 1106 2377 ad
1141 2316 1279 2377 eundem
1305 2316 1505 2398 Stephanum
1538 2314 1665 2376 devolvi

404 2423 518 2484 debeat
543 2443 581 2484 eo
613 2421 715 2498 lact03
741 2423 816 2483 item
852 2435 956 2504 preter
981 2423 1102 2483 dictum
1135 2423 1216 2484 inter
1248 2423 1378 2487 eosdem
1404 2423 1601 2506 Stephanum
1639 2435 1670 2482 et

406 2529 542 2608 Musich,
566 2529 652 2590 idem
678 2527 801 2589 Musich
826 2529 953 2590 duobus
972 2529 1100 2590 florenis
1130 2527 1235 2589 eidem
1262 2528 1424 2611 Stephano
1442 2529 1522 2590 dixit
1538 2548 1571 2590 se
1588 2527 1669 2589 obli·

404 2656 494 2717 gasse
518 2635 665 2696 similiter
689 2635 721 2695 in
747 2635 907 2696 extremis.

512 2742 590 2803 ltem
616 2742 691 2822 quia
715 2741 905 2802 Valentinus
929 2741 1090 2823 predictus
1118 2740 1239 2822 juratus
1271 2755 1379 2806 contra
1404 2739 1557 2822 premissa
1581 2739 1667 2800 testi-

406 2848 551 2909 monium
576 2867 608 2908 se
633 2867 724 2928 posse
746 2847 905 2928 allegabat
935 2847 1131 2924 evidencius,
1157 2847 1230 2908 ideo
1259 2846 1352 2927 jurati
1383 2845 1607 2928 adjudicarunt
1632 2857 1667 2906 ut

409 2954 520 3014 eadem
540 2953 723 3030 Scolastica,
749 2953 839 3014 cuius
864 2954 930 3034 ipse
955 2953 1144 3014 Valentinus
1168 2967 1235 3014 erat
1252 2967 1449 3035 procurator,
1475 2966 1588 3013 octavo
1613 2951 1669 3012 die

405 3059 605 3140 presencium
630 3079 727 3120 omne
751 3079 846 3121 suum
869 3059 1090 3121 testimonium
1115 3079 1189 3121 curn
1222 3060 1321 3121 literis
1346 3059 1437 3121 aliter
1461 3076 1669 3141 quocumque

407 3166 505 3227 modo
530 3165 644 3227 debeat
668 3166 896 3230 demonstrare.

511 3271 590 3332 Item
615 3271 776 3334 lohannes
801 3273 911 3334 Plusar
935 3285 1045 3333 contra
1068 3271 1204 3334 Paulum
1228 3270 1330 3333 filium
1356 3271 1462 3353 Egidii
1488 3271 1592 3354 primo
1626 3269 1670 3332 ci-

406 3391 489 3439 tatus
512 3397 577 3438 non
603 3379 791 3460 comparuit.

512 3483 589 3545 ltem
604 3483 784 3565 Stephanus
797 3483 941 3545 Pundich
960 3497 1066 3546 noster
1080 3483 1219 3546 concivis
1236 3497 1346 3546 contra
1363 3484 1522 3546 Briccium
1541 3482 1667 3566 pridem

404 3592 543 3672 juratum
567 3589 713 3652 similiter
737 3605 881 3652 nostrum
906 3591 1073 3652 concivem
1098 3592 1203 3673 primo
1237 3592 1350 3653 citatus
1383 3610 1447 3652 non
1473 3589 1668 3672 comparuit.

510 3698 589 3758 ltem
621 3697 704 3758 lvvan
739 3697 827 3758 faber
860 3711 967 3758 noster
999 3698 1139 3758 concivis
1172 3711 1281 3760 contra
1316 3698 1527 3759 Benedictum
1563 3695 1670 3757 hlium

408 3803 536 3864 Martini
560 3801 706 3864 similiter
731 3815 876 3864 nostrum
910 3804 1075 3864 concivem
1108 3805 1213 3886 primo
1242 3805 1357 3865 citatus
1381 3824 1447 3864 non
1480 3801 1671 3884 comparuit.

512 3909 589 3970 ltem
617 3908 807 3969 Benedictus
835 3907 919 3970 filius
952 3905 1087 3990 Mykech
1122 3909 1339 3990 deprehensus
1372 3909 1474 3970 estin
1500 3905 1672 3970 manifesto

407 4013 582 4092 lurticini0,
614 4035 741 4076 causam
773 4015 875 4096 ipsam
907 4014 1000 4095 jurati
1035 4014 1269 4096 adjudicarunt,
1302 4030 1336 4076 ut
1369 4016 1452 4076 idem
1480 4014 1672 4076 Benedictus

406 4140 470 4181 una
494 4121 636 4182 auricula
660 4121 775 4202 privari
801 4133 832 4182 et
855 4121 985 4182 tandem
1009 4121 1049 4181 de
1078 4121 1205 4183 civitate
1230 4123 1364 4202 turpiter
1388 4121 1504 4202 expelli
1531 4134 1563 4181 et
1586 4140 1669 4181 nun·

408 4247 506 4308 quam
530 4227 724 4289 territorium
758 4227 857 4308 ipsius
889 4241 995 4289 nostre
1027 4227 1163 4289 civitatis
1192 4228 1308 4289 intrare
1341 4228 1465 4305 debeat,
1500 4229 1555 4308 qui
1587 4228 1611 4287 si
1638 4227 1671 4287 in

409 4333 569 4395 territorio
594 4333 692 4416 ipsius
716 4334 850 4394 civitatis
876 4334 1059 4415 reperietur,
1084 4334 1206 4414 justicia
1235 4334 1275 4396 de
1300 4334 1415 4396 eodem
1450 4333 1516 4395 heri
1541 4335 1673 4396 deberet

408 4459 466 4501 suo
491 4439 601 4503 modo.

517 4545 594 4608 ltern
619 4545 711 4626 jurati
739 4564 866 4606 causam
893 4546 974 4607 inter
999 4545 1160 4607 Andream
1182 4544 1362 4606 carnificem
1387 4557 1527 4607 actorem
1551 4547 1590 4606 ab
1608 4565 1672 4607 una

411 4665 442 4712 et
467 4652 640 4712 Martinum
665 4653 697 4712 in
723 4671 852 4713 causam
884 4665 1051 4712 attractum
1085 4651 1213 4712 racione
1243 4651 1410 4713 cuiusdam
1441 4649 1672 4712 confraccionis

410 4757 517 4818 scrinii
543 4770 573 4818 et
598 4755 761 4834 lurticinii,
786 4771 821 4819 ut
844 4757 931 4818 idern
954 4757 1110 4819 Martinus
1131 4771 1245 4818 octavo
1270 4758 1322 4818 die
1347 4759 1547 4838 presencium
1571 4757 1672 4819 tercio

412 4883 443 4922 se
469 4863 656 4923 concivibus
678 4883 773 4944 super
797 4883 835 4924 eo
865 4862 1079 4944 juramentum
1113 4877 1251 4944 prestare
1277 4863 1402 4940 debeat,
1434 4864 1522 4945 quod
1547 4865 1614 4947 ipse
1639 4865 1671 4926 iu

414 4967 504 5030 totali
529 4969 659 5030 accione
692 4969 790 5050 ipsius
820 4969 948 5031 Andree
980 4967 1135 5031 carnificis
1166 4969 1320 5031 innocens
1351 4983 1431 5031 esset
1455 4981 1485 5031 et
1509 4969 1672 5034 immunis.
