3740 5810
595 553 796 633 Aan01418.
821 588 862 602 -
887 551 919 617 8.
942 555 1109 616 novembn's.
1453 573 1491 636 57

332 766 411 829 Item
432 786 526 830 causa
551 767 632 830 inter
657 765 812 830 Mathiam
836 764 894 849 (et)
918 784 1052 828 uxorem
1078 763 1223 827 Solderic
1248 763 1342 846 jurati
1367 764 1492 846 adjudi-

232 885 354 952 carunt,
386 873 475 955 quod
507 874 574 956 ipsa
599 874 699 936 tercio
723 893 755 936 se
788 887 901 935 octavo
934 873 986 934 die
1017 885 1103 934 sexte
1139 871 1217 934 ferie
1241 891 1326 934 nunc
1357 885 1490 934 venture

230 981 447 1063 juramentum
471 980 633 1042 tenebitur
655 993 805 1063 prestare,
827 979 914 1062 quod
939 980 971 1040 in
988 979 1119 1041 accione
1145 978 1243 1061 ipsius
1261 977 1379 1040 Mathei
1398 979 1491 1040 inno·

229 1107 302 1150 cens
325 1087 375 1150 sit.

333 1193 411 1254 ltem
426 1193 507 1256 inter
519 1193 685 1255 Vrbanum
703 1205 734 1255 et
751 1191 982 1256 Ochochouich
1004 1212 1044 1255 eo
1061 1192 1113 1254 die
1130 1191 1229 1254 tercio
1253 1211 1286 1254 se
1303 1191 1387 1252 idern
1408 1189 1493 1252 Och-

229 1299 347 1364 touich.
373 1303 449 1379 (sic).

336 1407 413 1468 Item
438 1406 521 1469 inter
546 1405 738 1468 Michaelem
759 1406 884 1489 pridem
909 1406 1048 1486 judicem
1073 1419 1104 1468 et
1122 1405 1321 1488 Stephanum
1348 1402 1493 1465 Pundich

230 1512 323 1594 jurati
348 1512 584 1594 adjudicarunt,
609 1512 697 1594 quod
723 1513 809 1574 idem
829 1512 967 1574 Michael
993 1527 1107 1574 octavo
1126 1511 1178 1574 die
1202 1525 1288 1573 sexte
1313 1509 1391 1571 ferie
1409 1529 1494 1572 nunc

230 1619 390 1700 sequenti,
414 1618 502 1700 quod
528 1620 595 1702 ipse
627 1619 765 1681 Michael
797 1619 959 1681 tenebitur
982 1633 1121 1702 prestare
1153 1618 1380 1700 juramentum,
1404 1615 1492 1697 quod

229 1739 348 1788 armata
368 1724 490 1808 (manu)
499 1725 540 1786 ad
557 1725 689 1787 domum
710 1726 808 1809 ipsius
828 1725 981 1807 Stephani
999 1745 1062 1786 non
1078 1725 1229 1804 irruisset,
1255 1725 1286 1784 in
1304 1743 1357 1785 ara
1374 1722 1494 1799 crucis;

230 1833 269 1894 de
283 1852 349 1914 quo
369 1833 489 1914 judicio
507 1831 593 1893 idem
612 1831 793 1914 Stephanus
816 1851 881 1894 non
899 1845 1068 1894 contentus
1091 1830 1131 1893 ad
1145 1831 1286 1892 seniores
1310 1829 1493 1912 appellavit.

336 1940 415 2002 ltem
440 1939 472 2000 in
497 1937 580 2000 facto
605 1938 719 2000 Briccii
743 1939 836 2020 jurati
861 1958 935 1999 cum
959 1937 1157 2000 mercenario
1182 1937 1249 1998 Bau
1274 1935 1493 2017 adjudicatum

231 2061 285 2126 est,
310 2045 400 2128 quod
425 2046 512 2108 idem
536 2046 751 2108 mercenarius
775 2045 941 2107 convictus
964 2061 1012 2106 est
1036 2045 1068 2107 in
1093 2044 1204 2105 decem
1230 2043 1354 2105 marcis.

336 2151 416 2216 Item
441 2152 523 2215 inter
547 2151 686 2214 eundem
703 2153 937 2214 mercenarium
967 2150 1097 2233 Mathey
1122 2163 1153 2213 et
1169 2150 1303 2212 colonos
1327 2147 1494 2210 Michaelis

230 2259 355 2342 pridem
389 2257 504 2340 judicis
534 2259 673 2320 termino
705 2278 770 2340 quo
795 2278 889 2340 supra
921 2258 1081 2320 tenebitur
1105 2269 1242 2340 prestare
1275 2255 1489 2336 juramentum

231 2379 319 2428 sexto
344 2385 377 2428 se
402 2367 435 2428 in
459 2365 602 2448 ipsorum
626 2365 757 2427 accione
781 2365 946 2426 innocens.

336 2471 414 2535 Item
434 2471 629 2534 Laurenciua
654 2485 685 2533 et
710 2470 870 2553 Georgius
894 2471 1009 2533 eodem
1041 2469 1180 2532 termino
1204 2471 1399 2532 tenebuntur
1424 2486 1495 2550 pre-

229 2592 310 2642 stare
344 2578 570 2658 juramentum,
603 2579 739 2660 quilibet
769 2577 946 2658 secundus,
977 2577 1065 2660 quod
1097 2577 1183 2659 ipsos
1215 2575 1339 2638 Blasius
1374 2593 1494 2636 merce·

229 2687 338 2748 narius
362 2685 454 2747 Pauli
479 2685 579 2747 Rotar
603 2685 793 2747 vulneravit.

337 2792 416 2854 ltem
441 2792 517 2854 item
541 2791 667 2853 Blasius
690 2791 851 2853 tenebitur
875 2791 989 2852 eodem
1006 2790 1144 2852 termino
1168 2787 1385 2870 juramentum
1410 2789 1494 2869 (pre-

231 2899 324 2981 stare)
350 2899 439 2981 quod
464 2897 635 2960 biccellum
660 2896 793 2980 Georgii
817 2917 882 2960 non
907 2897 1035 2980 recepit.

338 3005 415 3067 ltem
441 3003 581 3066 infacto
605 3003 762 3066 Johannis
789 3005 877 3066 Bozo
902 3018 932 3068 et
966 3003 1130 3066 Benedicti
1156 3002 1249 3084 jurati
1275 2999 1494 3083 adjudicatum

233 3126 288 3192 est,
313 3113 388 3195 quia
414 3111 555 3174 secundo
580 3131 645 3173 non
670 3111 859 3193 comparuit.

258 3331 355 3405 laria
385 3335 493 3405 tercia
521 3335 673 3420 proxima
704 3338 782 3434 ante
810 3331 932 3403 festum
969 3331 1060 3402 beati
1095 3331 1231 3401 llartini
1260 3330 1405 3418 episcopi
1435 3334 1467 3398 et

762 3456 974 3528 confessoris.

739 3604 786 3688 (8.
810 3608 992 3682 novembris).

339 3750 417 3812 item
443 3750 657 3812 communitas
680 3763 809 3831 propter
833 3767 978 3809 excessus
1003 3748 1091 3809 Pauli
1117 3746 1157 3808 de
1182 3747 1315 3828 Posega,
1340 3744 1415 3826 quia
1442 3763 1494 3805 ex-

235 3857 325 3920 cessit
338 3869 448 3919 contra
473 3857 747 3933 communitatem,
772 3855 869 3916 exivit
892 3855 978 3915 enim
1003 3853 1042 3915 de
1067 3854 1194 3915 civitate
1219 3864 1328 3914 contra
1355 3851 1491 3928 Turcos,

234 3978 371 4046 quatuor
387 3982 460 4024 vasa
478 3962 543 4024 vini
561 3981 619 4044 pro
643 3961 796 4023 tredecim
821 3959 950 4022 florenis
974 3961 1053 4038 auri,
1078 3979 1134 4042 per
1158 3974 1287 4022 centum
1312 3970 1343 4020 et
1367 3971 1495 4040 septua-

234 4071 323 4152 ginta
355 4069 504 4131 denarios
535 4069 713 4150 quemlibet
744 4068 973 4150 computando,
1006 4066 1210 4128 vendidimus
1245 4063 1393 4126 Michaeli
1426 4062 1493 4125 filio

236 4175 388 4259 Symonis
419 4174 543 4256 pridem
568 4173 684 4256 judici,
708 4175 784 4256 quia
808 4175 955 4235 universa
983 4174 1068 4234 bona
1102 4172 1199 4255 ipsius
1225 4171 1315 4232 Pauli
1339 4169 1379 4230 ad
1404 4189 1491 4230 com·

235 4283 424 4345 munitatem
459 4292 697 4356 remanserunt3
732 4279 771 4340 de
803 4281 920 4361 quibus
952 4279 1095 4361 pecuniis
1132 4277 1343 4360 quadraginta
1380 4294 1493 4357 pensas

235 4389 340 4450 minus
363 4387 423 4449 XX
446 4386 485 4448 ad
511 4386 748 4448 Manduseuech
774 4385 988 4469 exposuimus.

338 4493 417 4556 ltem
435 4492 609 4574 Gregorius
633 4491 715 4554 duos
738 4492 863 4574 ligones
884 4505 915 4554 et
932 4509 1033 4553 unum
1050 4491 1184 4574 pallium
1202 4489 1332 4552 Thome
1350 4487 1493 4550 Ochuirk

235 4601 433 4662 subtraxerat
457 4612 487 4660 et
511 4599 571 4660 sibi
603 4598 819 4679 juramentum
851 4598 912 4661 fuit
942 4599 1162 4679 adjudicatum
1187 4611 1218 4660 et
1249 4617 1314 4658 non
1348 4595 1494 4677 prestitit,

235 4706 308 4768 ideo
333 4705 373 4766 de
397 4705 467 4787 ipso
485 4705 562 4766 dum
579 4705 709 4787 reperiri
733 4706 850 4787 poterit
865 4703 933 4766 fieri
954 4705 1049 4765 debet
1065 4703 1189 4786 justicie
1213 4702 1493 4784 complimentum.

339 4811 418 4874 Item
442 4809 535 4893 jurati
559 4810 783 4892 adjudicarunt
799 4811 886 4891 quod
910 4811 1033 4894 Agatha
1058 4831 1138 4873 uxor
1163 4811 1246 4872 Petri
1271 4823 1301 4870 et
1325 4807 1492 4869 Elizabeth

235 4915 479 4980 Planinseuicha
502 4917 647 4999 quelibet
670 4937 780 4978 earum
804 4932 891 4979 sexto
915 4938 948 4978 se
972 4919 1133 4980 tenebitur
1157 4915 1398 4998 (juramentum)
1423 4933 1491 4999 pre·

235 5037 315 5086 stare
340 5043 508 5106 supereo,
533 5023 621 5105 quod
646 5023 713 5106 ipse
738 5043 802 5085 non
827 5023 976 5087 fecissent
1000 5023 1246 5088 incantaciones.
