3796 5812
334 884 412 946 Item
438 903 532 946 causa
559 883 690 946 domine
711 883 808 946 lliane
833 883 897 946 filie
916 885 1026 945 Mareu
1051 897 1161 946 contra
1185 884 1364 948 Johannem
1389 886 1493 948 filium

231 990 330 1052 Lucie
355 991 397 1052 ita
421 1003 468 1052 est
492 989 642 1070 judicata,
667 991 756 1072 quod
780 991 855 1072 quia
873 990 957 1052 idern
984 989 1145 1053 Johannes
1168 1011 1264 1074 super
1286 990 1370 1054 lacto
1387 994 1491 1055 cuius-

155 1145 158 1153 .
230 1096 304 1157 dam
322 1097 415 1158 vinee
433 1111 465 1157 et
489 1095 591 1176 fundi,
615 1116 678 1178 que
695 1097 783 1180 olym
798 1095 911 1179 prelati
929 1097 1040 1158 Maren
1064 1095 1207 1177 luissent,
1223 1098 1330 1160 literas
1346 1098 1490 1162 efficaces

229 1202 383 1280 exhibuit,
408 1203 482 1264 ideo
508 1202 594 1284 juxta
620 1203 717 1266 series
739 1217 770 1264 et
798 1205 1016 1266 continencias
1041 1204 1181 1287 ipsarum
1206 1204 1369 1266 literarum
1396 1207 1493 1287 privi-

231 1309 397 1390 legialium
424 1310 525 1392 ipsam
557 1310 684 1372 vineam
717 1325 747 1372 et
778 1308 915 1372 fundum
939 1310 1044 1372 eidem
1078 1311 1216 1373 Johanni
1241 1311 1495 1393 adjudicavimus

231 1429 388 1499 perpetuo
406 1417 633 1500 possidendas;
658 1417 725 1499 ipsa
742 1432 848 1479 autern
867 1417 999 1479 domina
1025 1417 1064 1480 ad
1082 1419 1232 1500 antiquos
1255 1417 1376 1501 judices
1393 1420 1495 1501 ipsam

232 1543 360 1586 causam
386 1523 570 1606 appellavit.

335 1630 413 1692 Item
438 1629 620 1711 Stephanus
645 1631 869 1693 Zeuarieuneti
893 1631 992 1692 tercio
1016 1651 1048 1692 se
1073 1644 1188 1693 octavo
1213 1631 1264 1692 die
1288 1645 1398 1694 contra
1423 1631 1492 1694 Ste-

228 1736 370 1818 phanum
387 1737 526 1818 juratum
550 1756 646 1819 super
667 1757 717 1817 eo,
742 1737 829 1819 quod
849 1738 916 1819 ipse
940 1757 1041 1800 unum
1066 1737 1199 1819 pallium
1224 1738 1264 1799 de
1281 1737 1379 1800 domo
1396 1738 1495 1819 ipsius

230 1843 381 1924 Stephani
407 1842 500 1924 jurati
526 1863 591 1906 non
620 1844 784 1925 receperit,
808 1843 935 1926 jurabit.

337 1950 414 2012 Item
439 1949 560 2013 ibidem
585 1949 671 2012 idem
696 1950 876 2032 Stephanus
906 1954 994 2013 solus
1018 1963 1127 2012 contra
1159 1951 1264 2032 ipsum
1290 1951 1488 2034 Stephanum

228 2056 367 2137 juratum
392 2056 509 2138 jurabit
532 2076 628 2139 super
652 2076 701 2134 eo,
734 2058 821 2138 quod
855 2059 922 2139 ipse
946 2076 1019 2119 cum
1052 2077 1118 2119 uno
1142 2059 1282 2140 piccario
1314 2061 1488 2140 quamdam

230 2163 398 2225 candelam
424 2183 488 2225 non
514 2165 705 2246 percusserit
728 2178 759 2226 et
790 2164 917 2225 racione
942 2165 1042 2246 ipsius
1073 2165 1287 2246 percussionis
1312 2164 1398 2228 idem
1424 2166 1492 2229 Ste-

231 2269 357 2351 phanus
381 2270 502 2350 juratus
526 2271 605 2332 duas
622 2289 744 2332 marcas
768 2269 973 2332 denariorum
999 2271 1177 2353 dampnum
1200 2291 1265 2332 non
1291 2271 1447 2334 habuerit.

338 2375 417 2438 ltem
441 2374 587 2438 Andreas
611 2390 712 2438 sartor
736 2389 845 2438 contra
878 2377 1044 2438 dominam
1069 2376 1292 2459 Margaretam,
1315 2378 1386 2460 glos
1413 2377 1492 2440 Gre-

227 2483 313 2564 gorii
339 2482 414 2544 dicti
439 2482 561 2562 Sirena,
584 2483 732 2545 terciario
756 2483 868 2544 citatus
893 2501 957 2544 non
983 2483 1172 2564 comparuit.

339 2589 417 2652 ltem
442 2590 635 2652 Benedictus
658 2588 918 2650 Vardich'unam
948 2608 1088 2650 marcam
1120 2589 1326 2652 denariorum
1359 2590 1490 2652 domine

229 2700 324 2758 Anne
351 2697 546 2779 paupercule
571 2698 700 2758 racione
725 2696 890 2758 cuiusdam
919 2695 1084 2776 sanguinis
1108 2709 1139 2758 et
1162 2695 1259 2778 judici
1284 2711 1412 2758 centurn
1437 2697 1492 2758 de·

226 2803 334 2864 uarios
358 2822 460 2884 usque
486 2803 668 2884 quindenas
692 2801 817 2865 solvere
842 2803 948 2865 debet.

229 3038 324 3113 Faria
354 3043 461 3114 tercia
498 3042 652 3130 proxima
689 3049 767 3114 ante
804 3041 926 3113 festum
954 3038 1184 3112 liraltaeionis
1222 3049 1337 3114 sancte
1365 3040 1491 3114 Crucis.

337 3211 414 3273 ltem
424 3211 565 3272 Brumen
576 3223 686 3273 contra
700 3213 819 3272 Lucam
830 3210 970 3292 judicem
984 3211 1089 3293 primo
1099 3211 1212 3272 citatus
1225 3230 1290 3272 non
1301 3212 1491 3294 comparuit.

335 3317 413 3379 Item
439 3331 534 3379 testes
559 3317 711 3400 Stephani
737 3316 816 3379 labri
839 3317 879 3380 ad
904 3321 1052 3378 octavum
1071 3316 1155 3378 diem
1180 3317 1220 3379 ad
1246 3317 1491 3380 deliberandum

227 3439 418 3510 receperunt
441 3426 626 3487 terminum.

334 3532 412 3593 ltem
447 3531 576 3592 Lachko
609 3529 776 3614 Borchych
812 3543 921 3593 contra
954 3528 1148 3610 Gregorium
1171 3547 1318 3612 wosgyar
1348 3529 1490 3590 secundo

227 3639 341 3702 citatus
367 3657 431 3699 non
462 3637 651 3718 comparuit.

335 3744 412 3806 ltem
438 3744 524 3805 lwan
550 3743 701 3826 Loytrich
730 3757 839 3804 contra
864 3741 1043 3804 Johannem
1069 3741 1214 3803 Ztrasnilr
1246 3741 1351 3823 primo
1375 3742 1489 3803 citatus

227 3871 291 3914 non
318 3851 506 3931 comparuit.

334 3959 412 4018 ltem
445 3955 607 4018 Johannes
639 3955 802 4018 Chemerii
834 3968 942 4016 contra
976 3953 1153 4034 Georgium
1185 3952 1346 4014 literatum
1371 3966 1402 4014 et
1433 3953 1490 4014 do·

226 4067 347 4128 minam
372 4063 575 4125 Franciscam
608 4076 789 4125 consortem
821 4082 911 4123 suam
943 4075 1057 4123 octavo
1081 4059 1132 4120 die
1165 4059 1312 4121 universa
1337 4079 1393 4121 sua
1418 4060 1486 4121 lite·

225 4173 302 4234 ralia
327 4171 538 4232 instrumenta
563 4168 711 4230 exhibere
738 4168 843 4231 debet.

331 4277 410 4339 Item
424 4276 543 4337 Paulus
556 4289 657 4337 sartor
670 4288 780 4337 contra
794 4274 980 4357 Gyaninum
995 4274 1065 4335 Bon
1079 4285 1192 4334 octavo
1207 4272 1258 4335 die
1270 4273 1488 4355 respondebit.

331 4383 410 4445 ltem
445 4383 530 4444 idem
561 4381 681 4444 Paulus
713 4395 822 4443 contra
855 4380 1020 4442 dominam
1050 4379 1179 4442 Claram
1209 4394 1323 4442 octavo
1356 4379 1408 4441 die
1440 4400 1488 4440 re·

224 4489 404 4573 spondebit.

335 4701 414 4764 ltem
439 4702 570 4763 domina
589 4700 788 4782 Margaretha
805 4699 876 4781 glos
894 4699 1002 4762 Slrerte
1028 4713 1137 4761 contra
1155 4699 1308 4762 Mathiam
1332 4712 1485 4762 sartorem

225 4829 281 4891 per
304 4809 470 4870 dominam
489 4806 673 4870 Chernkam
699 4826 830 4869 consors
847 4805 951 4884 luech,
976 4825 1032 4888 per
1049 4804 1242 4887 Gregorium
1344 4806 1376 4866 in
1401 4803 1484 4866 lacto

227 4915 394 4977 cuiusdam
427 4915 576 4997 vituperii
608 4927 638 4978 et
668 4913 855 4976 succisionis
885 4913 965 4994 ligni
997 4911 1037 4973 de
1061 4913 1139 4994 quid
1172 4912 1231 4994 ipsi
1256 4925 1379 4973 constat
1410 4925 1486 4973 atte-

223 5022 327 5083 stabit.
