3734 5796
468 585 530 667 278
849 590 935 646 Anno
953 585 1046 665 1438.
1071 621 1115 631 -
1136 603 1184 647 10.
1202 589 1352 664 januarii.

469 813 500 862 et
524 798 642 860 fundos
674 819 710 861 ac
742 799 917 860 stacionem
942 813 973 860 et
1004 799 1130 860 vineam
1162 818 1235 860 cum
1269 799 1420 860 omnibus
1450 801 1515 860 suis
1539 799 1700 862 utilitatibus

466 906 610 989 predicto
636 905 774 968 iohanni
798 905 865 968 filio
883 906 1026 967 eiusdem
1044 905 1211 967 Jacomelli
1228 906 1411 967 rationibus
1428 919 1459 968 et
1475 906 1576 968 causis
1598 925 1630 969 er
1644 925 1700 988 pre·

468 1013 572 1073 missis
596 1013 764 1074 statuimus
788 1026 943 1094 perpetuo
968 1012 1176 1094 possidendas
1201 1025 1232 1073 et
1256 1012 1563 1093 quomodocumque
1587 1013 1700 1074 voluerit

467 1119 684 1200 disponendas
709 1119 792 1198 juxta
817 1119 1041 1180 condicionem
1067 1119 1203 1180 civitatis
1226 1133 1404 1200 prenotate.

572 1225 650 1287 ltem
686 1225 832 1286 Thomas
868 1223 1008 1307 frenipar
1042 1239 1152 1286 contra
1188 1223 1392 1287 Clementem
1433 1239 1572 1288 sutorem
1602 1226 1699 1286 dictum

467 1331 614 1414 Drusyna
639 1331 744 1413 primo
768 1331 883 1394 citatus
906 1351 971 1392 non
996 1331 1186 1412 comparuit.

571 1439 650 1500 Item
674 1439 786 1500 Petrus
810 1437 904 1519 judex
928 1437 1012 1499 filius
1036 1438 1127 1500 Pauli
1149 1452 1180 1499 et
1204 1437 1379 1518 Gregorius
1397 1437 1523 1499 institor
1546 1437 1623 1499 lilius
1643 1435 1699 1497 Phi·

466 1546 545 1628 lippi
571 1546 611 1607 de
638 1546 772 1623 Nowalr,
797 1544 945 1606 concives
962 1545 1071 1624 nostri,
1092 1557 1187 1606 testes
1211 1545 1243 1606 in
1268 1543 1353 1606 lacto
1377 1544 1544 1606 cuiusdam
1565 1543 1700 1606 terreliti·

465 1653 557 1734 giose
582 1665 613 1713 et
636 1651 799 1714 literarum
825 1652 1065 1712 divisionalium
1090 1650 1261 1733 superinde
1278 1649 1496 1712 confectarum
1522 1651 1599 1711 inter
1620 1648 1700 1712 Geor·

467 1759 557 1842 gium
591 1757 692 1820 lilium
727 1758 810 1820 Petri
836 1758 875 1819 de
908 1757 1077 1819 Petrovina
1106 1773 1140 1819 ut
1170 1758 1202 1818 in
1234 1777 1363 1819 causam
1394 1769 1560 1818 attractum
1590 1770 1618 1817 et
1638 1757 1701 1816 inter

467 1865 596 1927 Petrum
622 1865 743 1926 dictum
769 1863 924 1926 Panthera
942 1863 1042 1925 filium
1068 1863 1154 1926 Galli
1180 1877 1215 1926 ut
1238 1878 1379 1925 actorem
1395 1883 1504 1925 coram
1529 1864 1615 1924 nobis
1630 1876 1700 1924 moto

466 1985 497 2033 et
520 1983 674 2048 vertente,
700 1971 731 2032 in
757 1971 976 2032 testimonium
1002 1971 1148 2053 producti
1174 1985 1205 2032 et
1225 1971 1414 2052 singillatim
1438 1970 1572 2052 adjurati
1596 1983 1623 2030 et
1643 1988 1699 2029 era·

466 2077 578 2138 minati
603 2077 635 2138 id
659 2078 763 2139 testati
788 2089 872 2155 sunt,
897 2091 931 2138 ut
954 2077 1013 2158 ipsi
1039 2077 1071 2138 id
1100 2077 1297 2140 audivissent
1320 2095 1357 2138 ex
1381 2089 1489 2138 acerto
1514 2089 1544 2138 et
1566 2075 1699 2158 percepis-

465 2197 536 2245 sent
558 2203 595 2244 ex
620 2185 721 2245 relatu
738 2183 869 2245 domine
894 2183 1065 2246 Scolastice
1082 2183 1174 2244 aliter
1194 2185 1293 2244 Ztana
1310 2195 1431 2261 vocate,
1461 2183 1569 2244 relicte
1584 2181 1697 2244 condant

467 2289 620 2372 Stephani
645 2291 733 2373 olym
765 2291 880 2372 judicis
910 2305 941 2352 et
972 2290 1113 2352 concivis
1144 2291 1242 2351 nostri
1268 2288 1324 2351 filii
1358 2290 1535 2370 Michaelis,
1561 2286 1699 2372 quomodo

466 2397 532 2478 ipsa
557 2397 687 2458 domina
714 2397 897 2476 Scolastice,
922 2397 1020 2458 Ztana
1045 2410 1168 2474 vocata,
1193 2415 1248 2478 per
1272 2396 1376 2478 ipsum
1399 2395 1577 2476 Georgium
1597 2395 1633 2456 de
1655 2393 1699 2453 Pe·

465 2503 590 2565 trovina
615 2503 647 2564 in
672 2523 711 2564 eo
736 2503 833 2585 petita
858 2517 888 2565 et
912 2503 1063 2584 requisita
1092 2503 1169 2584 quid
1202 2502 1262 2564 sibi
1287 2516 1446 2564 constaret
1478 2503 1510 2563 in
1537 2501 1613 2564 lacto
1634 2501 1699 2560 dicte

465 2623 548 2672 terre
572 2609 711 2690 litigiose
735 2623 766 2671 et
790 2610 929 2691 ipsarum
954 2610 1117 2670 literarum
1142 2608 1382 2670 divisionalium
1407 2609 1514 2669 taliter
1538 2609 1634 2670 locuta
1654 2604 1700 2666 luit

466 2736 504 2777 ex
528 2729 645 2794 acerto,
670 2729 703 2777 ut
727 2716 794 2798 ipsa
818 2717 899 2777 bene
924 2715 1050 2777 conscia
1085 2713 1196 2776 luisset
1219 2715 1307 2797 quod
1332 2716 1399 2796 ipse
1424 2713 1581 2795 Georgius
1602 2713 1698 2773 dictam

466 2835 582 2883 terram
606 2822 779 2903 litigiosam
804 2842 821 2883 a
846 2822 989 2903 predicto
1020 2821 1182 2904 Stephano
1214 2821 1321 2902 judice
1353 2835 1568 2902 comparasset
1587 2839 1637 2902 pro
1658 2837 1699 2900 pe·

466 2928 569 2990 cuniis
592 2927 657 2989 suis
681 2944 711 2990 et
735 2930 801 3010 ipse
826 2928 937 2990 Petrus
961 2927 1117 2990 Penthera
1150 2941 1222 3009 post
1245 2928 1371 2989 obitum
1395 2927 1471 2988 dicti
1498 2927 1639 3010 Stephani
1662 2924 1698 3002 ju·

467 3035 548 3096 dicis
580 3033 684 3097 fratris
714 3036 774 3114 sui,
805 3054 918 3096 ornnes
950 3035 1056 3096 literas
1088 3035 1238 3095 meliores
1269 3047 1300 3095 et
1330 3034 1391 3096 sibi
1415 3054 1571 3116 congruas
1591 3035 1626 3093 ab
1646 3032 1699 3112 ipsa

466 3142 597 3204 domina
624 3142 795 3202 Scolastice
812 3161 868 3202 seu
886 3141 985 3202 Ztana
1008 3140 1098 3222 glore
1122 3160 1178 3201 sua
1196 3141 1365 3222 recepisset
1388 3154 1420 3201 et
1435 3141 1617 3216 abstulisset,
1634 3137 1697 3198 alias

466 3261 573 3310 autem
606 3248 686 3309 viles
720 3249 827 3308 literas
861 3248 920 3308 sibi
953 3266 1018 3308 non
1054 3247 1215 3328 placentes
1250 3247 1357 3309 eidern
1389 3248 1522 3308 domine
1555 3244 1698 3308 Scolastice

466 3355 656 3436 reliquisset.

571 3461 650 3523 Item
674 3461 820 3522 Thomas
854 3459 938 3522 filius
963 3461 1128 3538 lobannis,
1167 3473 1278 3538 sartor,
1313 3479 1412 3541 gener
1448 3461 1556 3521 relicte
1588 3453 1696 3534 Georgii

467 3567 619 3628 Wollrow
642 3587 698 3648 per
715 3567 991 3646 adjudicacionem
1008 3566 1182 3648 juratorum
1205 3579 1319 3627 octavo
1337 3565 1389 3626 die
1412 3586 1507 3648 super
1524 3584 1602 3626 aram
1617 3563 1693 3623 debet

466 3673 569 3755 jurare
594 3688 703 3734 contra
720 3673 929 3734 Benedictum
947 3687 1100 3734 sartorem
1125 3671 1227 3734 filium
1245 3673 1400 3733 Johannis
1412 3692 1509 3754 super
1532 3692 1578 3750 eo,
1599 3685 1628 3730 ut
1643 3668 1695 3748 ipse

467 3801 538 3841 cum
566 3780 740 3841 Benedicto
764 3793 883 3841 sartore
914 3781 1058 3862 predicto
1091 3793 1254 3861 compatre
1282 3798 1341 3840 suo
1366 3780 1490 3840 nullam
1522 3774 1695 3840 concordiam

467 3907 503 3946 ex
521 3899 609 3968 parte
627 3887 792 3948 cuiusdam
810 3887 860 3948 vie
881 3887 1034 3948 semitalis
1051 3885 1185 3966 lecisset,
1202 3885 1290 3968 quod
1313 3886 1379 3968 ipse
1397 3887 1517 3948 dictam
1533 3887 1608 3946 viam
1623 3879 1696 3942 semi-

465 3995 562 4054 talem
588 4014 684 4074 quam
708 3994 881 4056 literatorie
906 3993 1043 4054 habebat
1066 4013 1122 4075 per
1151 3992 1288 4054 fundum
1319 3993 1418 4076 ipsius
1442 3991 1600 4056 Benedicti
1620 3983 1694 4070 jurati

466 4099 569 4160 eidem
595 4099 769 4161 Benedicto
794 4099 906 4160 sartori
930 4119 994 4161 non
1019 4099 1191 4160 remisisset
1216 4099 1315 4161 modo
1340 4099 1484 4181 aliquali.

572 4205 650 4266 ltem
686 4205 761 4286 quia
796 4206 949 4266 Nicolaus
980 4205 1064 4268 filius
1100 4205 1188 4267 Pauli
1223 4205 1262 4266 de
1295 4206 1520 4288 Bosyaltovina
1552 4219 1580 4266 et
1606 4202 1694 4262 Petrus

467 4311 609 4373 Croacus
633 4309 717 4372 filius
734 4311 876 4372 Budislai
901 4311 1060 4374 habitator
1083 4313 1218 4374 civitatis
1235 4333 1272 4374 ac
1289 4313 1413 4374 Blasitts
1438 4312 1477 4374 de
1495 4308 1619 4374 lwanich
1634 4305 1695 4367 alias

467 4419 600 4478 servitor
636 4417 767 4497 Georgii
805 4417 949 4500 Baltsych
983 4418 1022 4479 de
1060 4419 1184 4480 Pribich
1221 4419 1252 4480 in
1289 4417 1458 4480 manifesta
1494 4414 1695 4503 depredacione

468 4524 635 4583 cuiusdam
669 4523 801 4604 Georgii
835 4524 874 4584 de
907 4524 1056 4602 trivanich,
1088 4544 1184 4605 quem
1217 4525 1250 4585 in
1275 4525 1324 4585 via
1349 4525 1450 4586 libera
1475 4539 1507 4588 et
1538 4520 1646 4608 publica
1666 4515 1695 4576 de

468 4629 555 4689 ltalia
580 4650 689 4689 versus
715 4630 842 4711 propria
868 4631 1126 4711 progredientem
1152 4630 1409 4712 depredaverunt
1439 4645 1471 4693 et
1495 4635 1585 4694 rebus
1604 4645 1634 4687 ac
1652 4642 1695 4704 pe·

468 4734 569 4794 cuniis
592 4736 655 4794 suis
680 4736 807 4816 penitus
831 4737 1061 4815 spoliaverunt,
1085 4736 1222 4816 repperti
1243 4750 1317 4797 sunt
1341 4757 1378 4797 ex
1403 4757 1453 4816 eu,
1478 4739 1553 4820 quia
1576 4737 1694 4817 ipsesres

468 4855 498 4900 et
522 4842 672 4921 pecunias
698 4843 796 4922 ipsius
828 4841 960 4922 Georgii
994 4862 1072 4923 quas
1100 4843 1139 4902 ab
1171 4843 1240 4924 ipso
1266 4842 1473 4923 depredative
1506 4859 1537 4907 et
1559 4835 1693 4925 spoliative

468 4961 664 5025 receperant,
691 4947 721 5006 in
754 4948 950 5027 litigionario
983 4968 1131 5029 processu
1164 4947 1381 5029 pereundam
1417 4949 1590 5032 Georgium
1610 4957 1692 5005 corlffl

468 5053 561 5111 nohis
587 5067 675 5113 moto
708 5066 738 5114 et
770 5068 922 5133 vertente,
955 5055 1081 5136 ipsimet
1114 5054 1340 5138 depredatores
1364 5071 1395 5118 et
1426 5059 1607 5146 spoliatores
1625 5045 1692 5110 testi·
