3740 5810
583 574 670 633 Anno
693 588 784 651 1420.
808 608 852 618 -
876 589 926 650 19.
942 577 1093 651 januarii.
1423 596 1464 658 79

198 679 248 686 .—

306 784 386 846 ltem
412 806 503 847 causa
529 785 610 847 inter
634 785 814 849 lohannem
840 787 951 848 Plusar
974 800 1006 850 et
1033 786 1234 850 Anthonium
1267 785 1390 850 Zudich
1414 807 1461 848 re·

197 904 291 972 cepta
316 904 363 952 est
386 892 427 953 ad
451 890 668 954 ordinandum
693 912 795 974 usque
820 905 893 954 octo
918 893 996 955 dies.

307 997 384 1059 ltem
410 998 571 1060 lohannes
594 996 678 1060 filius
702 997 837 1060 Hanche
861 1018 935 1060 curn
960 999 1101 1060 evidenti
1125 999 1310 1061 testimonio
1335 1011 1460 1060 nostro·

198 1123 270 1165 rum
296 1103 493 1183 concivium,
517 1103 605 1185 quod
630 1103 762 1185 quidam
783 1104 903 1166 fundus
927 1105 958 1166 in
984 1105 1055 1166 vico
1073 1105 1220 1166 exteriori
1245 1105 1327 1166 inter
1343 1103 1462 1168 fundos

199 1209 351 1292 Gregorii
377 1223 408 1271 et
432 1209 533 1272 Cussa
558 1210 699 1288 muleris,
725 1211 800 1272 dicti
825 1211 993 1293 patrissui
1021 1209 1201 1292 prefuisset,
1226 1223 1256 1272 et
1282 1211 1320 1271 ab
1346 1211 1461 1273 eodem

199 1315 240 1377 ad
265 1317 372 1398 ipsum
398 1315 578 1378 lohannem
603 1314 643 1376 de
667 1315 736 1398 jure
753 1316 924 1378 devolutus
946 1317 1127 1398 haberetur,
1152 1337 1249 1400 quem
1274 1316 1379 1378 eidem
1401 1329 1465 1378 sta·

197 1423 322 1484 tuimus
346 1422 586 1504 possidendum.

307 1528 387 1590 Item
413 1528 554 1590 Briccius
578 1527 680 1590 Joffan
706 1548 778 1591 cum
804 1529 945 1592 evidenti
969 1529 1155 1592 testimonio
1180 1541 1362 1593 nostrorum
1387 1549 1462 1592 con·

200 1635 320 1696 civium
338 1636 571 1717 comprobavit,
596 1635 684 1716 quod
701 1635 787 1697 idem
809 1636 950 1698 Briccius
975 1649 1106 1718 pontem
1124 1635 1234 1698 Pizani
1258 1636 1367 1698 mozth
1384 1636 1463 1698 alias

200 1741 308 1802 debite
335 1742 496 1802 ordinavit
528 1755 559 1802 et
589 1740 732 1824 perfecit,
756 1741 796 1804 ad
833 1743 923 1804 cuius
954 1741 1196 1804 ordinacionem
1228 1743 1307 1804 alias
1330 1742 1462 1804 domina

198 1848 348 1909 Turnina
374 1847 581 1910 medietatem
603 1867 658 1909 sue
683 1849 799 1910 domus
827 1849 1089 1912 testamentaliter
1113 1849 1235 1930 legasse
1260 1847 1463 1931 perhibetur;

200 1967 229 2015 et
253 1955 331 2035 quia
357 1955 498 2036 predicta
523 1953 677 2016 medietas
708 1952 824 2016 domus
856 1975 913 2036 pro
938 1955 1005 2037 ipsa
1037 1955 1245 2016 ordinacione
1269 1956 1377 2036 pontis
1401 1955 1461 2036 ipsi

198 2061 324 2122 Briccio
347 2073 379 2122 et
395 2061 456 2122 alia
481 2060 636 2123 medietas
659 2061 802 2123 eiusdem
820 2061 935 2123 domus
960 2081 997 2122 ex
1014 2061 1106 2123 certis
1129 2061 1233 2123 causis
1257 2061 1407 2122 videlicet
1425 2079 1462 2122 ex

199 2181 394 2229 testamento
419 2167 561 2228 eiusdem
587 2166 718 2228 domine
750 2168 855 2229 eidem
880 2167 1004 2230 Briccio
1028 2167 1186 2250 pertinere
1221 2166 1362 2246 deberet,
1387 2165 1461 2229 ideo

201 2287 303 2336 totam
334 2274 466 2335 domum
500 2293 572 2335 cum
602 2273 668 2335 suis
699 2273 903 2356 pertinenciis
934 2286 965 2336 et
996 2274 1126 2336 cellario
1158 2273 1217 2355 ipsi
1242 2273 1366 2336 Briccio
1402 2285 1463 2335 sta·

201 2381 325 2443 tuimus
348 2380 587 2462 possidendam.

309 2487 388 2548 ltem
414 2486 574 2548 lohannes
598 2486 720 2569 Zygeth
744 2505 817 2548 cum
848 2485 988 2548 evidenti
1012 2485 1198 2548 testimonio
1230 2485 1463 2568 comprobavit,

200 2594 288 2676 quod
314 2593 426 2676 quinta
449 2613 522 2676 pars
546 2592 712 2655 cuiusdam
747 2607 829 2654 terre
858 2612 960 2676 prope
985 2592 1171 2654 Pobresiam
1203 2603 1234 2654 et
1259 2590 1380 2654 Oreselr
1405 2591 1462 2653 do·

199 2703 287 2763 mine
313 2701 413 2762 Lucie
436 2699 575 2762 consorti
599 2720 655 2762 sue
679 2699 860 2782 pertineret.

305 2806 383 2868 ltem
409 2825 502 2868 causa
516 2806 597 2868 inter
620 2805 783 2866 Andream
805 2804 1070 2886 (commisarium)
1096 2804 1179 2866 Petri
1205 2803 1327 2886 Saphar
1351 2816 1382 2866 et
1405 2803 1462 2866 do-

200 2913 322 2974 minam
348 2911 558 2974 Katherinam
582 2911 723 2973 relictam
750 2911 947 2992 Sigismundi
973 2911 1012 2972 ad
1037 2924 1109 2973 octo
1133 2911 1201 2972 dies
1222 2924 1268 2972 est
1292 2923 1461 2991 prorogata

200 3019 315 3098 taliter,
339 3035 375 3080 ut
399 3019 492 3080 ambe
513 3032 617 3101 partes
641 3017 707 3098 jura
733 3031 763 3079 et
786 3019 969 3080 testimonia
993 3036 1061 3097 sua,
1085 3029 1115 3078 et
1140 3018 1269 3099 insuper
1286 3016 1371 3078 idem
1396 3019 1462 3078 Au·

200 3127 291 3187 dreas
315 3125 538 3188 commisarius
569 3125 668 3208 ipsius
699 3125 794 3204 Petri,
827 3124 1003 3206 producere
1034 3125 1237 3199 tenebuntur,
1270 3136 1301 3184 et
1330 3122 1460 3184 tandem

199 3231 357 3312 justiciam
383 3232 465 3292 inter
489 3245 595 3313 partes.
618 3229 721 3294 lacere
746 3231 921 3292 valeamus.

306 3338 384 3401 ltem
410 3337 551 3399 Briccius
575 3337 679 3399 Joffan
706 3351 814 3398 contra
833 3335 1010 3416 Georgium
1031 3335 1167 3396 Ferbich
1192 3355 1284 3396 suum
1311 3335 1461 3417 deposuit

200 3443 415 3524 juramentum
440 3457 681 3526 supranotatum
706 3456 741 3504 ut
765 3443 886 3505 debuit.

306 3550 385 3612 ltem
411 3549 531 3611 Jelicha
556 3549 665 3610 relicta
690 3547 818 3610 Thorne
843 3547 1014 3629 arcuparis,
1043 3567 1129 3608 nunc
1153 3566 1282 3608 consors
1308 3545 1461 3629 Stephani

201 3657 315 3718 literati
330 3676 403 3718 curn
418 3654 559 3717 evidenti
573 3655 758 3718 testimonio
771 3654 1003 3735 comprobavit,
1017 3652 1105 3734 quod
1123 3651 1200 3714 dum
1218 3653 1304 3714 idem
1318 3652 1463 3714 Thomas

204 3763 233 3824 in
258 3763 409 3823 extremis
433 3760 618 3840 laborasset,
646 3773 721 3822 tunc
753 3761 879 3822 vineam
911 3778 1001 3820 suam
1028 3760 1060 3820 in
1091 3758 1250 3820 territorio
1275 3769 1383 3820 nostro
1408 3757 1461 3819 ha-

201 3867 297 3928 bitam
324 3867 384 3950 ipsi
402 3865 521 3928 Jeliche
538 3866 677 3928 consorti
695 3879 725 3928 et
745 3865 859 3928 Vrsule
883 3863 947 3926 filie
964 3865 1039 3943 suis,
1064 3865 1095 3926 in
1119 3879 1228 3927 tenera
1245 3877 1327 3926 etate
1344 3863 1461 3926 consti·

200 3985 276 4052 tute,
290 3973 426 4054 legasset
442 3984 473 4035 et
490 3971 660 4034 dimisisset
675 3973 789 4050 taliter,
803 3970 890 4052 quod
911 3972 936 4032 si
954 3971 1095 4054 predicta
1112 3971 1226 4033 Vrsula
1244 3983 1315 4032 ante
1332 3983 1460 4052 tempus

201 4093 362 4142 maturum
388 4079 569 4156 moriretur,
602 4092 716 4140 extunc
747 4078 857 4159 porcio
890 4077 990 4158 ipsius
1018 4076 1202 4138 vendicioni
1228 4091 1405 4159 exponatur
1430 4090 1461 4138 et

202 4205 257 4267 pro
281 4185 389 4247 anima
422 4185 521 4267 ipsius
553 4184 680 4245 Thome
713 4184 927 4267 expendatur,
964 4198 994 4246 et
1018 4184 1148 4246 tandem
1173 4184 1309 4246 eandem
1334 4185 1461 4246 vineam

202 4289 321 4351 eisdem
347 4290 466 4351 Jeliche
491 4305 522 4352 et
546 4289 659 4353 Vrsule
683 4291 852 4352 statuimus
875 4290 1113 4373 possidendam.

306 4396 386 4458 ltem
410 4416 483 4458 cum
502 4396 646 4458 Andreas
663 4409 764 4458 sartor
786 4395 882 4458 frater
898 4398 1035 4457 condam
1062 4397 1226 4459 Michaelis
1249 4397 1389 4476 sartoris,
1406 4417 1462 4479 per

202 4503 375 4584 quemdam
400 4522 502 4585 nuper
526 4501 695 4580 interfecti,
720 4501 853 4564 Elenam
878 4501 975 4563 liliam
998 4501 1129 4585 Georgii
1156 4504 1298 4565 relictam
1324 4504 1461 4565 condam

204 4609 302 4692 ipsius
327 4609 495 4671 Michaelis
519 4609 551 4670 in
577 4627 702 4670 causam
729 4609 904 4670 attraxisset
928 4621 959 4670 et
981 4623 1088 4670 contra
1112 4611 1213 4689 ipsam
1243 4611 1462 4692 proposuisset

201 4734 256 4796 per
279 4714 414 4776 modum
439 4714 641 4796 suspicionis,
666 4714 754 4794 quod
779 4714 845 4796 ipsa
870 4715 901 4775 in
927 4728 1028 4776 morte
1046 4715 1120 4776 dicti
1140 4715 1306 4776 Michaelis
1330 4715 1459 4777 sartoris

203 4821 360 4884 interfecti
394 4822 553 4903 particeps
585 4833 682 4898 esset;
715 4839 780 4901 quo
813 4821 922 4883 audito
956 4821 1069 4883 eadem
1102 4821 1202 4884 Elena
1227 4823 1401 4905 respondit
1425 4843 1461 4883 ex

202 4927 350 5004 advers0,
375 4929 461 5008 quod
489 4928 554 5008 ipsa
581 4928 707 5007 penitus
731 4927 762 4986 in
791 4927 921 4988 accione
950 4928 1091 5009 predicta
1117 4929 1192 4990 dicti
1218 4929 1345 4991 Andree
1370 4931 1460 4991 inno·

153 5109 162 5124 ·
200 5055 274 5096 cens
298 5047 381 5094 esset
405 5047 436 5094 et
462 5033 633 5110 immunis;
658 5052 756 5114 quare
777 5033 870 5114 jurati
900 5034 932 5094 in
956 5033 1031 5095 sede
1055 5033 1221 5115 judiciaria
1247 5035 1364 5096 auditis
1387 5055 1461 5118 pro·
