3734 5796
463 613 465 616 Ι
570 517 658 578 Anno
681 516 777 596 1438.
802 553 843 563 -
867 533 919 596 29.
945 519 1074 595 augusti.
1395 522 1458 604 289

296 729 373 791 item
398 729 492 810 jurati
521 729 798 812 adjudicaverunt,
830 732 919 813 quod
952 733 1076 794 blasius
1101 732 1222 814 juratus
1254 733 1339 796 filius
1365 737 1456 798 Pauli

188 849 299 897 contra
324 837 495 898 Nicolaum
512 836 652 918 judicem
676 837 779 900 filium
796 839 930 900 Fabiani
955 841 987 900 in
1013 838 1097 901 facto
1114 841 1282 902 cuiusdam
1307 842 1372 904 vini
1391 843 1454 904 liti-

186 941 269 1022 giosi
293 942 390 1004 trium
415 962 576 1022 vasorum,
593 942 672 1006 feria
695 945 793 1006 tercia
818 945 963 1025 proxima
980 961 1053 1028 post
1070 944 1185 1008 festum
1210 961 1316 1008 sancte
1342 948 1453 1010 Trini-

187 1049 260 1110 tatis
284 1047 387 1130 jurare
413 1049 509 1110 debet
532 1070 629 1132 super
652 1070 691 1112 eo
708 1069 803 1133 snper
823 1071 921 1131 aram,
946 1065 981 1114 ut
998 1053 1064 1134 ipse
1090 1053 1214 1114 Blasius
1230 1053 1350 1135 juratus
1368 1053 1453 1117 dicta

187 1155 245 1216 tris
271 1175 344 1216 vasa
362 1155 429 1216 vini
455 1156 513 1238 ipsi
532 1157 668 1218 Nicolao
686 1156 783 1232 judici
806 1177 870 1219 non
887 1158 1093 1237 vendidisset,
1112 1178 1215 1240 neque
1243 1160 1283 1221 ad
1308 1161 1452 1242 precium

187 1261 379 1323 eorumdem
404 1263 444 1323 ab
463 1263 533 1344 ipso
558 1263 694 1324 Nicolao
722 1262 827 1344 judice
852 1263 891 1324 de
915 1284 952 1325 ex
969 1265 1201 1346 propinacione
1230 1265 1329 1347 ipsius
1357 1267 1453 1328 unius

186 1367 269 1428 vasis
292 1367 358 1428 vini
383 1368 425 1429 tx
451 1368 520 1431 flor.
545 1369 614 1430 auri
638 1371 841 1452 percepisset.

239 1583 335 1659 Feria
363 1597 465 1660 serta
495 1591 651 1678 proxima
679 1597 754 1679 post
779 1591 902 1662 festum
928 1592 1018 1662 beati
1047 1593 1224 1682 Augustini
1254 1596 1400 1684 episcopi

676 1721 778 1804 atque
807 1715 966 1787 doctoris.

708 1874 775 1946 (29.
799 1867 942 1948 augusti).

292 2005 370 2066 Item
403 2005 557 2068 Nicolaus
589 2019 690 2068 sartor
722 2020 831 2068 contra
864 2007 1070 2070 Leonardum
1095 2027 1251 2090 generum
1286 2009 1452 2072 Michaelis

184 2111 364 2174 Sebastiani
388 2112 494 2194 primo
519 2113 632 2174 citatus
656 2132 721 2174 non
747 2113 937 2194 comparuit.

289 2218 368 2280 item
393 2219 577 2281 Demetrius
606 2218 727 2300 juratus
757 2231 866 2280 contra
900 2220 1091 2281 Michaelem
1116 2219 1310 2302 freniparem
1343 2221 1449 2304 primo

182 2325 297 2387 citatus
320 2345 387 2387 non
414 2323 603 2408 comparuit.

290 2432 368 2494 Item
402 2433 559 2494 Martinus
589 2446 690 2494 sartor
726 2445 835 2494 contra
868 2451 1000 2494 uxorem
1037 2433 1258 2495 Bartholomei
1292 2434 1451 2516 vitriparis

182 2539 288 2620 primo
313 2539 427 2601 citatus
451 2559 517 2601 non
542 2540 731 2622 comparuit.

288 2645 366 2707 Item
391 2645 510 2707 Paulus
534 2644 655 2726 juratus
676 2659 785 2707 contra
812 2646 1020 2708 Benedictum
1039 2645 1166 2708 fratrem
1185 2647 1321 2708 condam
1341 2647 1449 2708 uxoris

180 2771 235 2812 sue
260 2751 300 2812 de
325 2750 469 2833 Tersych
494 2752 599 2833 primo
623 2751 737 2814 citatus
761 2771 826 2814 non
851 2753 1042 2832 comparuit.

290 2858 368 2920 item
394 2857 575 2940 Stephanus
599 2857 880 2942 Horwathychych
912 2871 1021 2920 contra
1050 2857 1214 2941 Mathyam
1239 2859 1366 2940 nigrum
1400 2879 1446 2919 se-

156 2964 287 3042 ¹cundo
311 2965 425 3027 citatus
450 2983 514 3026 non
539 2965 728 3048 comparuit.

286 3071 364 3132 Item
389 3071 464 3152 quia
482 3070 628 3132 Thomas
645 3071 728 3133 filius
745 3071 843 3133 Marci
865 3071 903 3132 de
930 3072 1058 3154 Lazyna
1076 3091 1149 3132 cum
1165 3069 1333 3133 sufficienti
1352 3069 1439 3132 testi-

180 3177 292 3239 monio
317 3178 461 3258 quinque
481 3177 720 3258 fidedignorum
738 3178 890 3257 virorum,
907 3177 1057 3240 videlicet
1081 3177 1172 3239 Pauli
1190 3176 1248 3239 filii
1273 3176 1443 3238 Laurentii

180 3284 219 3345 de
247 3283 462 3366 Opporowcz,
488 3284 585 3346 lwani
614 3283 671 3346 filii
697 3285 761 3346 Viti
786 3285 825 3346 de
843 3283 985 3349 inferiori
1012 3285 1209 3367 Lompnicza
1233 3304 1269 3346 ac
1295 3282 1381 3346 Galli
1406 3283 1445 3343 de

180 3390 311 3473 Lazyna
336 3403 366 3452 et
390 3388 524 3471 Georgii
549 3389 606 3452 filii
625 3389 777 3471 Stephani
795 3391 833 3450 de
859 3391 943 3452 dicta
961 3390 1166 3472 Opporowcz
1191 3409 1249 3451 nec
1274 3409 1339 3451 non
1365 3389 1442 3450 alte-

179 3497 243 3558 rius
279 3496 365 3559 Galli
395 3495 451 3558 filii
482 3495 621 3578 Philippi
654 3495 729 3556 dicti
759 3497 828 3557 Kus
859 3496 899 3558 de
932 3496 1045 3557 eadem
1078 3497 1206 3578 Lazyna
1238 3515 1295 3578 per
1325 3495 1445 3576 juratos

179 3602 353 3684 superinde
379 3601 598 3684 adjuratorum
623 3602 706 3666 clare
731 3603 953 3684 comprobavit
980 3622 1087 3664 coram
1113 3603 1258 3685 pluribus
1282 3601 1445 3662 nobilibus

178 3723 209 3771 et
232 3708 414 3792 ,fidedignis
444 3709 520 3770 viris
550 3729 585 3771 ac
617 3708 688 3770 aliis
719 3709 931 3769 assessoribus
963 3709 1078 3771 nostris
1100 3707 1270 3789 fidedignis
1302 3708 1334 3768 in
1367 3707 1442 3768 sede

178 3827 284 3877 nostra
309 3813 477 3895 judiciaria
501 3835 595 3896 super
620 3835 669 3893 eo,
693 3827 729 3875 ut
756 3801 904 3876 Vrbanus
935 3813 1019 3876 filius
1044 3814 1198 3876 Johannis
1230 3813 1442 3875 Pozawchich

177 3921 280 3983 dictus
312 3921 545 4002 quinquaginta
578 3921 722 4003 quinque
753 3941 867 4004 porcos
899 3921 1022 3982 mixtim
1054 3940 1127 3981 cum
1159 3917 1304 4000 scrophis
1340 3919 1440 4000 ipsius

177 4027 306 4088 Thome
332 4047 403 4088 cum
429 4027 524 4088 sociis
547 4028 612 4088 suis
635 4028 858 4104 subtraxisset;
884 4027 1016 4109 ipsaque
1049 4027 1319 4108 comprobacione
1345 4024 1437 4102 iacta,

177 4135 252 4214 quin
276 4134 343 4216 ipse
367 4133 516 4196 Vrbanus
541 4135 641 4215 ipsam
673 4133 929 4195 subtraccionem
962 4131 1072 4194 fecisse
1099 4145 1130 4194 et
1161 4145 1358 4213 perpetrasse
1383 4150 1438 4191 ne-

175 4241 280 4321 gabat,
298 4239 392 4321 jurati
405 4241 437 4301 in
455 4259 548 4301 causa
573 4240 684 4301 eadem
700 4259 739 4301 eo
755 4239 855 4300 modo
872 4238 1142 4320 adjudicaverant,
1161 4251 1195 4298 ut
1212 4238 1278 4319 ipse
1292 4235 1438 4299 Thomas

175 4347 290 4428 viginti
315 4347 459 4428 quinque
484 4366 538 4407 seu
557 4346 712 4427 vigesimo
737 4346 852 4426 quinto
872 4365 906 4407 se
923 4345 1067 4427 personis
1091 4344 1150 4405 sibi
1168 4343 1327 4404 similibus
1344 4361 1440 4423 super

178 4467 274 4535 caput
298 4453 398 4534 ipsius
422 4453 542 4514 Vrbani
575 4452 679 4532 jurare
711 4452 873 4514 debuisset
897 4451 1013 4513 eodem
1044 4450 1098 4512 die
1129 4449 1207 4510 hora
1232 4461 1382 4510 consveta
1408 4460 1439 4508 et

175 4559 254 4620 dnm
278 4559 412 4641 jurasset
435 4578 491 4621 seu
507 4559 721 4641 juramentum
748 4558 956 4640 deposuisset,
978 4571 1053 4618 tunc
1071 4557 1137 4638 ipse
1162 4553 1307 4616 Thomas
1331 4554 1437 4636 ipsum

176 4667 343 4728 Vrbannm
356 4679 522 4748 tamquam
540 4665 643 4727 furem
661 4684 754 4726 suum
768 4665 962 4746 suspendere
979 4663 1157 4739 debuisset;
1175 4675 1205 4723 et
1218 4661 1293 4742 quia
1306 4661 1437 4722 tandem

175 4785 247 4854 post
271 4771 436 4834 modicum
461 4785 589 4853 tempus
613 4771 690 4832 dum
716 4772 783 4852 ipse
808 4771 953 4832 Thomas
984 4789 1056 4831 cum
1083 4769 1158 4851 ipsis
1182 4767 1439 4848 conjuratoribus

176 4879 242 4940 suis
266 4899 362 4961 super
385 4893 480 4962 caput
504 4880 604 4960 ipsius
627 4877 748 4940 Vrbani
772 4877 820 4938 sui
854 4875 932 4937 furis
956 4876 1133 4956 juramenta
1167 4875 1329 4957 deponere
1354 4875 1439 4935 ince-

174 4985 271 5068 pisset
296 4984 405 5068 etjam
431 5005 503 5046 cum
521 4983 670 5068 pluribus
687 4983 945 5066 conjuratoribus
962 4983 1028 5065 ipsa
1046 4982 1223 5064 juramenta
1240 4979 1438 5062 prestitisset,

1296 5107 1332 5170 ¹9
