3734 5796
667 547 869 623 Anno1441.
895 578 935 589 -
959 560 1011 605 20.
1025 546 1119 621 yonii.
1462 564 1522 626 345

257 758 359 821 bitum
386 758 418 818 in
443 757 547 839 platea
568 756 718 819 videlicet
735 756 985 838 lucifigulorum,
1009 775 1081 818 curn
1110 757 1176 818 auis
1200 757 1405 838 pertinenciis
1422 756 1524 818 Elene

258 863 386 924 mulieri
411 882 469 945 pro
494 877 569 925 tunc
593 883 649 925 sue
675 864 765 924 uxori
782 863 938 944 legittime
964 875 994 924 et
1019 863 1155 952 Nicolao
1172 861 1239 924 filio
1257 882 1316 924 suo
1341 877 1371 924 et
1395 883 1432 924 ex
1450 863 1526 945 ipsis

256 969 473 1050 superviventi
497 968 667 1050 legavisset
690 983 845 1052 perpetuo
863 968 1111 1051 possidendum3
1137 969 1268 1050 ipsaque
1287 970 1388 1030 Elena
1407 969 1524 1030 mulier

258 1077 335 1137 dum
360 1076 393 1137 in
417 1077 567 1138 extremis
583 1077 648 1138 vite
672 1095 728 1136 sue
751 1076 939 1158 temporalis
956 1075 1141 1154 laborasset,
1157 1089 1233 1138 tunc
1251 1075 1318 1162 ipsa
1344 1075 1522 1159 predictum

259 1180 394 1244 fundum
420 1195 451 1244 et
476 1182 610 1244 domurn
628 1202 717 1244 suam
743 1195 774 1244 et
797 1182 896 1264 ipsius
912 1180 969 1243 filii
987 1183 1046 1260 sui,
1071 1181 1175 1243 eidem
1194 1180 1261 1242 filio
1286 1201 1345 1243 suo
1363 1201 1402 1244 eo
1421 1183 1519 1243 modo

257 1290 435 1370 legavisset,
453 1303 488 1352 ut
504 1290 529 1350 si
547 1289 652 1351 eidem
669 1287 736 1350 filio
753 1308 812 1350 suo
823 1303 895 1350 ante
912 1307 1014 1350 annos
1029 1308 1086 1348 sue
1105 1287 1310 1348 discrecionis
1326 1307 1382 1348 seu
1397 1301 1520 1350 mature

259 1397 351 1458 etatis
374 1416 429 1457 sue
454 1397 493 1457 ab
518 1395 578 1457 hac
601 1395 672 1457 luce
696 1395 833 1476 migrare
859 1395 1038 1475 contigerit,
1063 1407 1177 1455 extunc
1203 1393 1343 1475 prefatus
1363 1393 1523 1475 Georgius

262 1500 392 1563 sellator
415 1501 593 1583 predictum
618 1500 754 1562 fundum
790 1515 821 1563 et
844 1501 978 1561 domum
1003 1501 1103 1582 ipsius
1127 1500 1251 1561 Nicolai
1277 1500 1369 1582 pueri
1396 1498 1523 1582 plenam

262 1607 434 1686 vendendi,
448 1608 687 1689 proanimaque
697 1608 839 1689 ipsorum
850 1626 988 1688 quorum
1003 1604 1161 1688 prefuerat
1172 1607 1373 1688 expendendi
1389 1607 1524 1668 liberam

264 1713 379 1775 babeat
403 1713 598 1792 facultatem,
623 1714 793 1795 ipsumque
817 1712 919 1774 filiurn
941 1732 1034 1773 suum
1059 1731 1122 1772 una
1147 1731 1220 1772 cum
1245 1712 1315 1772 aliis
1340 1713 1435 1774 rebus
1459 1712 1524 1772 suis

261 1820 366 1882 eidem
403 1818 717 1901 Georgiosellatori
748 1819 994 1901 gubernandum
1026 1818 1196 1899 legavisset
1235 1831 1266 1880 et
1301 1817 1523 1897 nutriendum,

263 1927 402 2007 ideoque
428 1947 487 1987 nos
508 1925 683 2008 predictam
701 1926 836 1988 domum
859 1940 890 1987 et
911 1925 1047 1986 fundum
1066 1925 1164 2006 ipsius
1188 1925 1312 1986 Nicolai
1331 1925 1420 2006 pueri
1448 1943 1525 1985 una-

262 2051 335 2093 cum
360 2031 476 2093 eodem
492 2033 629 2094 Nicolao
646 2052 748 2114 puero
764 2033 934 2094 statuimus
951 2031 1050 2093 modo
1066 2031 1222 2112 premisso
1241 2029 1364 2113 prefato
1383 2028 1525 2110 Georgio

263 2139 404 2200 sellatori
428 2151 594 2220 tamquam
626 2159 702 2200 vero
730 2153 760 2200 et
791 2139 951 2220 legittimo
983 2137 1203 2199 commissario
1236 2137 1311 2199 dicti
1344 2137 1525 2199 testamenti

262 2245 400 2308 verbalis
423 2245 523 2327 ipsius
547 2245 648 2307 Elene
672 2245 816 2306 mulieris
840 2243 1072 2326 disponendam
1098 2256 1129 2306 et
1152 2244 1408 2327 gubernandum.

300 2497 396 2573 lerla
425 2503 531 2573 tercia
558 2503 712 2591 proxima
741 2508 819 2574 ante
847 2503 970 2574 lestum
999 2504 1088 2575 beati
1117 2504 1281 2594 johannis
1309 2503 1471 2592 Baptiste.

800 2672 866 2748 (20.
883 2673 987 2751 sitnia).

368 2831 447 2892 ltem
472 2851 545 2893 cum
570 2831 736 2893 Ladislaus
760 2852 895 2914 magnus
920 2831 958 2893 de
983 2834 1041 2895 sub
1068 2832 1194 2916 Oklych
1220 2846 1250 2894 et
1273 2831 1419 2893 Andreas
1447 2832 1527 2894 alias
1590 2803 1593 2809 Ι

264 2957 359 2999 cocus
372 2937 508 2999 condam
520 2937 644 2998 domini
655 2937 794 2999 Ladislai
803 2937 913 2999 Thoth
925 2937 965 3000 de
975 2939 1194 3018 Zomzedwar,
1208 2939 1376 3001 servitores
1390 2938 1521 2999 domine

264 3043 365 3105 Elene
389 3043 498 3105 relicte
529 3044 662 3126 predicti
695 3044 832 3106 condam
865 3044 987 3106 domini
1015 3046 1154 3107 Ladislai
1186 3045 1297 3108 Thoth
1320 3047 1352 3107 in
1385 3065 1521 3128 persona

263 3149 407 3211 eiusdem
431 3150 562 3211 domine
587 3149 699 3229 Elene,
727 3165 762 3212 ut
792 3165 1015 3232 procuratores
1046 3153 1145 3234 ipsius
1176 3166 1286 3214 contra
1312 3134 1525 3214 Benedictum

261 3254 364 3317 filium
389 3255 537 3337 Gregorii
562 3256 680 3318 Farkas
712 3256 750 3316 de
781 3256 941 3318 Hathwan
971 3259 1160 3320 servitorem
1185 3273 1215 3321 et
1248 3259 1416 3340 parvulum
1454 3278 1525 3340 pre·

262 3361 345 3424 dicte
379 3361 510 3424 domine
542 3362 643 3423 Elene
676 3382 713 3424 eo
746 3362 845 3424 modo
876 3363 1126 3445 proposuissent,
1171 3379 1205 3425 ut
1239 3365 1306 3446 ipse
1332 3363 1525 3426 Benedictus

262 3469 414 3550 parvulus
445 3488 518 3530 curn
555 3467 663 3530 ladula
696 3467 816 3551 prefate
855 3468 987 3531 domine
1020 3471 1119 3531 Elene
1152 3485 1183 3532 et
1215 3490 1286 3532 curn
1320 3470 1464 3552 pecuniis
1496 3482 1527 3531 et

264 3577 359 3636 rebus
382 3574 526 3638 eiusdem
551 3575 682 3637 domine
715 3576 815 3636 Elene
840 3575 872 3636 in
905 3575 1017 3638 eadem
1046 3577 1154 3638 ladula
1187 3577 1334 3659 repositis
1358 3577 1526 3656 salivisset,

265 3681 367 3763 ipsam
391 3681 533 3742 ladulam
559 3701 632 3743 cum
657 3681 733 3763 ipsis
757 3683 852 3742 rebus
883 3695 913 3743 et
938 3683 1081 3764 pecuniis
1105 3683 1333 3761 subtrahendo,
1359 3697 1434 3744 tunc
1459 3684 1526 3765 ipse

265 3787 461 3849 Benedictus
486 3787 638 3869 parvulus
662 3801 696 3848 ut
724 3789 755 3848 in
788 3807 916 3850 causam
948 3802 1109 3869 attractus,
1144 3789 1264 3851 ibidem
1298 3790 1330 3850 in
1363 3789 1526 3871 presencia

264 3891 442 3974 juratorum
479 3907 509 3954 et
544 3893 790 3976 justiciariorum
826 3895 901 3956 anni
934 3896 1088 3976 presentis
1117 3895 1282 3977 respondit
1313 3914 1349 3955 ex
1381 3894 1526 3973 advers0,

263 4000 352 4082 quod
379 4001 445 4082 ipse
468 4001 644 4083 predictam
669 4001 812 4063 ladulam
836 4021 908 4063 cum
930 4003 1024 4063 rebus
1049 4015 1079 4062 et
1103 4002 1246 4083 pecuniis
1271 4001 1370 4083 ipsius
1394 4000 1526 4062 domine

264 4106 366 4168 Elene
392 4126 455 4168 ηοη
492 4107 696 4168 subtraxisset
729 4127 787 4168 nec
818 4126 890 4168 curn
916 4108 961 4168 eis
991 4108 1147 4169 salivisset
1181 4128 1285 4188 neque
1311 4108 1394 4188 ipsas
1418 4127 1525 4188 aspor-

262 4225 377 4289 tasset;
402 4227 433 4274 et
461 4213 536 4294 quia
568 4213 701 4294 predicti
734 4228 955 4295 procuratores
987 4214 1087 4296 ipsius
1111 4215 1242 4276 domine
1275 4213 1376 4274 Elene
1408 4213 1525 4275 dictam

263 4319 429 4380 accionem
462 4338 572 4380 eorum
606 4335 715 4380 contra
752 4320 857 4401 ipsum
890 4320 1099 4382 Benedictum
1131 4321 1164 4381 in
1197 4340 1324 4381 causam
1358 4332 1525 4382 attractum

267 4425 443 4508 suspiciose
467 4445 570 4506 usque
593 4425 723 4486 terciam
749 4426 1007 4507 proposicionem
1033 4427 1132 4508 ipsius
1149 4426 1289 4488 accionis
1313 4425 1450 4486 eandem
1475 4445 1525 4486 ac·

265 4532 392 4594 cionem
417 4545 664 4614 proposuerunt,
689 4532 835 4612 adeoque
868 4532 960 4610 jurati
985 4545 1016 4594 et
1046 4532 1209 4614 justiciarii
1241 4533 1374 4614 predicti
1398 4551 1525 4594 causam

267 4640 349 4700 inter
374 4639 458 4721 ipsas
481 4653 586 4720 partes
609 4651 730 4700 motam
755 4639 798 4700 sic
823 4637 1097 4720 adjudicaverunt,
1130 4639 1218 4720 quod
1243 4639 1310 4721 ipse
1334 4638 1527 4699 Benedictus

269 4745 421 4827 parvulus
445 4744 544 4806 tercio
568 4763 601 4806 se
629 4745 773 4826 personis
803 4745 862 4806 sibi
895 4745 1054 4806 similibus
1085 4745 1118 4805 in
1151 4745 1283 4807 ecclesia
1318 4745 1402 4806 beati
1427 4743 1525 4806 Marci

268 4849 473 4932 ewangeliste
498 4870 593 4932 super
616 4869 702 4912 aram
728 4849 806 4912 hora
831 4851 937 4912 debita
967 4865 997 4912 et
1020 4865 1168 4913 consveta
1201 4871 1307 4912 coram
1333 4871 1399 4912 uno
1423 4850 1525 4932 jurato

267 4957 334 5020 cive
360 4956 496 5019 civitatis
520 4956 661 5040 predicte
685 4955 788 5039 jurare
813 4957 973 5020 tenebitur
993 4977 1087 5038 super
1112 4977 1160 5035 eo,
1186 4969 1220 5018 ut
1245 4957 1311 5040 ipse
1336 4955 1527 5018 Benedictus
