3678 5800
568 548 655 606 Anno
677 561 768 625 1454.
795 582 835 590 -
862 545 914 608 18.
930 550 1023 625 junii.
1366 571 1424 614 211

162 651 449 660 —————.-..-

165 755 272 839 ipsum
297 755 431 837 juridice
456 774 702 823 concernentem
727 781 800 822 cum
824 762 889 824 suis
913 763 1128 845 pertinenciis,
1152 763 1303 847 predictis
1328 765 1429 827 Elene

163 882 223 943 pro
246 877 325 925 tunc
348 867 440 927 uxori
465 881 496 928 et
520 867 670 930 Michaeli
694 866 772 947 filio,
797 869 872 947 auis,
905 869 1074 950 legavisaet
1097 869 1302 952 perhenniter
1325 872 1428 954 possi·

164 968 317 1050 dendam,
343 971 482 1054 ideoque
506 993 565 1036 nos
588 973 764 1056 predictam
783 975 970 1057 porcionem
995 975 1121 1054 domus,
1146 974 1248 1055 fundi,
1262 976 1382 1038 cellarii
1400 989 1431 1038 et

164 1074 401 1158 hedificiorum,
427 1081 614 1162 porcionem
640 1081 789 1143 videlicet
820 1081 896 1142 dicti
922 1081 1005 1143 Petri
1031 1081 1242 1162 balneatoris,
1267 1103 1338 1145 cum
1364 1083 1430 1144 suis

163 1183 372 1264 pertinenciis
396 1185 517 1248 eisdem
543 1187 644 1249 Elene
669 1187 796 1248 mulieri
820 1199 852 1248 et
875 1186 1025 1250 Michaeli
1057 1186 1206 1250 filiosuo
1231 1209 1267 1250 ac
1291 1209 1347 1272 per
1372 1209 1427 1250 eos

164 1289 308 1371 ipsorum
341 1290 513 1355 heredibus
544 1294 714 1357 statuimus
745 1307 902 1377 perpetuo
932 1293 1161 1378 possidendam
1192 1308 1223 1356 et
1247 1295 1430 1377 quomodo·

164 1415 305 1478 cumque
329 1399 491 1461 voluerint
514 1400 758 1484 disponendam.

272 1502 351 1566 ltem
375 1506 451 1586 quia
475 1507 617 1589 predicta
642 1507 743 1568 Elena
767 1506 876 1568 relicta
909 1505 1021 1588 prelati
1046 1505 1174 1568 Andree
1192 1505 1249 1567 lilii
1274 1502 1373 1582 Galli,
1397 1503 1429 1566 in

164 1629 222 1670 sua
246 1625 278 1672 et
302 1612 431 1696 Mathye
456 1612 513 1675 filii
537 1615 585 1676 sui
611 1635 648 1677 ex
673 1615 788 1677 eodem
810 1613 939 1674 Andrea
964 1625 995 1675 et
1026 1611 1146 1695 prefata
1169 1613 1270 1674 Elena
1295 1611 1429 1672 muliere

163 1717 321 1798 legittime
344 1722 504 1802 progeniti
537 1735 568 1783 et
591 1723 748 1804 procreati
773 1721 929 1803 personis,
953 1720 985 1780 id
1007 1739 1079 1781 cum
1103 1717 1274 1780 sufficienti
1299 1731 1330 1780 et
1353 1716 1430 1778 fide·

165 1823 266 1904 digno
291 1841 474 1889 nostrorum
492 1829 674 1890 concivium
690 1827 877 1890 testimonio
899 1826 930 1888 in
947 1826 1021 1887 aede
1038 1839 1145 1887 nostra
1162 1824 1329 1908 judiciaria
1346 1823 1430 1886 clare

165 1933 391 2013 comprobavit
415 1953 521 1996 coram
539 1935 642 2013 nobis,
667 1949 702 1996 ut
723 1935 800 1995 dum
818 1931 958 2016 prelatus
981 1932 1126 1994 Andreas
1143 1933 1175 1994 in
1200 1931 1349 1994 extremis
1365 1931 1430 1993 vite

162 2056 218 2098 sue
243 2040 431 2121 temporalis
455 2041 639 2120 laborasset,
663 2053 739 2102 tunc
756 2041 824 2122 ipse
848 2038 1023 2122 predictam
1048 2039 1175 2100 vineam
1199 2057 1290 2099 suam
1315 2036 1427 2099 condi·

162 2143 323 2206 cionalem
356 2147 461 2228 ipsum
492 2147 626 2229 juridice
658 2158 916 2226 concernentem‚
951 2145 1092 2228 predicte
1124 2145 1225 2207 Elene
1255 2145 1365 2206 relicte
1397 2157 1428 2206 et

166 2249 286 2312 Mathie
304 2251 383 2332 filio,
401 2254 476 2333 suis,
502 2255 670 2336 legavisset
686 2253 892 2336 perhenniter
908 2251 1154 2334 possidendam
1171 2251 1305 2313 domum
1322 2263 1431 2312 autem

162 2376 254 2419 suam
282 2359 387 2440 ipsum
412 2360 559 2422 similiter
579 2361 751 2422 literatorie
770 2372 1027 2437 concernentem‚
1048 2377 1121 2420 cum
1138 2359 1202 2419 suis
1226 2357 1431 2440 pertinenciis

162 2463 283 2544 prefate
298 2466 399 2528 Elene
416 2467 526 2528 relicte
542 2487 598 2528 sue
616 2467 784 2548 legavisset
801 2478 832 2526 et
848 2464 1096 2526 recommisisset
1112 2463 1295 2526 vendicioni
1313 2482 1430 2544 expen-

162 2569 303 2632 dendam
328 2587 359 2633 et
382 2592 440 2654 pro
465 2573 572 2634 anima
596 2551 653 2634 sua
678 2571 906 2652 elargiendam,
933 2570 1071 2652 ideoque
1096 2589 1155 2631 nos
1178 2569 1355 2652 predictam
1379 2570 1426 2630 vi·

162 2695 256 2738 neam
288 2679 546 2741 condicionalem
578 2679 678 2761 ipsius
718 2677 846 2739 Andree
878 2675 998 2759 prefate
1037 2677 1135 2738 Elene
1168 2676 1275 2738 relicte
1308 2689 1339 2738 et
1369 2675 1430 2757 ipsi

163 2783 295 2866 Mathye
327 2784 406 2864 filio,
432 2783 516 2866 ¹suis,
546 2787 714 2848 statuimus
747 2795 902 2866 perpetuo
933 2783 1160 2866 possidendam
1193 2795 1224 2843 et
1248 2782 1430 2863 quomodo·

162 2909 303 2973 cumque
327 2893 489 2955 voluerint
514 2893 767 2976 disponendam;
802 2889 959 2973 prefatam
991 2903 1098 2952 autem
1123 2890 1257 2951 domum
1282 2888 1429 2950 ciusdem

161 2998 291 3059 Andree
310 2999 457 3062 similiter
480 3019 552 3061 cum
570 3000 636 3060 suis
652 2998 857 3082 pertinenciis
874 3009 1024 3059 annotate
1043 2997 1142 3058 Elene
1156 2995 1265 3057 relicte
1282 2995 1429 3056 eiusdem

161 3103 292 3166 Andree
317 3106 538 3168 commisimus
559 3106 744 3167 vendicioni
769 3103 1004 3186 exponendam.

268 3211 347 3273 ltem
365 3214 440 3294 quia
465 3213 628 3294 Georgius
652 3211 792 3274 carnifex
816 3211 919 3272 dictus
944 3209 1052 3272 Gurak
1085 3208 1168 3270 lilius
1192 3208 1428 3290 Matheykonia,

163 3316 194 3377 id
219 3337 292 3379 cum
318 3317 487 3382 sufficienti
512 3335 543 3382 et
568 3319 731 3400 fidedigno
760 3329 942 3379 nostrorum
975 3316 1157 3378 concivium
1181 3315 1367 3376 testimonio
1393 3314 1425 3376 in

161 3425 235 3485 sede
252 3441 360 3487 nostra
379 3426 544 3506 judiciaria
562 3427 646 3489 clare
663 3425 887 3507 comprobavit
906 3443 1013 3484 coram
1030 3423 1134 3502 nobis,
1149 3435 1182 3482 ut
1199 3421 1275 3483 dum
1292 3420 1425 3503 provida

162 3531 300 3592 condam
312 3533 570 3595 mulierKathria
583 3533 707 3610 vocata,
718 3531 826 3593 relicta
845 3530 982 3592 condam
997 3528 1116 3590 Mathai
1130 3528 1243 3589 decani
1257 3540 1287 3589 et
1299 3527 1428 3589 tandem

160 3657 241 3698 uxor
266 3637 422 3719 legittima
448 3638 582 3720 Georgii
607 3639 723 3700 literati
748 3636 864 3698 Thuch
897 3635 1128 3716 cognominati,
1153 3633 1210 3695 filii
1236 3633 1367 3712 Mathai,
1392 3634 1425 3694 in

161 3745 312 3805 extremis
336 3746 400 3807 vite
416 3765 471 3806 sue
489 3745 677 3828 temporalis
693 3745 878 3822 laborasset,
899 3756 975 3805 tunc
999 3742 1066 3824 ipsa
1084 3739 1256 3822 quemdam
1275 3739 1428 3822 (h)ortum

160 3869 257 3911 suum
282 3852 314 3912 in
339 3853 494 3914 suburbio
520 3853 656 3914 civitatis
679 3850 835 3929 habitum,
861 3851 962 3932 ipsam
980 3847 1154 3909 literatorie
1170 3860 1427 3925 concernentem‚

160 3958 306 4038 predicto
332 3957 474 4040 Georgio
502 3958 641 4020 carnifici
667 3973 831 4039 tamquam
857 3975 932 4017 vero
958 3969 987 4016 et
1012 3954 1170 4035 legittimo
1195 3972 1254 4014 suo
1279 3953 1427 4013 commis·

160 4065 245 4127 sario
269 4065 441 4147 legavisset
464 4066 648 4127 vendicioni
673 4064 898 4147 exponendum
919 4077 948 4123 et
965 4062 1117 4144 pecunias
1141 4080 1198 4142 pro
1216 4059 1334 4140 quibus
1351 4079 1426 4121 ven-

161 4171 255 4233 detur
280 4191 338 4254 pro
363 4173 470 4234 anima
494 4193 553 4234 sua
570 4184 700 4254 propter
717 4171 813 4232 deum
833 4168 1044 4230 commisisset
1060 4167 1269 4248 elargiendas,
1288 4166 1426 4247 ideoque

161 4298 219 4339 nos
244 4279 424 4360 predictum
448 4278 601 4361 (h)ortum
633 4292 786 4339 annotato
812 4275 955 4356 Georgio
988 4273 1126 4335 carnifici
1160 4289 1324 4354 tamquam
1350 4291 1426 4333 vero

160 4385 381 4448 commissario
406 4386 489 4448 dicte
515 4385 690 4448 Katherine
712 4384 856 4445 mulieris
872 4382 1042 4444 statuimus
1066 4395 1097 4442 et
1114 4380 1334 4442 commisimus
1350 4399 1426 4440 ven-

160 4493 304 4554 dendum
329 4507 359 4554 et
383 4491 482 4554 modo
507 4492 661 4573 premisso
686 4489 934 4574 disponendum.

266 4600 345 4660 ltem
369 4599 444 4680 quia
468 4598 629 4680 predictus
647 4597 805 4678 Georgius
830 4596 973 4656 literatus
990 4592 1105 4654 Thuch
1131 4592 1163 4653 id
1188 4591 1334 4654 similiter
1351 4610 1424 4653 cum

160 4704 330 4768 sufficienti
362 4719 393 4766 et
423 4703 586 4786 fidedigno
621 4717 803 4766 nostrorum
843 4701 1024 4762 concivium
1062 4699 1247 4760 testimonio
1284 4697 1315 4758 in
1348 4697 1423 4758 sede

161 4827 264 4874 nostra
290 4811 457 4891 judiciaria
481 4811 564 4871 clare
585 4809 807 4891 comprobavit
830 4827 938 4869 coram
956 4807 1059 4884 nobis,
1084 4818 1118 4866 ut
1143 4805 1220 4865 dum
1247 4803 1422 4864 Katherina

161 4940 238 4982 uxor
263 4939 319 4980 sua
340 4919 494 4999 legittima
519 4919 550 4978 in
570 4917 719 4978 extremis
744 4917 805 4977 vite
823 4935 878 4975 sue
898 4914 1082 4989 laborasset,
1106 4925 1181 4972 tunc
1200 4911 1266 4991 ipsa
1291 4909 1423 4970 totalem

160 5027 347 5106 porcionem
372 5023 538 5085 cuiusdam
567 5024 685 5085 domus
718 5037 841 5084 murare
866 5034 897 5081 ct
928 5019 1031 5095 fundi,
1055 5019 1241 5100 porcionem
1274 5015 1423 5077 videlicet

1316 5118 1328 5144 a
