3740 5810
423 510 481 572 ¹42
836 493 922 550 Anno
944 505 1034 567 1431.
1057 524 1101 534 -
1124 501 1172 567 27.
1189 488 1274 568 julii.

525 704 602 766 Item
628 703 720 785 jurati
746 701 1022 784 adjudicaverunt,
1047 717 1081 765 ut
1102 703 1292 765 Valentinus
1315 697 1583 764 filius-lobannis
1601 695 1682 774 vige·

419 812 502 872 simo
532 811 646 891 quinto
670 830 703 870 se
734 811 880 892 personis
904 811 965 871 sibi
998 809 1157 870 similibus
1185 810 1288 892 prima
1321 809 1398 869 feria
1429 820 1514 868 sexta
1539 801 1684 887 proxima

420 931 491 1000 post
514 929 641 997 treugas
665 918 758 978 beate
783 915 985 998 Margaretbe
1013 915 1146 996 virginis
1172 929 1203 978 et
1234 916 1372 978 martiris
1396 915 1500 996 jurare
1522 907 1685 973 tenebitur

420 1042 514 1104 super
530 1042 616 1083 aram
642 1035 753 1083 contra
771 1022 901 1084 Petrum
923 1021 1048 1104 pridem
1066 1021 1205 1102 juratum
1222 1021 1323 1084 filium
1349 1021 1432 1082 Petri
1453 1019 1577 1100 Saphar
1593 1031 1686 1095 super

422 1150 470 1205 eo,
496 1143 530 1190 ut
562 1129 628 1211 ipse
652 1128 843 1190 Valentinus
875 1129 907 1190 in
940 1130 1035 1190 rebus
1060 1141 1091 1190 et
1122 1129 1216 1190 bonis
1247 1129 1386 1190 condam
1419 1125 1546 1188 Andree
1573 1119 1688 1203 judicis

422 1234 525 1297 fratris
559 1235 696 1296 senioris
733 1235 831 1317 ipsius
863 1235 947 1296 Petri
979 1233 1072 1315 jurati
1112 1255 1170 1297 nec
1202 1235 1267 1296 suis
1299 1234 1426 1296 nullum
1463 1252 1521 1295 nec
1552 1225 1687 1309 aliquod

422 1341 599 1423 dampnum
627 1362 684 1403 seu
708 1355 939 1402 nocumentum
964 1354 1019 1402 aut
1042 1339 1240 1404 luiticinium
1266 1341 1434 1418 intulisset,
1458 1339 1513 1401 sed
1538 1339 1570 1398 in
1597 1332 1687 1396 totali

422 1449 557 1509 accione
584 1463 614 1508 et
638 1447 854 1528 acquisicione
887 1447 986 1528 ipsius
1018 1447 1101 1509 Petri
1127 1449 1282 1510 innocens
1312 1461 1394 1510 esset
1424 1446 1550 1529 penitus
1586 1454 1619 1503 et
1642 1440 1688 1501 in·

423 1555 539 1632 munis,
565 1568 596 1615 et
623 1554 700 1615 dum
727 1552 854 1634 jurabit,
871 1566 947 1615 tunc
968 1553 1035 1635 ipse
1053 1553 1163 1616 Petrus
1187 1555 1245 1637 ipsi
1263 1554 1436 1616 Valentino
1454 1554 1486 1614 in
1511 1545 1687 1634 (blomagio

423 1661 616 1722 remanebit.

530 1768 608 1829 ltem
637 1766 730 1848 jurati
755 1766 1031 1848 adjudicaverunt,
1056 1767 1144 1848 quod
1178 1767 1253 1849 quia
1279 1771 1387 1849 Agnes
1413 1765 1479 1828 lilia
1504 1764 1623 1829 Matbei
1649 1761 1688 1822 de

431 1873 592 1935 liraleucb
617 1873 648 1934 id
674 1873 853 1954 juramento
878 1893 934 1955 per
958 1893 1028 1934 eam
1046 1892 1101 1955 per
1125 1872 1403 1954 adjudicacionam
1426 1873 1601 1954 juratorum
1619 1886 1687 1950 pre-

430 1981 506 2042 stito
532 1979 726 2041 sufficienter
757 1981 989 2061 comprobavit,
1014 1992 1048 2041 ut
1079 1980 1145 2060 ipsa
1174 1993 1220 2041 est
1244 2001 1317 2042 vera
1349 1980 1494 2042 heresin
1518 1975 1688 2060 possessio-

432 2087 528 2147 nibus
552 2099 582 2146 et
606 2087 701 2147 rebus
725 2086 824 2168 ipsius
848 2085 967 2147 Mathei
992 2085 1154 2167 patrissui
1180 2086 1212 2146 in
1233 2086 1359 2148 civitate
1383 2099 1414 2148 et
1438 2086 1507 2147 eius
1529 2081 1687 2145 territorio

433 2191 560 2269 habitis,
584 2205 615 2252 et
632 2191 782 2272 quitquid
807 2211 877 2252 eam
895 2193 927 2252 in
951 2192 1072 2253 eisdem
1098 2192 1179 2254 inter
1195 2193 1274 2254 alias
1293 2213 1418 2254 sorores
1443 2205 1473 2254 et
1489 2189 1597 2253 fratres
1614 2205 1687 2248 suos

433 2299 464 2359 in
490 2297 611 2359 eisdem
635 2299 730 2359 rebus
753 2311 784 2359 et
808 2298 901 2359 bonis
925 2317 960 2358 ac
985 2299 1239 2380 possessionibus
1263 2299 1338 2362 dicti
1364 2299 1461 2381 patris
1488 2299 1535 2358 sui
1559 2313 1685 2358 concer-

434 2423 509 2464 nere
534 2404 671 2482 videtur,
688 2403 719 2464 id
744 2403 849 2466 eidem
867 2423 923 2486 per
939 2403 1059 2484 juratos
1075 2405 1170 2466 statui
1193 2406 1289 2467 debet
1305 2405 1391 2487 juxta
1416 2405 1521 2486 legem
1539 2417 1568 2464 et
1592 2402 1685 2463 liber·

429 2523 527 2572 tatem
556 2510 701 2573 civitatis.

536 2615 614 2678 ltenr
647 2617 723 2698 quia
757 2616 881 2678 Blasius
912 2616 1015 2678 dictus
1047 2617 1171 2699 Wragh
1202 2617 1418 2700 juramentum
1449 2617 1510 2678 sibi
1533 2615 1631 2678 tercio
1656 2631 1686 2672 se

430 2723 576 2804 personis
600 2723 659 2783 sibi
684 2723 845 2784 similibus
869 2735 979 2785 contra
1002 2724 1171 2785 Nicolaum
1190 2723 1366 2786 Precbinen
1392 2737 1542 2798 actorem,
1565 2741 1616 2803 per
1641 2719 1686 2800 iu·

429 2841 513 2889 ratos
537 2827 756 2910 adjudicatum
782 2828 813 2890 in
840 2847 933 2890 causa
957 2831 1140 2911 pecuniaria
1165 2831 1292 2892 racione
1310 2829 1463 2892 lurticinii
1488 2828 1632 2911 deposuit
1657 2838 1685 2885 et

435 2935 572 3016 prestitit
603 2948 638 2996 ut
669 2935 790 3012 debuit,
824 2934 896 2996 ideo
922 2936 980 3018 ipsi
1013 2937 1165 2998 Nicolaus
1197 2937 1373 2999 Prechinen
1404 2936 1524 2997 dictum
1551 2933 1685 2996 blasium

431 3059 526 3122 super
545 3041 613 3123 ipso
631 3040 714 3102 lacto
731 3040 884 3103 lurticinii
908 3043 1047 3105 reddidit
1064 3057 1095 3106 et
1108 3063 1166 3106 nos
1190 3043 1391 3105 reddidimus
1412 3041 1480 3105 lore
1498 3041 1684 3124 expeditum.

450 3239 546 3313 Feria
574 3246 682 3316 tercia
701 3247 856 3333 proxima
876 3252 953 3336 post
975 3245 1098 3317 lostam
1127 3245 1346 3318 visitacionis
1376 3245 1520 3334 gloriose
1548 3262 1670 3332 semper

920 3372 1064 3458 virginis
1092 3371 1206 3442 llatie.

980 3505 1142 3587 (stilti)-

542 3627 619 3689 Item
653 3629 763 3690 Petrus
794 3629 915 3711 juratus
938 3629 1023 3692 filius
1054 3632 1138 3694 Petri
1172 3631 1294 3714 Saphar
1326 3645 1436 3693 contra
1468 3631 1622 3692 Jacobum
1644 3627 1686 3710 ju·

435 3745 538 3794 ratum
564 3732 667 3794 filium
693 3735 848 3797 lobannis
872 3737 973 3820 Bolye
997 3737 1138 3800 secundo
1171 3738 1284 3800 citatus
1308 3758 1374 3799 non
1398 3738 1588 3820 comparuit.

514 3933 610 4008 Faria
635 3943 733 4009 sexta
760 3941 912 4028 proxima
940 3949 1017 4030 post
1045 3941 1169 4014 festum
1197 3942 1286 4012 beati
1314 3939 1432 4030 Jacobi
1462 3941 1616 4029 apostoli.

974 4095 1037 4171 (27.
1054 4095 1148 4170 julia).

543 4210 621 4272 Item
646 4211 792 4274 Thomas
816 4213 919 4276 dictus
943 4216 1034 4278 Zima
1066 4230 1175 4278 contra
1200 4216 1366 4300 Agycham
1399 4215 1542 4278 relictam
1569 4215 1690 4298 Mathey

437 4316 550 4378 decani
574 4318 680 4399 primo
705 4319 817 4382 citatus
841 4341 905 4382 non
931 4323 1120 4403 comparuit.

547 4423 622 4485 Item
661 4424 821 4507 Georgius
857 4427 1039 4510 lucifigulus
1074 4443 1105 4491 et
1140 4429 1305 4490 Emericus
1341 4428 1556 4512 Barberichyn
1590 4441 1691 4490 contra

438 4529 617 4610 Georgium
642 4531 769 4615 Halych
793 4534 897 4615 primo
922 4534 1007 4596 citati
1032 4555 1096 4597 non
1122 4549 1380 4616 comparuerunt.

546 4635 622 4698 ltem
648 4638 760 4700 Petrus
790 4638 910 4719 juratus
942 4653 1050 4701 contra
1076 4640 1246 4702 Nicolaum
1279 4641 1437 4724 Krawyak
1471 4641 1503 4702 in
1528 4641 1692 4723 quindenis

439 4743 583 4804 secundo
614 4744 727 4806 citatus
758 4765 822 4807 non
848 4747 1037 4828 comparuit.

545 4852 623 4914 ltem
648 4852 771 4914 Blasins
795 4853 914 4934 juratus
939 4866 1047 4915 contra
1071 4853 1240 4915 Nicolaum
1267 4855 1424 4937 Krawyak
1449 4856 1555 4936 primo
1587 4855 1692 4916 citatus

440 4977 504 5018 non
529 4959 718 5039 comparuit.
