3734 5796
607 569 809 648 Ann01438.
835 606 874 615 —
899 584 948 646 25.
971 571 1085 645 aprilis.
1416 569 1477 650 283

215 775 325 856 timus,
351 778 390 838 ad
423 778 548 860 objecta
580 780 678 864 ipsius
711 782 840 844 Thome
874 782 1020 864 preconis
1050 783 1211 844 tenebitur
1242 781 1480 864 perhemptorie

216 885 413 965 respondere
437 900 533 968 prout
557 889 728 970 assumpsit
751 909 858 951 coram
883 889 985 950 nobis.

321 1009 399 1072 ltem
424 1011 517 1092 jurati
542 1011 816 1093 adjudicaverunt,
842 1027 875 1074 ut
900 1013 932 1074 in
961 1033 1054 1074 causa
1079 1013 1174 1074 unius
1208 1011 1277 1074 flor.
1302 1011 1385 1072 inter
1409 1011 1476 1073 Ste-

213 1115 358 1196 phanum
383 1118 509 1180 Banum
525 1131 679 1181 sartorem
704 1133 739 1182 ut
763 1121 795 1182 in
814 1139 942 1182 causam
960 1133 1138 1198 attractum,
1156 1134 1187 1182 et
1211 1119 1293 1180 inter
1318 1117 1477 1180 Briccium

213 1219 354 1300 judicem
384 1235 419 1284 ut
449 1237 601 1304 actorem,
633 1239 668 1287 ut
698 1227 765 1308 ipse
799 1226 979 1309 Stephanus
1010 1239 1111 1287 sartor
1145 1227 1250 1286 Banus
1282 1223 1359 1286 feria
1392 1236 1478 1285 sexta

213 1327 359 1407 proxima
384 1341 456 1410 post
479 1343 625 1393 octavam
650 1331 745 1395 Pasce
770 1333 902 1394 Domini
920 1353 1015 1414 super
1038 1351 1124 1393 aram
1150 1330 1246 1392 debet
1262 1330 1365 1412 jurare
1384 1349 1480 1412 super

214 1453 263 1512 eo,
290 1448 325 1495 ut
347 1435 415 1516 ipse
448 1455 513 1498 non
537 1439 708 1521 assumpsit
732 1440 837 1522 ipsum
862 1439 931 1502 flor.
960 1439 1028 1500 auri
1053 1438 1197 1520 predicto
1229 1437 1354 1498 Briccio
1378 1435 1477 1518 judici

214 1539 394 1602 satisfacere
418 1557 450 1604 et
473 1545 666 1625 persolvere.

320 1647 398 1710 ltem
423 1649 569 1733 Mathyas
597 1652 715 1714 Farkas
747 1666 857 1714 contra
889 1654 1089 1714 Ztanltonem
1121 1649 1328 1732 jobagionem
1353 1649 1392 1709 de
1417 1648 1478 1710 Po·

214 1754 326 1837 bresya
350 1755 456 1837 primo
470 1756 594 1849 ,citatus
615 1777 680 1820 non
704 1759 894 1842 comparuit.

320 1861 398 1924 ltem
422 1863 515 1942 jurati
540 1864 805 1945 adjudicaverunt
836 1867 901 1928 duo
926 1865 1103 1948 juramenta
1135 1863 1279 1947 predicto
1313 1859 1477 1943 Stephano

215 1966 305 2028 Bano
335 1967 473 2032 infacto
504 1971 646 2033 incendii
676 1985 708 2036 et
739 1973 1011 2034 concremacionis
1043 1972 1160 2032 domus
1188 1985 1219 2030 et
1243 1987 1347 2030 rerum
1380 1967 1480 2049 ipsius

216 2073 369 2154 Stephani
395 2075 485 2156 Rani,
510 2077 586 2139 item
611 2079 735 2168 primp:
760 2079 845 2140 idem
871 2077 1051 2160 Stephanus
1069 2078 1176 2140 Banus
1199 2074 1360 2137 solitarius
1384 2073 1479 2134 debet

214 2176 320 2258 jurare
343 2200 438 2263 super
462 2201 511 2260 eo,
537 2197 571 2246 ut
595 2185 662 2266 ipse
687 2205 759 2246 cum
786 2184 928 2266 Georgio
953 2199 1073 2246 sartore
1098 2183 1203 2264 judice
1229 2193 1377 2264 exparte
1403 2199 1479 2240 con-

214 2287 425 2348 cremacionis
448 2289 532 2352 dicte
557 2291 672 2352 domus
697 2305 728 2355 et
756 2311 861 2354 rerum
894 2291 1037 2353 eiusdem
1063 2289 1217 2373 Stephani
1250 2288 1329 2350 Bani
1355 2286 1478 2347 nullam

214 2393 421 2456 concordiam
445 2415 504 2458 nec
527 2397 670 2479 aliquam
686 2398 941 2460 satisfaccionem
958 2397 1136 2474 habuisset3
1161 2394 1351 2458 secundario
1369 2405 1477 2455 autem

213 2497 311 2560 debet
333 2499 437 2581 jurare
461 2522 556 2584 super
579 2523 629 2576 e0,
654 2519 689 2567 ut
713 2506 780 2587 ipse
805 2505 987 2588 Stephanus
1016 2504 1122 2566 Banus
1154 2504 1186 2564 in
1212 2500 1477 2563 concremacione

213 2617 244 2666 et
268 2605 455 2668 incensione
478 2609 560 2670 dicte
593 2611 710 2672 domus
742 2623 772 2672 et
803 2631 909 2673 rerum
941 2629 1069 2672 suarum
1099 2607 1211 2672 habuit
1243 2608 1419 2688 dampnum
1445 2604 1477 2665 in

212 2710 321 2772 valore
347 2713 495 2776 Lxxxx
519 2715 588 2779 flor.
613 2717 692 2796 auri,
717 2732 748 2780 et
768 2737 833 2779 non
858 2718 891 2778 in
908 2717 1041 2792 maiori;
1065 2735 1127 2798 que
1152 2715 1330 2796 juramenta
1354 2711 1473 2774 debent

213 2815 281 2878 heri
306 2815 384 2880 feria
408 2833 495 2882 sexta
518 2823 663 2904 proxima
688 2837 760 2906 post
784 2837 929 2886 octavam
956 2824 1052 2885 Pasce
1077 2821 1221 2884 Domini.

321 2925 400 2987 Item
426 2927 507 2988 inter
528 2928 659 2991 Petrum
675 2931 836 2992 literatum
861 2945 892 2992 et
916 2931 996 2991 inter
1013 2930 1176 2991 Andream
1193 2927 1319 2989 fabrum
1345 2923 1479 2986 infacto

213 3029 289 3092 furti
314 3045 488 3095 statuarum
507 3049 537 3096 et
558 3036 717 3098 vallorum
734 3039 833 3120 ipsius
850 3037 978 3098 Andree
996 3037 1041 3098 sic
1057 3035 1332 3116 adjudicaverunt,
1357 3043 1392 3093 ut
1409 3032 1476 3114 ipse

214 3138 360 3200 Andreas
383 3137 474 3201 faber
488 3153 654 3223 tamquam
672 3157 770 3222 actor,
794 3144 889 3204 debet
909 3143 1085 3226 producere
1103 3143 1208 3224 ipsum
1233 3141 1393 3221 signetum
1411 3138 1475 3198 dic-

213 3258 317 3307 tarum
342 3258 518 3308 statuarum
543 3263 573 3309 et
596 3249 756 3310 vallorum
780 3250 902 3332 pechlra
932 3250 1052 3311 dictum
1077 3249 1117 3310 ad
1142 3249 1282 3330 primum
1307 3245 1475 3326 judicium,

215 3351 304 3432 quod
329 3353 490 3433 signetum
515 3373 602 3417 anno
626 3356 778 3437 preterito
802 3355 898 3436 judex
927 3357 1064 3417 lacobus
1088 3375 1144 3436 per
1168 3353 1287 3434 juratos
1312 3371 1367 3436 per
1392 3370 1478 3412 com-

214 3459 405 3520 munitatem
436 3473 581 3542 tempore
612 3460 770 3542 judicatus
802 3462 901 3543 ipsius
939 3463 1048 3524 Jacobi
1081 3460 1195 3542 judicis
1226 3458 1414 3520 constitutos
1446 3456 1478 3518 in

214 3565 291 3646 ipsis
316 3566 427 3626 statuis
451 3567 548 3648 recipi
573 3568 787 3644 commiserat,
815 3569 910 3630 debet
943 3569 1120 3652 producere
1151 3567 1183 3627 in
1208 3565 1317 3627 sedern
1343 3563 1477 3644 judicia·

214 3671 294 3732 riam
318 3671 350 3732 in
376 3669 460 3733 facto
485 3670 559 3733 furti
584 3675 753 3754 prenotati.

321 3777 399 3839 ltem
431 3797 525 3840 causa
557 3780 638 3840 inter
670 3779 841 3842 Nicolaum
872 3793 1024 3842 sartorem
1058 3795 1088 3842 et
1119 3779 1291 3841 Nicolaum
1322 3780 1479 3841 cultorem

213 3883 292 3946 alias
316 3885 470 3946 inclinum
499 3905 593 3947 suum
625 3905 734 3948 coram
767 3887 860 3948 nobis
892 3900 990 3965 mota,
1015 3886 1055 3948 ad
1079 3887 1220 3969 primum
1255 3885 1410 3968 judicium
1436 3883 1476 3946 ad

213 4011 326 4074 pacem
351 3991 490 4054 fiendam
515 4007 562 4054 est
584 4007 763 4076 prorogata.

347 4228 443 4302 feria
471 4239 572 4303 sexta
601 4235 756 4320 proxima
786 4241 862 4322 post
889 4242 1047 4306 octavam
1076 4233 1180 4304 Pasce
1207 4231 1347 4302 Domini.

736 4383 801 4464 (25.
833 4384 966 4460 aprilis).

321 4524 400 4587 Item
426 4525 606 4609 Stephanus
624 4540 724 4589 sartor
741 4527 845 4588 dictus
862 4527 928 4588 Ban
954 4528 1032 4588 alias
1053 4527 1183 4608 juratus,
1201 4525 1342 4587 concivis
1360 4539 1477 4605 noster,

215 4633 248 4694 in
275 4631 360 4694 facto
382 4633 657 4694 concremacionis
681 4647 712 4694 et
751 4633 890 4695 incendii
916 4634 1032 4696 domus
1063 4653 1118 4694 sue
1144 4647 1173 4693 et
1205 4632 1478 4714 suppellectilium

214 4761 251 4802 ac
276 4759 382 4802 rerum
407 4758 535 4801 suarum
561 4741 592 4801 in
618 4740 730 4802 eadem
762 4739 953 4820 habitarum,
985 4741 1198 4820 juramentum
1232 4741 1292 4800 sibi
1317 4739 1419 4821 pridie
1446 4739 1477 4799 in

214 4846 295 4910 festo
313 4846 435 4908 scilicet
452 4846 536 4908 beati
551 4846 715 4908 Benedicti
734 4847 857 4909 abbatis
869 4867 926 4928 per
938 4847 1058 4928 juratos
1071 4846 1103 4906 in
1117 4846 1226 4906 valore
1245 4845 1393 4906 Lxxxx
1407 4843 1476 4906 flor.

215 4953 284 5014 auri
309 4951 539 5032 adjudicatum,
557 4972 641 5014 nunc
666 4953 801 5034 prestitit
818 4968 848 5013 et
865 4953 1013 5033 deposuit
1034 4953 1064 5012 in
1092 4952 1198 5012 valore
1217 4953 1303 5013 LXX
1321 4949 1389 5013 flor.
1407 4952 1475 5012 auri

216 5079 387 5145 supereo,
412 5072 446 5124 ut
470 5059 536 5146 ipse
562 5059 742 5144 Stephanus
768 5059 889 5143 juratus
921 5060 952 5121 in
977 5060 1239 5122 concremacione
1272 5075 1302 5121 et
1325 5059 1475 5121 incendio
