<?xml version="1.0" encoding="UTF-8"?>
<!DOCTYPE html PUBLIC "-//W3C//DTD XHTML 1.0 Transitional//EN"
    "http://www.w3.org/TR/xhtml1/DTD/xhtml1-transitional.dtd">
<html xmlns="http://www.w3.org/1999/xhtml" xml:lang="en" lang="en">
 <head>
  <title>
</title>
<meta http-equiv="Content-Type" content="text/html;charset=utf-8" />
  <meta name='ocr-system' content='tesseract 3.04.00' />
  <meta name='ocr-capabilities' content='ocr_page ocr_carea ocr_par ocr_line ocrx_word'/>
</head>
<body>
  <div class='ocr_page' id='page_1' title='image "./monumentahistor14laszgoog_0211.png"; bbox 0 0 3678 5800; ppageno 0'>
   <div class='ocr_carea' id='block_1_1' title="bbox 140 559 1414 962">
    <p class='ocr_par' dir='ltr' id='par_1_1' title="bbox 140 559 1414 962">
     <span class='ocr_line' id='line_1_1' title="bbox 556 559 1414 641; baseline 0 -21"><span class='ocrx_word' id='word_1_1' title='bbox 556 563 644 621; x_wconf 80' lang='lat' dir='ltr'>Anno</span> <span class='ocrx_word' id='word_1_2' title='bbox 669 576 758 639; x_wconf 73' lang='lat'>1432.</span> <span class='ocrx_word' id='word_1_3' title='bbox 782 559 900 638; x_wconf 76' lang='lat'>-&#39;23.</span> <span class='ocrx_word' id='word_1_4' title='bbox 924 561 1007 622; x_wconf 85' lang='lat' dir='ltr'>maii.</span> <span class='ocrx_word' id='word_1_5' title='bbox 1358 561 1414 641; x_wconf 85' lang='lat'>163</span> 
     </span>
     <span class='ocr_line' id='line_1_2' title="bbox 140 773 1413 856; baseline -0.001 -21"><span class='ocrx_word' id='word_1_6' title='bbox 140 774 179 835; x_wconf 90' lang='lat' dir='ltr'>in</span> <span class='ocrx_word' id='word_1_7' title='bbox 204 774 314 856; x_wconf 90' lang='lat' dir='ltr'>precio</span> <span class='ocrx_word' id='word_1_8' title='bbox 340 773 479 836; x_wconf 92' lang='lat' dir='ltr'>duorum</span> <span class='ocrx_word' id='word_1_9' title='bbox 504 794 673 851; x_wconf 89' lang='lat' dir='ltr'>annorum,</span> <span class='ocrx_word' id='word_1_10' title='bbox 698 774 787 856; x_wconf 93' lang='lat' dir='ltr'>quod</span> <span class='ocrx_word' id='word_1_11' title='bbox 811 787 920 835; x_wconf 89' lang='lat' dir='ltr'>contra</span> <span class='ocrx_word' id='word_1_12' title='bbox 945 775 1049 856; x_wconf 90' lang='lat' dir='ltr'>ipsum</span> <span class='ocrx_word' id='word_1_13' title='bbox 1075 775 1286 856; x_wconf 84' lang='lat' dir='ltr'>proponebat,</span> <span class='ocrx_word' id='word_1_14' title='bbox 1304 787 1413 836; x_wconf 89' lang='lat' dir='ltr'>contra</span> 
     </span>
     <span class='ocr_line' id='line_1_3' title="bbox 145 880 1413 962; baseline 0.001 -21"><span class='ocrx_word' id='word_1_15' title='bbox 145 881 287 942; x_wconf 89' lang='lat' dir='ltr'>eandem</span> <span class='ocrx_word' id='word_1_16' title='bbox 312 885 471 961; x_wconf 85' lang='lat' dir='ltr'>Agnetem</span> <span class='ocrx_word' id='word_1_17' title='bbox 505 881 669 942; x_wconf 89' lang='lat' dir='ltr'>reddimus</span> <span class='ocrx_word' id='word_1_18' title='bbox 701 895 731 942; x_wconf 91' lang='lat' dir='ltr'>et</span> <span class='ocrx_word' id='word_1_19' title='bbox 763 880 962 942; x_wconf 90' lang='lat' dir='ltr'>reddidimus</span> <span class='ocrx_word' id='word_1_20' title='bbox 995 880 1178 962; x_wconf 87' lang='lat' dir='ltr'>expeditum</span> <span class='ocrx_word' id='word_1_21' title='bbox 1203 893 1233 942; x_wconf 88' lang='lat' dir='ltr'>et</span> <span class='ocrx_word' id='word_1_22' title='bbox 1257 881 1413 962; x_wconf 91' lang='lat' dir='ltr'>quietum.</span> 
     </span>
    </p>
   </div>
   <div class='ocr_carea' id='block_1_2' title="bbox 140 1004 1418 2363">
    <p class='ocr_par' dir='ltr' id='par_1_2' title="bbox 140 1004 1418 2363">
     <span class='ocr_line' id='line_1_4' title="bbox 224 1004 1417 1087; baseline -0.001 -22"><span class='ocrx_word' id='word_1_23' title='bbox 224 1019 225 1022; x_wconf 74' lang='grc'>’</span> <span class='ocrx_word' id='word_1_24' title='bbox 258 1004 338 1066; x_wconf 88' lang='lat' dir='ltr'>ltem</span> <span class='ocrx_word' id='word_1_25' title='bbox 363 1006 438 1086; x_wconf 90' lang='lat' dir='ltr'>qnia</span> <span class='ocrx_word' id='word_1_26' title='bbox 462 1006 613 1087; x_wconf 88' lang='lat' dir='ltr'>magister</span> <span class='ocrx_word' id='word_1_27' title='bbox 626 1004 773 1066; x_wconf 90' lang='lat' dir='ltr'>Matheus</span> <span class='ocrx_word' id='word_1_28' title='bbox 797 1005 991 1083; x_wconf 83' lang='lat' dir='ltr'>scolasticus,</span> <span class='ocrx_word' id='word_1_29' title='bbox 1016 1004 1100 1066; x_wconf 86' lang='lat' dir='ltr'>lilius</span> <span class='ocrx_word' id='word_1_30' title='bbox 1124 1005 1210 1068; x_wconf 90' lang='lat' dir='ltr'>Luce</span> <span class='ocrx_word' id='word_1_31' title='bbox 1235 1017 1265 1067; x_wconf 92' lang='lat' dir='ltr'>et</span> <span class='ocrx_word' id='word_1_32' title='bbox 1282 1004 1417 1086; x_wconf 87' lang='lat' dir='ltr'>Egidius</span> 
     </span>
     <span class='ocr_line' id='line_1_5' title="bbox 140 1109 1416 1194; baseline 0 -22"><span class='ocrx_word' id='word_1_33' title='bbox 140 1109 287 1172; x_wconf 82' lang='lat' dir='ltr'>carnifex</span> <span class='ocrx_word' id='word_1_34' title='bbox 311 1110 396 1173; x_wconf 87' lang='lat' dir='ltr'>filius</span> <span class='ocrx_word' id='word_1_35' title='bbox 427 1112 575 1194; x_wconf 90' lang='lat' dir='ltr'>Dyonisii</span> <span class='ocrx_word' id='word_1_36' title='bbox 608 1111 683 1173; x_wconf 91' lang='lat' dir='ltr'>dicti</span> <span class='ocrx_word' id='word_1_37' title='bbox 718 1111 888 1191; x_wconf 86' lang='lat' dir='ltr'>lanchech,</span> <span class='ocrx_word' id='word_1_38' title='bbox 920 1111 952 1172; x_wconf 96' lang='lat' dir='ltr'>id</span> <span class='ocrx_word' id='word_1_39' title='bbox 981 1132 1053 1173; x_wconf 92' lang='lat' dir='ltr'>curn</span> <span class='ocrx_word' id='word_1_40' title='bbox 1084 1110 1253 1172; x_wconf 85' lang='lat' dir='ltr'>sufficienti</span> <span class='ocrx_word' id='word_1_41' title='bbox 1279 1125 1309 1172; x_wconf 91' lang='lat' dir='ltr'>et</span> <span class='ocrx_word' id='word_1_42' title='bbox 1339 1109 1416 1172; x_wconf 90' lang='lat' dir='ltr'>fide-</span> 
     </span>
     <span class='ocr_line' id='line_1_6' title="bbox 140 1216 1416 1299; baseline 0.001 -22"><span class='ocrx_word' id='word_1_43' title='bbox 140 1217 248 1299; x_wconf 91' lang='lat' dir='ltr'>digno</span> <span class='ocrx_word' id='word_1_44' title='bbox 274 1231 461 1279; x_wconf 89' lang='lat' dir='ltr'>nostrorum</span> <span class='ocrx_word' id='word_1_45' title='bbox 480 1219 662 1280; x_wconf 89' lang='lat' dir='ltr'>concivium</span> <span class='ocrx_word' id='word_1_46' title='bbox 681 1218 866 1280; x_wconf 87' lang='lat' dir='ltr'>testimonio</span> <span class='ocrx_word' id='word_1_47' title='bbox 884 1220 915 1279; x_wconf 95' lang='lat' dir='ltr'>in</span> <span class='ocrx_word' id='word_1_48' title='bbox 933 1218 1008 1280; x_wconf 90' lang='lat' dir='ltr'>sede</span> <span class='ocrx_word' id='word_1_49' title='bbox 1025 1231 1131 1278; x_wconf 89' lang='lat' dir='ltr'>nostra</span> <span class='ocrx_word' id='word_1_50' title='bbox 1150 1216 1316 1294; x_wconf 86' lang='lat' dir='ltr'>judiciaria</span> <span class='ocrx_word' id='word_1_51' title='bbox 1333 1216 1416 1278; x_wconf 90' lang='lat' dir='ltr'>clare</span> 
     </span>
     <span class='ocr_line' id='line_1_7' title="bbox 154 1323 1417 1407; baseline -0.001 -22"><span class='ocrx_word' id='word_1_52' title='bbox 154 1339 188 1385; x_wconf 93' lang='lat' dir='ltr'>et</span> <span class='ocrx_word' id='word_1_53' title='bbox 211 1324 330 1386; x_wconf 88' lang='lat' dir='ltr'>seriose</span> <span class='ocrx_word' id='word_1_54' title='bbox 354 1327 605 1407; x_wconf 86' lang='lat' dir='ltr'>comprobarunt</span> <span class='ocrx_word' id='word_1_55' title='bbox 622 1345 729 1386; x_wconf 89' lang='lat' dir='ltr'>coram</span> <span class='ocrx_word' id='word_1_56' title='bbox 754 1326 858 1404; x_wconf 90' lang='lat' dir='ltr'>nobis,</span> <span class='ocrx_word' id='word_1_57' title='bbox 879 1339 914 1386; x_wconf 94' lang='lat' dir='ltr'>ut</span> <span class='ocrx_word' id='word_1_58' title='bbox 931 1325 1007 1386; x_wconf 90' lang='lat' dir='ltr'>dum</span> <span class='ocrx_word' id='word_1_59' title='bbox 1025 1324 1158 1407; x_wconf 89' lang='lat' dir='ltr'>provida</span> <span class='ocrx_word' id='word_1_60' title='bbox 1183 1323 1321 1384; x_wconf 89' lang='lat' dir='ltr'>condam</span> <span class='ocrx_word' id='word_1_61' title='bbox 1346 1342 1417 1384; x_wconf 91' lang='lat' dir='ltr'>mu-</span> 
     </span>
     <span class='ocr_line' id='line_1_8' title="bbox 150 1429 1417 1514; baseline -0.002 -22"><span class='ocrx_word' id='word_1_62' title='bbox 150 1431 213 1492; x_wconf 91' lang='lat' dir='ltr'>lier</span> <span class='ocrx_word' id='word_1_63' title='bbox 237 1434 330 1492; x_wconf 87' lang='lat' dir='ltr'>Anna</span> <span class='ocrx_word' id='word_1_64' title='bbox 357 1443 480 1507; x_wconf 89' lang='lat' dir='ltr'>vocata,</span> <span class='ocrx_word' id='word_1_65' title='bbox 498 1431 606 1492; x_wconf 89' lang='lat' dir='ltr'>relicta</span> <span class='ocrx_word' id='word_1_66' title='bbox 630 1429 743 1513; x_wconf 86' lang='lat' dir='ltr'>prelati</span> <span class='ocrx_word' id='word_1_67' title='bbox 769 1430 930 1493; x_wconf 88' lang='lat' dir='ltr'>lanchech</span> <span class='ocrx_word' id='word_1_68' title='bbox 951 1431 1098 1514; x_wconf 88' lang='lat' dir='ltr'>Dyonisii</span> <span class='ocrx_word' id='word_1_69' title='bbox 1124 1431 1157 1490; x_wconf 94' lang='lat' dir='ltr'>in</span> <span class='ocrx_word' id='word_1_70' title='bbox 1182 1431 1329 1491; x_wconf 83' lang='lat' dir='ltr'>extremis</span> <span class='ocrx_word' id='word_1_71' title='bbox 1354 1429 1417 1490; x_wconf 90' lang='lat' dir='ltr'>vite</span> 
     </span>
     <span class='ocr_line' id='line_1_9' title="bbox 149 1536 1418 1619; baseline 0 -23"><span class='ocrx_word' id='word_1_72' title='bbox 149 1557 208 1597; x_wconf 86' lang='lat' dir='ltr'>sue</span> <span class='ocrx_word' id='word_1_73' title='bbox 233 1537 422 1619; x_wconf 89' lang='lat' dir='ltr'>temporalis</span> <span class='ocrx_word' id='word_1_74' title='bbox 438 1537 624 1615; x_wconf 81' lang='lat' dir='ltr'>laborasset,</span> <span class='ocrx_word' id='word_1_75' title='bbox 648 1549 723 1598; x_wconf 92' lang='lat' dir='ltr'>tunc</span> <span class='ocrx_word' id='word_1_76' title='bbox 748 1537 814 1618; x_wconf 89' lang='lat' dir='ltr'>ipsa</span> <span class='ocrx_word' id='word_1_77' title='bbox 839 1537 971 1598; x_wconf 91' lang='lat' dir='ltr'>totalem</span> <span class='ocrx_word' id='word_1_78' title='bbox 989 1556 1079 1598; x_wconf 91' lang='lat' dir='ltr'>suam</span> <span class='ocrx_word' id='word_1_79' title='bbox 1097 1536 1284 1618; x_wconf 85' lang='lat' dir='ltr'>porcionem</span> <span class='ocrx_word' id='word_1_80' title='bbox 1302 1536 1418 1597; x_wconf 91' lang='lat' dir='ltr'>domus</span> 
     </span>
     <span class='ocr_line' id='line_1_10' title="bbox 143 1641 1416 1725; baseline 0.001 -23"><span class='ocrx_word' id='word_1_81' title='bbox 143 1656 179 1704; x_wconf 95' lang='lat' dir='ltr'>et</span> <span class='ocrx_word' id='word_1_82' title='bbox 210 1643 314 1721; x_wconf 90' lang='lat' dir='ltr'>vinee,</span> <span class='ocrx_word' id='word_1_83' title='bbox 331 1643 432 1725; x_wconf 88' lang='lat' dir='ltr'>ipsam</span> <span class='ocrx_word' id='word_1_84' title='bbox 450 1643 624 1705; x_wconf 88' lang='lat' dir='ltr'>literatorie</span> <span class='ocrx_word' id='word_1_85' title='bbox 642 1657 897 1721; x_wconf 90' lang='lat' dir='ltr'>concernentern,</span> <span class='ocrx_word' id='word_1_86' title='bbox 914 1642 1044 1725; x_wconf 82' lang='lat' dir='ltr'>prefatis</span> <span class='ocrx_word' id='word_1_87' title='bbox 1060 1643 1213 1723; x_wconf 87' lang='lat' dir='ltr'>magistro</span> <span class='ocrx_word' id='word_1_88' title='bbox 1238 1641 1368 1703; x_wconf 87' lang='lat' dir='ltr'>Matheo</span> <span class='ocrx_word' id='word_1_89' title='bbox 1386 1655 1416 1703; x_wconf 91' lang='lat' dir='ltr'>et</span> 
     </span>
     <span class='ocr_line' id='line_1_11' title="bbox 152 1748 1415 1832; baseline -0.001 -23"><span class='ocrx_word' id='word_1_90' title='bbox 152 1749 273 1830; x_wconf 86' lang='lat' dir='ltr'>Egidio</span> <span class='ocrx_word' id='word_1_91' title='bbox 298 1748 436 1811; x_wconf 86' lang='lat' dir='ltr'>carnifici</span> <span class='ocrx_word' id='word_1_92' title='bbox 469 1749 606 1811; x_wconf 91' lang='lat' dir='ltr'>vendere</span> <span class='ocrx_word' id='word_1_93' title='bbox 638 1763 669 1810; x_wconf 90' lang='lat' dir='ltr'>et</span> <span class='ocrx_word' id='word_1_94' title='bbox 699 1769 758 1832; x_wconf 91' lang='lat' dir='ltr'>pro</span> <span class='ocrx_word' id='word_1_95' title='bbox 790 1750 896 1811; x_wconf 90' lang='lat' dir='ltr'>anima</span> <span class='ocrx_word' id='word_1_96' title='bbox 920 1770 975 1811; x_wconf 90' lang='lat' dir='ltr'>sua</span> <span class='ocrx_word' id='word_1_97' title='bbox 1007 1748 1145 1811; x_wconf 86' lang='lat' dir='ltr'>fideliter</span> <span class='ocrx_word' id='word_1_98' title='bbox 1168 1749 1348 1831; x_wconf 83' lang='lat' dir='ltr'>expendere</span> <span class='ocrx_word' id='word_1_99' title='bbox 1385 1761 1415 1809; x_wconf 94' lang='lat' dir='ltr'>et</span> 
     </span>
     <span class='ocr_line' id='line_1_12' title="bbox 152 1853 1418 1938; baseline 0.001 -23"><span class='ocrx_word' id='word_1_100' title='bbox 152 1875 255 1916; x_wconf 88' lang='lat' dir='ltr'>unum</span> <span class='ocrx_word' id='word_1_101' title='bbox 288 1853 357 1918; x_wconf 92' lang='lat' dir='ltr'>flor.</span> <span class='ocrx_word' id='word_1_102' title='bbox 389 1854 562 1917; x_wconf 86' lang='lat' dir='ltr'>Valentino</span> <span class='ocrx_word' id='word_1_103' title='bbox 587 1855 672 1916; x_wconf 92' lang='lat' dir='ltr'>dicto</span> <span class='ocrx_word' id='word_1_104' title='bbox 703 1855 824 1936; x_wconf 91' lang='lat' dir='ltr'>Pogled</span> <span class='ocrx_word' id='word_1_105' title='bbox 857 1855 896 1916; x_wconf 89' lang='lat' dir='ltr'>de</span> <span class='ocrx_word' id='word_1_106' title='bbox 929 1854 1038 1918; x_wconf 90' lang='lat' dir='ltr'>Othok</span> <span class='ocrx_word' id='word_1_107' title='bbox 1069 1855 1251 1938; x_wconf 86' lang='lat' dir='ltr'>persolvere</span> <span class='ocrx_word' id='word_1_108' title='bbox 1282 1853 1418 1916; x_wconf 89' lang='lat' dir='ltr'>commi·</span> 
     </span>
     <span class='ocr_line' id='line_1_13' title="bbox 154 1961 1416 2043; baseline -0.001 -21"><span class='ocrx_word' id='word_1_109' title='bbox 154 1962 258 2040; x_wconf 84' lang='lat' dir='ltr'>sisset,</span> <span class='ocrx_word' id='word_1_110' title='bbox 290 1961 428 2043; x_wconf 91' lang='lat' dir='ltr'>ideoque</span> <span class='ocrx_word' id='word_1_111' title='bbox 462 1981 519 2023; x_wconf 89' lang='lat' dir='ltr'>nos</span> <span class='ocrx_word' id='word_1_112' title='bbox 550 1961 725 2043; x_wconf 88' lang='lat' dir='ltr'>predictam</span> <span class='ocrx_word' id='word_1_113' title='bbox 762 1963 949 2043; x_wconf 88' lang='lat' dir='ltr'>porcionem</span> <span class='ocrx_word' id='word_1_114' title='bbox 982 1962 1097 2024; x_wconf 90' lang='lat' dir='ltr'>domus</span> <span class='ocrx_word' id='word_1_115' title='bbox 1129 1975 1160 2024; x_wconf 92' lang='lat' dir='ltr'>et</span> <span class='ocrx_word' id='word_1_116' title='bbox 1192 1963 1283 2024; x_wconf 91' lang='lat' dir='ltr'>vinee</span> <span class='ocrx_word' id='word_1_117' title='bbox 1316 1961 1416 2042; x_wconf 88' lang='lat' dir='ltr'>ipsius</span> 
     </span>
     <span class='ocr_line' id='line_1_14' title="bbox 155 2067 1415 2150; baseline -0.001 -22"><span class='ocrx_word' id='word_1_118' title='bbox 155 2072 251 2128; x_wconf 78' lang='lat' dir='ltr'>Anne</span> <span class='ocrx_word' id='word_1_119' title='bbox 276 2068 452 2146; x_wconf 85' lang='lat' dir='ltr'>testatricis,</span> <span class='ocrx_word' id='word_1_120' title='bbox 477 2087 550 2130; x_wconf 90' lang='lat' dir='ltr'>curn</span> <span class='ocrx_word' id='word_1_121' title='bbox 574 2068 639 2128; x_wconf 89' lang='lat' dir='ltr'>suis</span> <span class='ocrx_word' id='word_1_122' title='bbox 661 2067 867 2150; x_wconf 92' lang='lat' dir='ltr'>pertinenciis</span> <span class='ocrx_word' id='word_1_123' title='bbox 898 2067 1029 2149; x_wconf 87' lang='lat' dir='ltr'>prelatis</span> <span class='ocrx_word' id='word_1_124' title='bbox 1053 2069 1204 2149; x_wconf 87' lang='lat' dir='ltr'>magistro</span> <span class='ocrx_word' id='word_1_125' title='bbox 1230 2067 1359 2132; x_wconf 85' lang='lat' dir='ltr'>Matheo</span> <span class='ocrx_word' id='word_1_126' title='bbox 1384 2080 1415 2128; x_wconf 91' lang='lat' dir='ltr'>et</span> 
     </span>
     <span class='ocr_line' id='line_1_15' title="bbox 156 2173 1417 2256; baseline -0.001 -19"><span class='ocrx_word' id='word_1_127' title='bbox 156 2173 278 2255; x_wconf 87' lang='lat' dir='ltr'>Egidio</span> <span class='ocrx_word' id='word_1_128' title='bbox 295 2175 394 2236; x_wconf 89' lang='lat' dir='ltr'>modo</span> <span class='ocrx_word' id='word_1_129' title='bbox 418 2175 573 2256; x_wconf 88' lang='lat' dir='ltr'>premisso</span> <span class='ocrx_word' id='word_1_130' title='bbox 590 2175 759 2237; x_wconf 89' lang='lat' dir='ltr'>statuimus</span> <span class='ocrx_word' id='word_1_131' title='bbox 775 2174 977 2237; x_wconf 88' lang='lat' dir='ltr'>vendendam</span> <span class='ocrx_word' id='word_1_132' title='bbox 996 2189 1026 2236; x_wconf 91' lang='lat' dir='ltr'>et</span> <span class='ocrx_word' id='word_1_133' title='bbox 1042 2193 1101 2255; x_wconf 95' lang='lat' dir='ltr'>pro</span> <span class='ocrx_word' id='word_1_134' title='bbox 1118 2174 1223 2236; x_wconf 90' lang='lat' dir='ltr'>anima</span> <span class='ocrx_word' id='word_1_135' title='bbox 1237 2194 1292 2236; x_wconf 90' lang='lat' dir='ltr'>sua</span> <span class='ocrx_word' id='word_1_136' title='bbox 1311 2174 1417 2256; x_wconf 91' lang='lat' dir='ltr'>dispo·</span> 
     </span>
     <span class='ocr_line' id='line_1_16' title="bbox 155 2281 636 2363; baseline 0.002 -21"><span class='ocrx_word' id='word_1_137' title='bbox 155 2282 297 2342; x_wconf 89' lang='lat' dir='ltr'>nendam</span> <span class='ocrx_word' id='word_1_138' title='bbox 323 2295 353 2342; x_wconf 93' lang='lat' dir='ltr'>et</span> <span class='ocrx_word' id='word_1_139' title='bbox 383 2281 636 2363; x_wconf 88' lang='lat' dir='ltr'>expendendam.</span> 
     </span>
    </p>
   </div>
   <div class='ocr_carea' id='block_1_3' title="bbox 256 2515 1311 2608">
    <p class='ocr_par' dir='ltr' id='par_1_3' title="bbox 256 2515 1311 2608">
     <span class='ocr_line' id='line_1_17' title="bbox 256 2515 1311 2608; baseline -0.002 -20"><span class='ocrx_word' id='word_1_140' title='bbox 256 2515 353 2590; x_wconf 85' lang='lat' dir='ltr'>Ferin</span> <span class='ocrx_word' id='word_1_141' title='bbox 378 2525 478 2589; x_wconf 90' lang='lat' dir='ltr'>sexta</span> <span class='ocrx_word' id='word_1_142' title='bbox 506 2521 660 2608; x_wconf 85' lang='lat' dir='ltr'>proxima</span> <span class='ocrx_word' id='word_1_143' title='bbox 688 2525 765 2608; x_wconf 87' lang='lat' dir='ltr'>post</span> <span class='ocrx_word' id='word_1_144' title='bbox 792 2519 916 2591; x_wconf 78' lang='lat' dir='ltr'>testum</span> <span class='ocrx_word' id='word_1_145' title='bbox 940 2520 1036 2590; x_wconf 84' lang='lat' dir='ltr'>beate</span> <span class='ocrx_word' id='word_1_146' title='bbox 1064 2515 1161 2591; x_wconf 86' lang='lat' dir='ltr'>Eleae</span> <span class='ocrx_word' id='word_1_147' title='bbox 1190 2521 1311 2606; x_wconf 81' lang='lat' dir='ltr'>regine.</span> 
     </span>
    </p>
   </div>
   <div class='ocr_carea' id='block_1_4' title="bbox 148 2685 1417 3035">
    <p class='ocr_par' dir='ltr' id='par_1_4' title="bbox 148 2685 1417 3035">
     <span class='ocr_line' id='line_1_18' title="bbox 403 2685 884 2770; baseline 0.008 -23"><span class='ocrx_word' id='word_1_148' title='bbox 403 2685 417 2714; x_wconf 82' lang='lat'><em>&#39;</em></span> <span class='ocrx_word' id='word_1_149' title='bbox 692 2687 757 2770; x_wconf 77' lang='lat'>(23.</span> <span class='ocrx_word' id='word_1_150' title='bbox 782 2689 884 2764; x_wconf 80' lang='lat' dir='ltr'>maii).</span> 
     </span>
     <span class='ocr_line' id='line_1_19' title="bbox 258 2845 1417 2928; baseline 0.003 -22"><span class='ocrx_word' id='word_1_151' title='bbox 258 2846 336 2906; x_wconf 90' lang='lat' dir='ltr'>ltem</span> <span class='ocrx_word' id='word_1_152' title='bbox 362 2845 523 2927; x_wconf 80' lang='lat' dir='ltr'>Georgius</span> <span class='ocrx_word' id='word_1_153' title='bbox 547 2846 722 2909; x_wconf 88' lang='lat' dir='ltr'>Crowacus</span> <span class='ocrx_word' id='word_1_154' title='bbox 746 2847 870 2928; x_wconf 91' lang='lat' dir='ltr'>pridem</span> <span class='ocrx_word' id='word_1_155' title='bbox 895 2847 1016 2928; x_wconf 87' lang='lat' dir='ltr'>juratus</span> <span class='ocrx_word' id='word_1_156' title='bbox 1033 2861 1141 2909; x_wconf 92' lang='lat' dir='ltr'>contra</span> <span class='ocrx_word' id='word_1_157' title='bbox 1167 2847 1330 2909; x_wconf 87' lang='lat' dir='ltr'>Thomarn</span> <span class='ocrx_word' id='word_1_158' title='bbox 1357 2848 1417 2910; x_wconf 85' lang='lat' dir='ltr'>lra-</span> 
     </span>
     <span class='ocr_line' id='line_1_20' title="bbox 148 2951 1293 3035; baseline 0.003 -22"><span class='ocrx_word' id='word_1_159' title='bbox 148 2966 230 3014; x_wconf 91' lang='lat' dir='ltr'>trem</span> <span class='ocrx_word' id='word_1_160' title='bbox 246 2951 410 3033; x_wconf 91' lang='lat' dir='ltr'>-Stephani</span> <span class='ocrx_word' id='word_1_161' title='bbox 435 2953 510 3014; x_wconf 89' lang='lat' dir='ltr'>dicti</span> <span class='ocrx_word' id='word_1_162' title='bbox 536 2952 711 3015; x_wconf 90' lang='lat' dir='ltr'>Constabel</span> <span class='ocrx_word' id='word_1_163' title='bbox 735 2954 840 3035; x_wconf 90' lang='lat' dir='ltr'>primo</span> <span class='ocrx_word' id='word_1_164' title='bbox 877 2955 989 3015; x_wconf 90' lang='lat' dir='ltr'>citatus</span> <span class='ocrx_word' id='word_1_165' title='bbox 1015 2972 1079 3014; x_wconf 94' lang='lat' dir='ltr'>non</span> <span class='ocrx_word' id='word_1_166' title='bbox 1105 2955 1293 3035; x_wconf 89' lang='lat' dir='ltr'>comparuit.</span> 
     </span>
    </p>
   </div>
   <div class='ocr_carea' id='block_1_5' title="bbox 150 3075 1417 3584">
    <p class='ocr_par' dir='ltr' id='par_1_5' title="bbox 150 3075 1417 3584">
     <span class='ocr_line' id='line_1_21' title="bbox 260 3075 1417 3159; baseline 0.003 -23"><span class='ocrx_word' id='word_1_167' title='bbox 260 3075 338 3136; x_wconf 88' lang='lat' dir='ltr'>Item</span> <span class='ocrx_word' id='word_1_168' title='bbox 371 3075 463 3157; x_wconf 85' lang='lat' dir='ltr'>jurati</span> <span class='ocrx_word' id='word_1_169' title='bbox 488 3075 762 3158; x_wconf 86' lang='lat' dir='ltr'>adjudicaverunt,</span> <span class='ocrx_word' id='word_1_170' title='bbox 795 3077 883 3159; x_wconf 95' lang='lat' dir='ltr'>quod</span> <span class='ocrx_word' id='word_1_171' title='bbox 916 3076 1029 3139; x_wconf 88' lang='lat' dir='ltr'>Gallus</span> <span class='ocrx_word' id='word_1_172' title='bbox 1054 3078 1157 3138; x_wconf 90' lang='lat' dir='ltr'>dictus</span> <span class='ocrx_word' id='word_1_173' title='bbox 1191 3078 1308 3138; x_wconf 90' lang='lat' dir='ltr'>brodar</span> <span class='ocrx_word' id='word_1_174' title='bbox 1332 3077 1417 3140; x_wconf 87' lang='lat' dir='ltr'>filius</span> 
     </span>
     <span class='ocr_line' id='line_1_22' title="bbox 150 3181 1416 3265; baseline 0 -20"><span class='ocrx_word' id='word_1_175' title='bbox 150 3183 264 3260; x_wconf 89' lang='lat' dir='ltr'>Marci,</span> <span class='ocrx_word' id='word_1_176' title='bbox 288 3181 450 3243; x_wconf 88' lang='lat' dir='ltr'>solitarius</span> <span class='ocrx_word' id='word_1_177' title='bbox 481 3182 577 3245; x_wconf 90' lang='lat' dir='ltr'>debet</span> <span class='ocrx_word' id='word_1_178' title='bbox 612 3183 715 3265; x_wconf 87' lang='lat' dir='ltr'>jurare</span> <span class='ocrx_word' id='word_1_179' title='bbox 746 3197 859 3244; x_wconf 90' lang='lat' dir='ltr'>octavo</span> <span class='ocrx_word' id='word_1_180' title='bbox 892 3183 943 3245; x_wconf 94' lang='lat' dir='ltr'>die</span> <span class='ocrx_word' id='word_1_181' title='bbox 968 3203 1062 3265; x_wconf 91' lang='lat' dir='ltr'>super</span> <span class='ocrx_word' id='word_1_182' title='bbox 1096 3203 1182 3244; x_wconf 87' lang='lat' dir='ltr'>aram</span> <span class='ocrx_word' id='word_1_183' title='bbox 1209 3197 1317 3245; x_wconf 91' lang='lat' dir='ltr'>contra</span> <span class='ocrx_word' id='word_1_184' title='bbox 1343 3184 1416 3245; x_wconf 88' lang='lat' dir='ltr'>Bla-</span> 
     </span>
     <span class='ocr_line' id='line_1_23' title="bbox 151 3288 1417 3372; baseline 0.001 -23"><span class='ocrx_word' id='word_1_185' title='bbox 151 3290 235 3350; x_wconf 89' lang='lat' dir='ltr'>sium</span> <span class='ocrx_word' id='word_1_186' title='bbox 263 3288 303 3350; x_wconf 93' lang='lat' dir='ltr'>de</span> <span class='ocrx_word' id='word_1_187' title='bbox 328 3288 443 3349; x_wconf 92' lang='lat' dir='ltr'>Blizno</span> <span class='ocrx_word' id='word_1_188' title='bbox 475 3309 569 3371; x_wconf 90' lang='lat' dir='ltr'>super</span> <span class='ocrx_word' id='word_1_189' title='bbox 599 3288 683 3351; x_wconf 88' lang='lat' dir='ltr'>lacto</span> <span class='ocrx_word' id='word_1_190' title='bbox 716 3290 781 3350; x_wconf 94' lang='lat' dir='ltr'>vini</span> <span class='ocrx_word' id='word_1_191' title='bbox 813 3309 851 3351; x_wconf 94' lang='lat' dir='ltr'>eo</span> <span class='ocrx_word' id='word_1_192' title='bbox 882 3289 992 3368; x_wconf 91' lang='lat' dir='ltr'>modo,</span> <span class='ocrx_word' id='word_1_193' title='bbox 1017 3303 1051 3351; x_wconf 92' lang='lat' dir='ltr'>ut</span> <span class='ocrx_word' id='word_1_194' title='bbox 1083 3290 1149 3371; x_wconf 92' lang='lat' dir='ltr'>ipse</span> <span class='ocrx_word' id='word_1_195' title='bbox 1174 3309 1248 3350; x_wconf 89' lang='lat' dir='ltr'>curn</span> <span class='ocrx_word' id='word_1_196' title='bbox 1272 3290 1417 3372; x_wconf 91' lang='lat' dir='ltr'>predicto</span> 
     </span>
     <span class='ocr_line' id='line_1_24' title="bbox 150 3391 1416 3476; baseline 0.002 -20"><span class='ocrx_word' id='word_1_197' title='bbox 150 3394 261 3456; x_wconf 90' lang='lat' dir='ltr'>Blasio</span> <span class='ocrx_word' id='word_1_198' title='bbox 286 3391 421 3455; x_wconf 80' lang='lat' dir='ltr'>infacto</span> <span class='ocrx_word' id='word_1_199' title='bbox 446 3395 511 3456; x_wconf 92' lang='lat' dir='ltr'>vini</span> <span class='ocrx_word' id='word_1_200' title='bbox 528 3395 661 3476; x_wconf 80' lang='lat' dir='ltr'>litigiosi</span> <span class='ocrx_word' id='word_1_201' title='bbox 678 3395 802 3457; x_wconf 89' lang='lat' dir='ltr'>nullam</span> <span class='ocrx_word' id='word_1_202' title='bbox 818 3395 1002 3457; x_wconf 89' lang='lat' dir='ltr'>societatem</span> <span class='ocrx_word' id='word_1_203' title='bbox 1021 3395 1143 3474; x_wconf 88' lang='lat' dir='ltr'>habuit,</span> <span class='ocrx_word' id='word_1_204' title='bbox 1160 3395 1216 3456; x_wconf 89' lang='lat' dir='ltr'>sed</span> <span class='ocrx_word' id='word_1_205' title='bbox 1241 3395 1280 3456; x_wconf 93' lang='lat' dir='ltr'>ab</span> <span class='ocrx_word' id='word_1_206' title='bbox 1299 3395 1416 3458; x_wconf 90' lang='lat' dir='ltr'>eodem</span> 
     </span>
     <span class='ocr_line' id='line_1_25' title="bbox 150 3499 871 3584; baseline 0.001 -22"><span class='ocrx_word' id='word_1_207' title='bbox 150 3520 230 3583; x_wconf 90' lang='lat' dir='ltr'>pure</span> <span class='ocrx_word' id='word_1_208' title='bbox 256 3499 386 3562; x_wconf 90' lang='lat' dir='ltr'>emisset</span> <span class='ocrx_word' id='word_1_209' title='bbox 409 3520 466 3582; x_wconf 94' lang='lat' dir='ltr'>pro</span> <span class='ocrx_word' id='word_1_210' title='bbox 491 3521 546 3562; x_wconf 87' lang='lat' dir='ltr'>sua</span> <span class='ocrx_word' id='word_1_211' title='bbox 571 3503 707 3584; x_wconf 89' lang='lat' dir='ltr'>pecunia</span> <span class='ocrx_word' id='word_1_212' title='bbox 733 3502 871 3584; x_wconf 91' lang='lat' dir='ltr'>propria.</span> 
     </span>
    </p>
   </div>
   <div class='ocr_carea' id='block_1_6' title="bbox 151 3625 1420 4774">
    <p class='ocr_par' dir='ltr' id='par_1_6' title="bbox 151 3625 1420 4774">
     <span class='ocr_line' id='line_1_26' title="bbox 263 3625 1416 3709; baseline 0.003 -23"><span class='ocrx_word' id='word_1_213' title='bbox 263 3625 340 3686; x_wconf 88' lang='lat' dir='ltr'>ltern</span> <span class='ocrx_word' id='word_1_214' title='bbox 355 3625 448 3707; x_wconf 86' lang='lat' dir='ltr'>jurati</span> <span class='ocrx_word' id='word_1_215' title='bbox 465 3625 740 3707; x_wconf 67' lang='lat' dir='ltr'>adjudicaverunt,</span> <span class='ocrx_word' id='word_1_216' title='bbox 764 3641 799 3689; x_wconf 92' lang='lat' dir='ltr'>ut</span> <span class='ocrx_word' id='word_1_217' title='bbox 823 3628 898 3709; x_wconf 92' lang='lat' dir='ltr'>quia</span> <span class='ocrx_word' id='word_1_218' title='bbox 915 3627 1105 3690; x_wconf 90' lang='lat' dir='ltr'>Dominicus</span> <span class='ocrx_word' id='word_1_219' title='bbox 1123 3629 1225 3691; x_wconf 93' lang='lat' dir='ltr'>dictus</span> <span class='ocrx_word' id='word_1_220' title='bbox 1247 3629 1416 3692; x_wconf 90' lang='lat' dir='ltr'>Marsetich</span> 
     </span>
     <span class='ocr_line' id='line_1_27' title="bbox 153 3732 1416 3818; baseline 0.002 -24"><span class='ocrx_word' id='word_1_221' title='bbox 153 3733 276 3813; x_wconf 85' lang='lat' dir='ltr'>juratus</span> <span class='ocrx_word' id='word_1_222' title='bbox 301 3732 439 3802; x_wconf 91' lang='lat' dir='ltr'>condam</span> <span class='ocrx_word' id='word_1_223' title='bbox 456 3747 572 3812; x_wconf 91' lang='lat' dir='ltr'>noster,</span> <span class='ocrx_word' id='word_1_224' title='bbox 594 3734 624 3794; x_wconf 95' lang='lat' dir='ltr'>in</span> <span class='ocrx_word' id='word_1_225' title='bbox 643 3747 833 3796; x_wconf 89' lang='lat' dir='ltr'>testamento</span> <span class='ocrx_word' id='word_1_226' title='bbox 859 3753 916 3796; x_wconf 91' lang='lat' dir='ltr'>suo</span> <span class='ocrx_word' id='word_1_227' title='bbox 943 3735 1057 3796; x_wconf 92' lang='lat' dir='ltr'>ultimo</span> <span class='ocrx_word' id='word_1_228' title='bbox 1075 3755 1139 3796; x_wconf 92' lang='lat' dir='ltr'>non</span> <span class='ocrx_word' id='word_1_229' title='bbox 1156 3736 1228 3818; x_wconf 92' lang='lat' dir='ltr'>plus</span> <span class='ocrx_word' id='word_1_230' title='bbox 1253 3736 1313 3798; x_wconf 89' lang='lat' dir='ltr'>nisi</span> <span class='ocrx_word' id='word_1_231' title='bbox 1332 3736 1416 3798; x_wconf 91' lang='lat' dir='ltr'>duos</span> 
     </span>
     <span class='ocr_line' id='line_1_28' title="bbox 152 3839 1418 3924; baseline 0.001 -22"><span class='ocrx_word' id='word_1_232' title='bbox 152 3840 223 3902; x_wconf 92' lang='lat' dir='ltr'>flor.</span> <span class='ocrx_word' id='word_1_233' title='bbox 250 3839 318 3900; x_wconf 90' lang='lat' dir='ltr'>auri</span> <span class='ocrx_word' id='word_1_234' title='bbox 344 3853 374 3900; x_wconf 91' lang='lat' dir='ltr'>et</span> <span class='ocrx_word' id='word_1_235' title='bbox 398 3854 525 3901; x_wconf 90' lang='lat' dir='ltr'>centurn</span> <span class='ocrx_word' id='word_1_236' title='bbox 559 3841 707 3902; x_wconf 88' lang='lat' dir='ltr'>denarios</span> <span class='ocrx_word' id='word_1_237' title='bbox 731 3841 770 3903; x_wconf 92' lang='lat' dir='ltr'>de</span> <span class='ocrx_word' id='word_1_238' title='bbox 804 3841 948 3922; x_wconf 91' lang='lat' dir='ltr'>pecuniis</span> <span class='ocrx_word' id='word_1_239' title='bbox 972 3841 1088 3903; x_wconf 87' lang='lat' dir='ltr'>domus</span> <span class='ocrx_word' id='word_1_240' title='bbox 1120 3842 1257 3904; x_wconf 92' lang='lat' dir='ltr'>condam</span> <span class='ocrx_word' id='word_1_241' title='bbox 1285 3841 1418 3924; x_wconf 87' lang='lat' dir='ltr'>Georgii</span> 
     </span>
     <span class='ocr_line' id='line_1_29' title="bbox 151 3945 1420 4030; baseline 0.002 -24"><span class='ocrx_word' id='word_1_242' title='bbox 151 3946 270 4008; x_wconf 90' lang='lat' dir='ltr'>literati</span> <span class='ocrx_word' id='word_1_243' title='bbox 289 3945 433 4027; x_wconf 89' lang='lat' dir='ltr'>Serbych</span> <span class='ocrx_word' id='word_1_244' title='bbox 450 3945 536 4024; x_wconf 92' lang='lat' dir='ltr'>dicti,</span> <span class='ocrx_word' id='word_1_245' title='bbox 554 3947 665 4009; x_wconf 91' lang='lat' dir='ltr'>taliter.</span> <span class='ocrx_word' id='word_1_246' title='bbox 675 3947 768 4008; x_wconf 91' lang='lat' dir='ltr'>scribi</span> <span class='ocrx_word' id='word_1_247' title='bbox 793 3945 928 4025; x_wconf 87' lang='lat' dir='ltr'>lecisset,</span> <span class='ocrx_word' id='word_1_248' title='bbox 947 3960 980 4008; x_wconf 95' lang='lat' dir='ltr'>ut</span> <span class='ocrx_word' id='word_1_249' title='bbox 999 3948 1118 4008; x_wconf 90' lang='lat' dir='ltr'>eisdem</span> <span class='ocrx_word' id='word_1_250' title='bbox 1138 3948 1295 4010; x_wconf 80' lang='lat' dir='ltr'>debitoris</span> <span class='ocrx_word' id='word_1_251' title='bbox 1313 3949 1420 4030; x_wconf 90' lang='lat' dir='ltr'>pueris</span> 
     </span>
     <span class='ocr_line' id='line_1_30' title="bbox 152 4051 1417 4136; baseline 0.002 -23"><span class='ocrx_word' id='word_1_252' title='bbox 152 4053 228 4114; x_wconf 92' lang='lat' dir='ltr'>dicti</span> <span class='ocrx_word' id='word_1_253' title='bbox 257 4051 391 4133; x_wconf 90' lang='lat' dir='ltr'>Georgii</span> <span class='ocrx_word' id='word_1_254' title='bbox 416 4053 558 4136; x_wconf 86' lang='lat' dir='ltr'>Serbych</span> <span class='ocrx_word' id='word_1_255' title='bbox 575 4053 782 4135; x_wconf 86' lang='lat' dir='ltr'>obligaretur,</span> <span class='ocrx_word' id='word_1_256' title='bbox 807 4067 902 4136; x_wconf 91' lang='lat' dir='ltr'>prout</span> <span class='ocrx_word' id='word_1_257' title='bbox 927 4067 956 4114; x_wconf 92' lang='lat' dir='ltr'>et</span> <span class='ocrx_word' id='word_1_258' title='bbox 973 4055 1127 4136; x_wconf 92' lang='lat' dir='ltr'>persoluti</span> <span class='ocrx_word' id='word_1_259' title='bbox 1153 4069 1226 4116; x_wconf 92' lang='lat' dir='ltr'>sunt</span> <span class='ocrx_word' id='word_1_260' title='bbox 1250 4075 1305 4136; x_wconf 91' lang='lat' dir='ltr'>per</span> <span class='ocrx_word' id='word_1_261' title='bbox 1330 4075 1417 4118; x_wconf 89' lang='lat' dir='ltr'>corn·</span> 
     </span>
     <span class='ocr_line' id='line_1_31' title="bbox 154 4158 1419 4243; baseline 0.002 -23"><span class='ocrx_word' id='word_1_262' title='bbox 154 4159 318 4220; x_wconf 89' lang='lat' dir='ltr'>missarios</span> <span class='ocrx_word' id='word_1_263' title='bbox 343 4158 419 4220; x_wconf 85' lang='lat' dir='ltr'>dicti</span> <span class='ocrx_word' id='word_1_264' title='bbox 443 4160 623 4221; x_wconf 88' lang='lat' dir='ltr'>testamenti</span> <span class='ocrx_word' id='word_1_265' title='bbox 641 4159 740 4242; x_wconf 91' lang='lat' dir='ltr'>ipsius</span> <span class='ocrx_word' id='word_1_266' title='bbox 764 4160 938 4239; x_wconf 91' lang='lat' dir='ltr'>Dominici,</span> <span class='ocrx_word' id='word_1_267' title='bbox 956 4160 1094 4242; x_wconf 91' lang='lat' dir='ltr'>ideoque</span> <span class='ocrx_word' id='word_1_268' title='bbox 1112 4161 1265 4243; x_wconf 92' lang='lat' dir='ltr'>providus</span> <span class='ocrx_word' id='word_1_269' title='bbox 1290 4163 1337 4222; x_wconf 92' lang='lat' dir='ltr'>vir</span> <span class='ocrx_word' id='word_1_270' title='bbox 1353 4167 1419 4222; x_wconf 88' lang='lat' dir='ltr'>An-</span> 
     </span>
     <span class='ocr_line' id='line_1_32' title="bbox 157 4264 1419 4350; baseline 0.003 -25"><span class='ocrx_word' id='word_1_271' title='bbox 157 4265 250 4325; x_wconf 90' lang='lat' dir='ltr'>dreas</span> <span class='ocrx_word' id='word_1_272' title='bbox 279 4264 383 4326; x_wconf 88' lang='lat' dir='ltr'>dictus</span> <span class='ocrx_word' id='word_1_273' title='bbox 415 4265 622 4348; x_wconf 89' lang='lat' dir='ltr'>Ztepkowich</span> <span class='ocrx_word' id='word_1_274' title='bbox 654 4267 818 4327; x_wconf 90' lang='lat' dir='ltr'>residuum</span> <span class='ocrx_word' id='word_1_275' title='bbox 851 4267 1006 4328; x_wconf 89' lang='lat' dir='ltr'>dictarum</span> <span class='ocrx_word' id='word_1_276' title='bbox 1040 4269 1247 4348; x_wconf 90' lang='lat' dir='ltr'>pecuniarum</span> <span class='ocrx_word' id='word_1_277' title='bbox 1280 4267 1419 4350; x_wconf 88' lang='lat' dir='ltr'>predicte</span> 
     </span>
     <span class='ocr_line' id='line_1_33' title="bbox 154 4370 1420 4455; baseline 0.005 -25"><span class='ocrx_word' id='word_1_278' title='bbox 154 4370 271 4432; x_wconf 92' lang='lat' dir='ltr'>domus</span> <span class='ocrx_word' id='word_1_279' title='bbox 297 4371 396 4452; x_wconf 92' lang='lat' dir='ltr'>ipsius</span> <span class='ocrx_word' id='word_1_280' title='bbox 421 4370 552 4452; x_wconf 89' lang='lat' dir='ltr'>Georgii</span> <span class='ocrx_word' id='word_1_281' title='bbox 589 4372 715 4451; x_wconf 90' lang='lat' dir='ltr'>literati,</span> <span class='ocrx_word' id='word_1_282' title='bbox 748 4374 867 4454; x_wconf 91' lang='lat' dir='ltr'>quein</span> <span class='ocrx_word' id='word_1_283' title='bbox 900 4387 968 4435; x_wconf 93' lang='lat' dir='ltr'>toto</span> <span class='ocrx_word' id='word_1_284' title='bbox 994 4373 1128 4455; x_wconf 90' lang='lat' dir='ltr'>pecunie</span> <span class='ocrx_word' id='word_1_285' title='bbox 1154 4373 1283 4435; x_wconf 85' lang='lat' dir='ltr'>luerunt</span> <span class='ocrx_word' id='word_1_286' title='bbox 1307 4373 1420 4436; x_wconf 90' lang='lat' dir='ltr'>decern</span> 
     </span>
     <span class='ocr_line' id='line_1_34' title="bbox 155 4475 1420 4561; baseline 0.002 -22"><span class='ocrx_word' id='word_1_287' title='bbox 155 4475 238 4556; x_wconf 66' lang='lat' dir='ltr'>flor,</span> <span class='ocrx_word' id='word_1_288' title='bbox 262 4491 358 4559; x_wconf 90' lang='lat' dir='ltr'>prout</span> <span class='ocrx_word' id='word_1_289' title='bbox 383 4477 517 4559; x_wconf 90' lang='lat' dir='ltr'>ipsemet</span> <span class='ocrx_word' id='word_1_290' title='bbox 540 4478 686 4540; x_wconf 88' lang='lat' dir='ltr'>Andreas</span> <span class='ocrx_word' id='word_1_291' title='bbox 717 4480 845 4561; x_wconf 92' lang='lat' dir='ltr'>publice</span> <span class='ocrx_word' id='word_1_292' title='bbox 878 4479 1007 4540; x_wconf 89' lang='lat' dir='ltr'>insede</span> <span class='ocrx_word' id='word_1_293' title='bbox 1041 4479 1206 4560; x_wconf 84' lang='lat' dir='ltr'>judiciaria</span> <span class='ocrx_word' id='word_1_294' title='bbox 1239 4478 1338 4542; x_wconf 89' lang='lat' dir='ltr'>fassus</span> <span class='ocrx_word' id='word_1_295' title='bbox 1364 4495 1420 4560; x_wconf 91' lang='lat' dir='ltr'>est,</span> 
     </span>
     <span class='ocr_line' id='line_1_35' title="bbox 160 4583 1420 4667; baseline 0.004 -24"><span class='ocrx_word' id='word_1_296' title='bbox 160 4583 256 4644; x_wconf 92' lang='lat' dir='ltr'>debet</span> <span class='ocrx_word' id='word_1_297' title='bbox 288 4583 470 4664; x_wconf 88' lang='lat' dir='ltr'>persolvere</span> <span class='ocrx_word' id='word_1_298' title='bbox 502 4604 604 4666; x_wconf 91' lang='lat' dir='ltr'>usque</span> <span class='ocrx_word' id='word_1_299' title='bbox 636 4585 815 4666; x_wconf 87' lang='lat' dir='ltr'>quindenas</span> <span class='ocrx_word' id='word_1_300' title='bbox 846 4586 1001 4667; x_wconf 89' lang='lat' dir='ltr'>presentis</span> <span class='ocrx_word' id='word_1_301' title='bbox 1035 4585 1112 4648; x_wconf 89' lang='lat' dir='ltr'>ferie</span> <span class='ocrx_word' id='word_1_302' title='bbox 1141 4601 1226 4648; x_wconf 88' lang='lat' dir='ltr'>sexte</span> <span class='ocrx_word' id='word_1_303' title='bbox 1260 4588 1420 4649; x_wconf 90' lang='lat' dir='ltr'>annotatis</span> 
     </span>
     <span class='ocr_line' id='line_1_36' title="bbox 156 4689 1063 4774; baseline 0.004 -24"><span class='ocrx_word' id='word_1_304' title='bbox 156 4690 260 4770; x_wconf 91' lang='lat' dir='ltr'>pueris</span> <span class='ocrx_word' id='word_1_305' title='bbox 285 4689 418 4771; x_wconf 85' lang='lat' dir='ltr'>predicti</span> <span class='ocrx_word' id='word_1_306' title='bbox 444 4689 576 4772; x_wconf 87' lang='lat' dir='ltr'>Georgii</span> <span class='ocrx_word' id='word_1_307' title='bbox 600 4691 717 4754; x_wconf 90' lang='lat' dir='ltr'>literati</span> <span class='ocrx_word' id='word_1_308' title='bbox 743 4691 884 4774; x_wconf 90' lang='lat' dir='ltr'>Serbych</span> <span class='ocrx_word' id='word_1_309' title='bbox 909 4691 1063 4754; x_wconf 90' lang='lat' dir='ltr'>effective.</span> 
     </span>
    </p>
   </div>
   <div class='ocr_carea' id='block_1_7' title="bbox 160 4793 1421 5112">
    <p class='ocr_par' dir='ltr' id='par_1_7' title="bbox 160 4793 1421 5112">
     <span class='ocr_line' id='line_1_37' title="bbox 264 4793 1421 4896; baseline 0.006 -21"><span class='ocrx_word' id='word_1_310' title='bbox 264 4813 342 4875; x_wconf 90' lang='lat' dir='ltr'>ltem</span> <span class='ocrx_word' id='word_1_311' title='bbox 367 4813 461 4896; x_wconf 89' lang='lat' dir='ltr'>jurati</span> <span class='ocrx_word' id='word_1_312' title='bbox 491 4793 765 4896; x_wconf 80' lang='lat' dir='ltr'>adjudicaverunt,</span> <span class='ocrx_word' id='word_1_313' title='bbox 797 4831 831 4877; x_wconf 90' lang='lat' dir='ltr'>ut</span> <span class='ocrx_word' id='word_1_314' title='bbox 864 4809 1005 4878; x_wconf 76' lang='lat' dir='ltr'>Francza</span> <span class='ocrx_word' id='word_1_315' title='bbox 1038 4817 1170 4878; x_wconf 86' lang='lat' dir='ltr'>claudus</span> <span class='ocrx_word' id='word_1_316' title='bbox 1202 4818 1290 4879; x_wconf 90' lang='lat' dir='ltr'>solus</span> <span class='ocrx_word' id='word_1_317' title='bbox 1324 4818 1421 4881; x_wconf 90' lang='lat' dir='ltr'>debet</span> 
     </span>
     <span class='ocr_line' id='line_1_38' title="bbox 163 4917 1421 5006; baseline 0.006 -28"><span class='ocrx_word' id='word_1_318' title='bbox 163 4917 263 4997; x_wconf 85' lang='lat' dir='ltr'>jurare</span> <span class='ocrx_word' id='word_1_319' title='bbox 289 4934 402 4981; x_wconf 91' lang='lat' dir='ltr'>octavo</span> <span class='ocrx_word' id='word_1_320' title='bbox 427 4921 479 4982; x_wconf 90' lang='lat' dir='ltr'>die</span> <span class='ocrx_word' id='word_1_321' title='bbox 503 4941 598 5005; x_wconf 89' lang='lat' dir='ltr'>super</span> <span class='ocrx_word' id='word_1_322' title='bbox 622 4941 709 4983; x_wconf 89' lang='lat' dir='ltr'>aram</span> <span class='ocrx_word' id='word_1_323' title='bbox 742 4935 850 4983; x_wconf 89' lang='lat' dir='ltr'>contra</span> <span class='ocrx_word' id='word_1_324' title='bbox 877 4922 1053 5004; x_wconf 89' lang='lat' dir='ltr'>Georgium</span> <span class='ocrx_word' id='word_1_325' title='bbox 1079 4924 1227 5006; x_wconf 82' lang='lat' dir='ltr'>Aythych</span> <span class='ocrx_word' id='word_1_326' title='bbox 1250 4944 1345 5004; x_wconf 91' lang='lat' dir='ltr'>super</span> <span class='ocrx_word' id='word_1_327' title='bbox 1370 4945 1421 5003; x_wconf 87' lang='lat' dir='ltr'>eo,</span> 
     </span>
     <span class='ocr_line' id='line_1_39' title="bbox 160 5027 1419 5112; baseline 0.005 -26"><span class='ocrx_word' id='word_1_328' title='bbox 160 5039 191 5087; x_wconf 94' lang='lat' dir='ltr'>ut</span> <span class='ocrx_word' id='word_1_329' title='bbox 215 5027 282 5109; x_wconf 90' lang='lat' dir='ltr'>ipse</span> <span class='ocrx_word' id='word_1_330' title='bbox 307 5041 433 5089; x_wconf 90' lang='lat' dir='ltr'>catenas</span> <span class='ocrx_word' id='word_1_331' title='bbox 465 5028 642 5090; x_wconf 89' lang='lat' dir='ltr'>hostiorum</span> <span class='ocrx_word' id='word_1_332' title='bbox 674 5029 790 5090; x_wconf 90' lang='lat' dir='ltr'>domus</span> <span class='ocrx_word' id='word_1_333' title='bbox 824 5029 955 5111; x_wconf 90' lang='lat' dir='ltr'>predicti</span> <span class='ocrx_word' id='word_1_334' title='bbox 987 5029 1119 5111; x_wconf 87' lang='lat' dir='ltr'>Georgii</span> <span class='ocrx_word' id='word_1_335' title='bbox 1151 5050 1246 5112; x_wconf 88' lang='lat' dir='ltr'>super</span> <span class='ocrx_word' id='word_1_336' title='bbox 1280 5031 1419 5093; x_wconf 88' lang='lat' dir='ltr'>eundem</span> 
     </span>
    </p>
   </div>
   <div class='ocr_carea' id='block_1_8' title="bbox 1313 5133 1326 5160">
    <p class='ocr_par' dir='ltr' id='par_1_8' title="bbox 1313 5133 1326 5160">
     <span class='ocr_line' id='line_1_40' title="bbox 1313 5133 1326 5160; baseline 0 0"><span class='ocrx_word' id='word_1_337' title='bbox 1313 5133 1326 5160; x_wconf 60' lang='lat' dir='ltr'>U</span> 
     </span>
    </p>
   </div>
   <div class='ocr_carea' id='block_1_9' title="bbox 0 0 1859 5800">
    <p class='ocr_par' dir='ltr' id='par_1_9' title="bbox 0 0 1859 5800">
     <span class='ocr_line' id='line_1_41' title="bbox 0 0 1859 5800; baseline 0 0"><span class='ocrx_word' id='word_1_338' title='bbox 0 0 1859 5800; x_wconf 95' lang='lat' dir='ltr'> </span> 
     </span>
    </p>
   </div>
  </div>
 </body>
</html>
